2392 4170
129 248 193 322 122
402 239 721 327 sparnacensem
733 254 844 311 nunes

132 418 180 475 tus
202 410 330 473 seclusis
350 415 526 493 protestans
539 410 661 490 aliaque
673 410 800 486 iaciens,
822 416 915 493 prout
935 408 1058 487 indicta

139 492 1058 641 tttlltt13l⁸{tlt}“lttl⁶lt¹⁸.,ttttltltl‘ffl‘

220 662 295 724 Cum
320 662 537 743 appellationis
550 596 717 723 remellium
740 663 771 722 in
787 661 955 724 subsidium
972 670 1005 725 et
1019 682 1060 724 re·

135 747 278 808 levamen
303 765 520 827 oppressorum
544 764 563 806 a
583 747 692 806 inrium
722 744 931 806 conditoribus
959 748 1000 809 sit
1019 748 1058 808 in·

135 836 271 909 ventum,
294 836 324 890 et
346 849 407 890 non
430 829 529 891 solnm
554 828 592 889 ab
607 829 711 907 illatis,
735 830 945 891 verumetiam
968 829 1008 891 ab
1019 830 1058 893 in·

134 913 268 976 ferendis
289 919 320 975 st
335 911 437 975 ialerri
459 913 653 974 comminatis
683 913 911 993 gravaminibus
934 918 966 975 ct
986 914 1056 975 iniu-

136 998 188 1059 riis
210 997 289 1072 iura}
306 996 464 1077 appellare
475 997 661 1077 permittant,
684 995 763 1057 adeo
785 996 867 1076 quod
882 996 1010 1060 interior
1021 996 1056 1059 de

133 1099 196 1142 non
228 1080 267 1141 cb
306 1080 491 1161 appellando
520 1079 559 1141 ad
598 1081 786 1160 superiorem
819 1086 956 1142 statuero
995 1098 1055 1143 nen

133 1164 231 1245 possit
267 1171 298 1226 at
326 1176 435 1225 manus
477 1164 667 1245 superiorum
705 1163 861 1224 claudere:
894 1163 950 1225 sed
986 1176 1054 1225 aum

133 1248 207 1309 satis
228 1248 268 1308 sit
289 1248 319 1307 in
341 1247 492 1327 professo,
516 1253 748 1308 sacrosanctum
763 1247 980 1309 conciliantia
1001 1247 1055 1328 spi·

131 1332 189 1392 ritu
212 1338 319 1392 sancto
344 1330 479 1410 legitime
489 1336 720 1411 congregatum,
742 1337 881 1392 sanctam
894 1330 1053 1393 ecclesiam

132 1414 315 1476 catholicam
351 1420 595 1494 repraesentans,
627 1414 717 1474 sitin
742 1415 845 1475 causis
867 1414 960 1477 fldem
984 1432 1051 1476 oon·

132 1497 326 1559 cernentibus
351 1493 715 1578 saprapapam,'evenit
735 1496 819 1576 quod
840 1517 899 1559 nec
920 1498 1052 1578 papatu

131 1582 235 1643 musis
254 1580 439 1656 huiusmodi,
459 1599 500 1641 nc
523 1579 563 1640 ab
585 1599 624 1643 co
637 1579 675 1642 ad
690 1581 853 1643 concilium
875 1580 1054 1661 appelletur,

131 1671 265 1726 statuere
286 1664 386 1744 possit
405 1670 553 1743 tanquam
575 1663 605 1725 id
628 1683 735 1744 agens,
758 1663 842 1743 quod
864 1663 902 1725 ad
921 1664 1051 1725 officiam

131 1766 219 1809 sunm
243 1767 305 1809 non
327 1753 450 1827 spectat
470 1747 533 1809 ullo
556 1746 668 1825 mod03
687 1747 786 1827 sitque
799 1746 969 1829 appellatio
989 1748 1053 1827 ipsa

132 1830 270 1893 defensio
293 1831 456 1910 quaedam,
477 1844 559 1909 quac
580 1831 646 1893 iure
667 1829 781 1907 divino,
802 1831 935 1892 naturali
952 1836 985 1891 at
1004 1830 1053 1893 ba·

132 1926 224 1976 mano
252 1915 364 1994 cuique
385 1915 544 1993 competit,
565 1932 668 1993 neque
689 1915 923 1994 perprincipem
945 1913 1053 1975 autent

131 1998 249 2078 possit:
279 1997 394 2058 idcirco
423 2010 483 2076 ago
510 1997 604 2057 frater
624 1997 771 2057 Martinus
801 1997 915 2058 Lutber
941 1996 1052 2059 ordinis

132 2081 336 2142 Eremitarum
349 2081 447 2140 muco
459 2080 622 2160 Augustini
633 2079 932 2161 Wittembergeusls,
947 2088 1052 2143 asma

131 2163 309 2243 theologiae
321 2163 466 2243 Magister
483 2163 637 2244 indignus,
650 2163 848 2243 eiusdemque
859 2163 973 2225 ibidem
985 2163 1052 2225 bae·

133 2254 182 2308 tor
203 2246 374 2307 ordinarius
392 2247 578 2327 principalia,
601 2247 807 2327 principaliter
819 2253 916 2328 etpro
929 2248 1053 2328 meipso

132 2349 238 2392 coram
266 2329 354 2391 vobis
375 2329 505 2390 Notaric
533 2329 656 2410 publico
665 2379 674 2410 ,
702 2337 849 2408 tanquam
877 2329 1003 2409 publica
1024 2335 1083 2391 st·

132 2412 308 2474 authentica
329 2431 473 2492 persona,
495 2430 532 2473 sc
544 2412 671 2474 testibus
686 2414 738 2474 hic
749 2412 972 2492 praesentibus,
994 2412 1053 2475 sni·

133 2515 185 2557 mo
208 2504 238 2557 et
258 2497 429 2557 intentione
449 2496 640 2576 provocandi
661 2502 693 2558 et
712 2495 905 2576 appellandi,
936 2501 1053 2577 aposto

133 2579 244 2659 losqoe
265 2579 390 2660 petendi
412 2585 444 2640 et
464 2579 653 2661 accipiendi,
680 2580 851 2660 praemissa
878 2586 981 2641 tamer
1000 2596 1053 2639 ex·

134 2682 243 2744 pressa
272 2663 333 2724 bac
353 2669 384 2723 at
412 2662 532 2723 solenni
563 2664 802 2743 protestatione,
838 2662 923 2741 quod
953 2666 1054 2723 oentm

136 2766 229 2807 unam
260 2752 399 2807 sanctam
429 2752 460 2806 st
496 2746 679 2807 catholicam
710 2752 741 2807 et
771 2746 976 2825 apostolicam
1006 2762 1053 2805 ec

135 2829 283 2905 alesiam,
311 2848 403 2908 quam
430 2829 524 2890 totius
556 2828 639 2890 orbis
665 2847 735 2889 esse
755 2830 933 2908 magistram
956 2825 1054 2889 stob-

136 2913 235 2973 tinere
246 2914 449 2992 principatum
465 2930 526 2973 non
541 2910 675 2991 ambigo,
693 2917 881 2988 sanctaeque
893 2911 1053 2991 sedtapo

141 2995 271 3057 stolicac
292 2996 523 3072 auctoritatem,
544 3014 582 3056 ac
604 2996 788 3056 sanctissimi
819 2995 935 3057 domini
958 2994 1053 3055 nostri

136 3078 240 3159 Papae
262 3077 341 3139 bene
363 3078 494 3139 consulti
506 3084 691 3157 potestatem
713 3079 788 3139 nihil
805 3076 1053 3141 diceraiuerdo:

139 3162 164 3221 ai
187 3160 259 3240 quid
282 3168 383 3221 sutem
407 3181 446 3222 ex
469 3161 586 3222 lubrico
609 3162 857 3241 forsaulinguae,
878 3181 932 3222 seu
948 3158 1053 3220 adver·

139 3244 291 3305 sariorum
314 3246 416 3324 potins
438 3245 627 3305 irritamento
650 3246 749 3306 minus
772 3251 870 3318 recte,
893 3252 994 3304 etnon
1016 3260 1054 3303 ea

138 3345 200 3406 qna
211 3325 323 3389 debeat
334 3329 507 3389 reverentis
519 3327 631 3389 dictum
646 3327 749 3403 fuerit,
770 3328 975 3408 paratissimas
986 3344 1052 3386 sum

138 3409 212 3471 illud
237 3409 412 3488 emendare,
433 3410 646 3490 sedquoniam
668 3412 694 3472 is
714 3411 765 3490 qui
778 3411 877 3472 vicem
891 3408 932 3470 dri
953 3409 1053 3469 intor-

137 3493 179 3553 ris
202 3494 290 3574 gerit,
312 3512 402 3573 quam
425 3493 541 3573 Papam
564 3493 702 3569 dicimus,
724 3512 793 3555 cnm
808 3495 848 3553 sit
865 3493 951 3554 hona
972 3491 1053 3553 sini·

139 3576 177 3637 lis
199 3576 288 3639 nobis
311 3594 352 3636 ex
372 3576 547 3638 hominibus
568 3583 739 3651 assumtus,
769 3582 801 3638 et
825 3577 893 3657 ipsa
907 3574 960 3653 (at
981 3590 1053 3655 apo·

138 3659 237 3721 stolus
259 3659 350 3731 dicit)
375 3659 580 3721 circumdatus
597 3660 786 3739 infirmitate,
815 3664 917 3740 potere
940 3670 1053 3738 errare,

137 3760 278 3824 paccare,
300 3743 431 3821 mentiri,
452 3762 550 3807 vanus
561 3743 638 3826 deri,
660 3762 719 3807 nec
738 3743 777 3806 sit
787 3750 928 3828 exceptas
946 3734 1053 3805 abssla

149 3866 174 3927 N
