2392 4170
297 266 409 323 Rullum
429 267 512 323 Loco.
529 267 565 323 X,
585 267 708 325 demost
727 286 752 324 s.
774 270 853 345 toto.
980 272 1043 340 181

78 430 83 467 '²
141 427 218 483 sotem
241 441 360 503 secero,
383 429 415 484 et
434 423 535 505 ipsum
546 421 577 502 ¹)
607 443 648 485 ex
669 425 923 505 praecedentibus
945 428 1042 491 iotsro

77 510 86 587 ,¹
138 505 280 587 sprobo.
332 505 409 569 Gom
439 507 520 568 enim
550 506 703 569 lohannes
731 510 891 589 spostolus
902 509 939 586 ¹i)
970 532 1043 574 vers

78 594 89 635 t
138 588 212 651 ons:
233 590 340 653 Timor
362 609 497 672 poenum
519 590 622 673 hebet,
643 599 674 651 et
697 591 836 653 timorem
859 612 922 655 uon
941 595 1044 677 expel-

136 668 173 750 ist
189 673 245 733 uisi
266 674 404 757 perfecte
426 674 550 754 osritos,
573 683 605 734 ut
625 673 708 735 idem
731 674 814 755 dicit,
836 676 951 739 olorum
966 677 1043 740 orbi·

133 758 180 817 tror
196 756 268 834 irinc
288 756 372 838 fleri,
399 758 540 819 timorem
563 776 632 818 esse
653 758 684 817 io
705 758 884 838 imperfecto
906 761 1044 839 coritsts,

77 846 88 885 t
134 855 194 919 oue
213 860 283 901 euru
307 841 464 923 expellere
486 841 600 920 nequit.
642 840 711 902 Hoc
732 848 835 903 sutem
860 842 965 903 vitium
989 862 1042 905 cs·

77 930 90 969 t
134 920 208 985 itstis
233 921 337 1067 psicut
364 922 554 1006 Augustinus
581 922 736 1007 sppeltot)
777 923 850 1004 quid
879 932 925 986 est
959 925 1041 987 eliud

135 1022 204 1085 qum
244 1024 334 1071 omes
361 1015 393 1069 et
422 1006 577 1070 residuum
608 1006 767 1088 originalis
795 1008 931 1088 peccati,
958 1008 1041 1089 quod

134 1086 266 1152 homiuem
289 1092 422 1174 privavit
444 1112 463 1152 s
483 1099 582 1165 recto,
613 1109 722 1152 securo
749 1097 779 1151 et
809 1090 946 1173 perfectu
967 1092 1042 1152 ceri·

133 1172 402 1252 concoenare
425 1192 529 1234 verum
552 1184 613 1253 est,
643 1172 852 1255 imperfectum
882 1173 1041 1236 ceritatem

131 1254 331 1337 inpedimento
344 1277 413 1320 esse
433 1257 472 1318 od
487 1258 641 1319 introitum
663 1257 750 1337 regui
772 1262 898 1338 propter
924 1256 1041 1335 vitium,

132 1354 179 1419 oso
196 1340 377 1421 imperfecto
398 1347 453 1405 est.
488 1339 529 1402 Et
540 1342 605 1401 scio
618 1339 812 1401 adversarios
827 1338 901 1400 nihil
917 1338 1043 1418 hebere,

132 1421 197 1501 {sod
217 1431 326 1487 contro
355 1424 474 1500 dicunt5
503 1424 560 1484 nisi
589 1441 661 1484 sues
692 1422 855 1503 opiniones
886 1422 952 1483 siue
980 1420 1042 1482 ulls

131 1506 275 1569 autoritate
297 1506 480 1590 Scriptnrse.

102 1596 106 1601 “
195 1586 269 1666 Quis
292 1610 366 1672 crgo
387 1591 448 1652 ium
472 1599 579 1670 neget,
608 1590 749 1650 timorem
782 1588 873 1648 istum
905 1605 1039 1669 poenam
1130 1616 1134 1621 ·

76 1704 80 1715 ·
132 1669 275 1735 hbootem
300 1693 394 1756 posse
416 1693 487 1735 vere
508 1673 719 1754 purgstorium
744 1690 811 1732 esse
832 1671 950 1751 solum,
972 1688 1040 1731 cum

132 1772 179 1815 ooo
199 1756 238 1818 sit
258 1759 356 1819 maior
377 1776 478 1840 pocus
500 1757 623 1837 spiritus
646 1755 761 1827 nostri,
790 1773 881 1834 quom
909 1752 983 1834 iugo
1012 1758 1042 1813 et

132 1839 233 1985 ppror?
253 1842 310 1903 uisi
333 1841 400 1921 quis
423 1846 530 1903 contro
552 1840 689 1900 omniurn
712 1856 835 1898 sensnm
858 1855 969 1917 supere
992 1855 1042 1896 ve·

140 1918 146 1933 '
198 1922 237 1985 ut
272 1923 430 2005 Scriptum
462 1923 567 2005 poncio
601 1922 677 1983 locis
703 1923 823 2003 ignem,
859 1919 1040 2000 frequentis-

134 2002 193 2067 simo
221 2016 323 2069 sutem
360 2024 508 2089 povorem
543 2004 648 2066 tribuit
680 2004 831 2066 damnetis
864 2011 894 2065 et
928 2002 1040 2084 impiis,

135 2086 287 2155 rtPsslm.
317 2092 352 2155 2:
395 2090 482 2151 Tunc
514 2088 657 2168 loquetur
688 2087 726 2149 od
761 2107 815 2149 eos
842 2088 873 2148 iu
902 2086 947 2147 irs
975 2104 1041 2165 sue,

136 2170 199 2231 otio
214 2172 315 2235 furore
329 2193 386 2235 suo
409 2171 603 2234 conturbabit
626 2189 690 2232 eos.
722 2171 762 2232 nt
785 2189 892 2232 omues
910 2169 1042 2231 intentur

138 2249 225 2317 tioium
245 2257 354 2319 indicis
377 2257 486 2319 Christi
510 2255 616 2317 fortius
639 2256 786 2316 tortorem
804 2254 926 2334 impios,
949 2271 1041 2331 quem

88 2378 91 2385 ·
141 2332 215 2413 bam
243 2342 345 2421 iguem
374 2340 492 2402 interni.
540 2335 603 2398 Ism
633 2356 702 2398 cum
728 2338 851 2419 ipsimet
879 2336 1042 2410 fatemur,

75 2454 88 2501 ‘r
144 2418 231 2483 nicos
253 2442 316 2485 non
339 2423 378 2485 ob
401 2425 490 2504 igne,
519 2420 573 2482 sed
604 2420 634 2479 in
656 2422 728 2501 igne
751 2421 832 2501 poti,
854 2438 946 2499 quom
968 2436 1041 2499 poo-

75 2508 87 2555 t'
148 2504 297 2568 *tuliano
320 2524 453 2587 poenum
477 2503 551 2565 dore
583 2522 674 2582 quom
697 2504 800 2584 iugum
815 2508 845 2564 et
859 2500 1041 2565 horrorem?

75 2594 90 2663 i
147 2577 186 2645 iti
201 2607 306 2651 oecurc
329 2590 388 2671 ipsi
410 2590 455 2649 sio
476 2588 641 2667 opinentur
662 2586 700 2648 de
721 2586 828 2663 rebus,
852 2605 946 2666 qnare
967 2582 1042 2646 nihil

75 2666 92 2759 [ξ
147 2683 249 2751 *mom
278 2679 480 2754 gustaverunt
502 2676 532 2731 et
554 2676 784 2751 cognoverunt,
805 2669 876 2731 ideo
899 2677 1041 2750 prompte

75 2758 92 2819 b
144 2745 262 2818 &mosot
284 2755 392 2818 aliens.
437 2755 505 2836 Ego
533 2761 634 2815 sutem
664 2756 745 2816 nitor
773 2753 821 2814 vel
850 2753 901 2813 uni
930 2752 1041 2813 sutori-

86 2822 95 2927 ξ
143 2834 349 2924 totilohsnnie,
385 2840 436 2919 qui
466 2837 567 2900 timori
594 2855 727 2919 poenam
758 2843 788 2897 et
815 2837 955 2897 timorem
988 2833 1042 2896 dot

89 2930 96 2997 Ἰ
144 2921 311 3001 topertectss
333 2923 467 2994 ceritati,
497 2921 522 2980 si
545 2926 662 2981 tontum
685 2920 795 3000 stipsi
817 2938 873 3002 pro
896 2938 953 2979 suo
973 2937 1042 2979 seu·

91 3064 95 3093 r
147 3003 213 3062 tutis
232 3005 416 3067 adduxerint
437 3002 667 3085 scriptum),
696 3010 820 3085 perotus
849 3021 902 3064 ero
924 3001 1040 3064 doceri.

75 3202 101 3357 Ἳ
491 3203 670 3279 Quintus:

74 3302 99 3449 f!
188 3328 252 3392 Tres
274 3352 343 3394 esse
365 3338 467 3415 portes
482 3331 698 3411 poenitentioe,
721 3332 945 3411 contritionem,
968 3350 1038 3395 cou-

74 3452 101 3554 ,ἶ
187 3410 356 3513 fossionem,
399 3414 653 3492 satisfactionem,
694 3434 756 3476 noo
796 3421 844 3475 est
879 3416 1037 3478 fundatum

74 3576 450 3635 c¹*-—-—-

74 3676 89 3803 ξ
183 3696 207 3797 1)
225 3699 253 3753 [o
273 3701 315 3756 ed.
334 3704 418 3830 orip:
439 3704 537 3771 ipsam.
567 3703 600 3769 2)
621 3703 652 3757 Iu
671 3704 714 3759 sd.
734 3702 811 3759 Jen.:
830 3706 997 3779 Scripturse.

198 3772 247 3834 it.
264 3771 361 3833 lohsn.
398 3813 405 3830 .
