2392 4170
442 273 524 336 Doot.
543 277 624 335 ttart
643 275 724 333 Lntb.
986 269 1049 338 443

132 467 194 531 mo,
215 448 276 513 lam
298 457 361 512 tum
382 450 571 532 incipiebant
591 449 677 529 leges
700 447 834 509 condere
857 452 887 507 et
907 447 954 507 ins
973 445 1055 508 istud

132 532 189 595 sibi
212 534 385 599 vendicare.
428 535 529 615 Atque
556 531 594 594 ab
622 551 659 593 eo
682 538 821 613 tempore
842 529 991 591 hactenus
1012 531 1055 590 in·
1155 584 1164 593 .

133 620 235 698 valuit,
258 625 291 679 ut
312 618 385 681 nibil
407 618 559 699 receptius
576 617 624 694 sit,
648 613 834 690 uecfirmius
855 613 969 693 aliquid
982 612 1058 673 mul·

133 702 261 763 titudine
271 699 301 786 ¹)
329 701 487 765 hominum
515 707 546 762 et
577 697 772 760 diuturnitate
802 695 925 779 probari
948 697 1056 777 possit,

133 805 223 868 quam
246 786 306 847 boc
327 787 390 863 ins,
423 783 503 846 adeo
539 789 573 844 ut
604 800 695 844 nemo
719 780 749 842 id
773 799 833 842 non
857 786 944 860 putet
964 778 1056 841 hodie

132 889 251 949 sanum,
274 877 389 931 rectum
412 887 449 929 ac
471 868 611 939 divinum,
630 880 706 929 esse.
750 866 790 924 At
813 864 862 923 bic
884 860 986 939 vides,
1009 882 1055 922 sa-

133 955 293 1035 crilegium
316 953 544 1034 etimpietatem
568 968 637 1014 esse
651 949 797 1012 adversus
811 944 1056 1008 evidentissimas

135 1044 166 1099 et
186 1037 316 1100 invictas
338 1036 509 1117 Scripturas
531 1033 597 1098 Dei.

216 1119 328 1200 Quare,
352 1123 375 1181 si
400 1125 500 1181 tantus
524 1135 607 1180 error
629 1125 659 1178 et
682 1115 948 1195 talesacrilegium
972 1118 1057 1173 tanta

137 1204 325 1284 longitudine
347 1205 505 1286 temporis,
527 1208 592 1263 tota
615 1198 806 1260 multitudiue
828 1198 985 1258 bominum
1008 1195 1057 1256 vel

119 1289 360 1366 consentiente,
391 1286 439 1348 vel
471 1285 613 1361 seducta,
645 1281 695 1344 vel
716 1279 883 1364 probante,
919 1279 1058 1360 regnavit

134 1370 280 1434 adversus
313 1371 472 1432 veritatem
494 1369 568 1449 Dei,
602 1367 697 1428 semel
730 1365 804 1426 volo
836 1365 887 1426 bic
917 1361 1057 1423 omnibus

134 1451 287 1537 Sophistis
325 1463 356 1516 et
384 1454 511 1536 Papistis
544 1451 678 1533 capitale
705 1468 810 1511 eorum
846 1451 1056 1527 argumentum

134 1537 173 1600 de
196 1538 386 1621 longitudine
417 1545 448 1600 et
480 1534 673 1598 multitudine
706 1532 744 1594 nd
777 1530 932 1612 pulverem
962 1543 1059 1608 usqua

135 1625 298 1684 contritum
331 1629 361 1683 et
382 1635 417 1684 cs
441 1613 643 1706 obstructum,
677 1623 710 1680 ut
730 1615 869 1699 videant,
902 1633 955 1676 cnr
976 1613 1058 1672 Deus

134 1703 211 1768 nolit
233 1725 290 1768 nos
313 1707 365 1768 ulli
384 1712 550 1784 creaturae,
569 1705 763 1786 quantumvis
775 1703 889 1786 longae
904 1706 934 1764 et
946 1695 1059 1768 multae

135 1797 166 1850 et
186 1810 327 1873 magnae,
352 1791 444 1869 credi,
466 1789 520 1851 sed
543 1791 602 1851 soli
625 1809 680 1851 suo
704 1788 856 1852 infallibili
878 1785 983 1855 verbo.

218 1876 372 1936 Habemus
394 1878 497 1955 itaque
519 1874 635 1955 absque
657 1874 740 1937 omui
764 1875 992 1953 controversia,
1012 1876 1059 1936 ius

136 1960 175 2021 de
198 1957 344 2021 doctrinis
369 1957 578 2042 cognoscendi
602 1964 632 2018 et
653 1955 817 2037 iudicandi,
841 1979 894 2029 seu
931 1956 1061 2020 robaudi

135 2063 204 2105 esse
227 2063 322 2124 penes
346 2062 413 2123 nos,
437 2061 499 2104 non
522 2061 618 2124 penes
641 2040 789 2123 Concilio,
811 1979 987 2118 Pontidces,
1007 2041 1061 2102 Pa·

135 2134 207 2205 tres,
230 2128 391 2194 Doctores,
436 2128 476 2188 At
508 2125 578 2188 binc
600 2145 662 2186 non
687 2126 839 2208 sequitur,
879 2144 947 2186 esse
970 2125 1060 2186 simul

135 2228 230 2288 penes
255 2228 311 2270 nos
333 2212 380 2270 ius
403 2208 556 2271 condendi
579 2208 680 2290 leges,
710 2228 781 2270 nam
803 2209 864 2270 hoo
885 2209 981 2271 solius
1003 2208 1060 2269 Dei

137 2297 194 2352 est.
236 2291 381 2353 Nostrum
404 2299 451 2354 est
472 2295 571 2372 legem
588 2294 753 2353 etverbum
772 2294 836 2355 eius
859 2311 1060 2374 cognoscere,

135 2373 275 2457 probare,
298 2374 432 2435 iudicare
455 2382 483 2435 et
505 2393 665 2436 secernere
699 2377 737 2436 ab
761 2376 902 2437 omnibus
925 2376 992 2437 aliis
1016 2375 1058 2436 le·

133 2457 239 2539 gibus,
272 2457 326 2518 sed
350 2476 541 2538 nequaquam
574 2456 708 2518 condere
730 2465 783 2519 aut
804 2459 961 2521 mandare.
1004 2459 1062 2520 Ne·

135 2561 193 2621 que
216 2543 297 2602 eninr
330 2543 466 2621 sequitur
497 2560 536 2602 ex
564 2539 658 2602 verbo
682 2540 861 2612 Christi*):
904 2542 1062 2605 Attendite

134 2645 154 2686 a
174 2624 257 2686 falsis
279 2624 448 2708 prophetis,
470 2644 503 2685 er
526 2643 544 2685 o
568 2630 761 2691 vestrumest
782 2624 978 2707 prophetare,
998 2621 1061 2687 imo

135 2715 167 2769 ut
189 2706 366 2792 Petrua”)
392 2708 449 2770 ait:
524 2726 656 2787 unquam
679 2707 837 2768 voluntate
858 2708 993 2769 bumana
1015 2713 1063 2769 est

136 2791 229 2853 allata
253 2792 414 2874 prophetia
441 2798 471 2852 et
492 2791 576 2851 nulla
597 2791 809 2871 interpretatio
832 2789 1007 2872 Scripturae
1029 2790 1064 2852 fit

136 2893 175 2934 ex
197 2877 345 2956 propriis,
379 2873 433 2935 sed
462 2873 665 2955 inspiratione
687 2872 816 2956 Spiritus
847 2876 945 2935 sancti
968 2874 1063 2936 locuti

132 2963 207 3018 sunt
228 2957 325 3019 sancti
348 2958 405 3019 Dei
426 2958 576 3020 homiues.
620 2955 668 3018 lta
699 2959 934 3038 consequitur:
978 2956 1061 3022 Oves

135 3059 224 3102 meae
246 3060 354 3103 vocem
378 3061 477 3102 meam
501 3040 636 3120 andiunt,
659 3059 732 3122 ergo
746 3059 820 3101 oves
835 3060 942 3102 vocem
962 3060 1061 3103 meam

136 3123 272 3186 condent
286 3124 336 3185 vel
348 3123 470 3203 facient,
493 3124 554 3185 imo
568 3126 754 3185 contrarium
768 3125 920 3204 seqnitur:
944 3123 1060 3186 Vocem

135 3227 236 3267 meam
259 3226 317 3288 ego
340 3207 452 3289 condo,
476 3226 550 3270 ores
572 3212 675 3268 autem
699 3207 854 3270 conditam
878 3215 1061 3290 agnoscunt,

135 3289 267 3372 probant
289 3297 320 3351 et
341 3297 517 3371 sequuntur.

218 3372 321 3449 Quare
353 3373 492 3435 ridemus
521 3374 585 3453 bio,
613 3392 720 3435 omues
742 3372 923 3453 Pontifices,
958 3376 1062 3437 omnio

136 3457 284 3536 Concilio,
308 3474 415 3517 omnes
428 3457 567 3536 scholas,
589 3458 640 3537 qui
653 3456 736 3519 abud
747 3459 779 3519 in
791 3459 924 3520 ecelesia
936 3465 1060 3540 sonant,

135 3559 228 3622 quam
251 3539 376 3601 verbum
394 3539 451 3602 Dei
474 3540 579 3619 solius,
601 3560 670 3603 esse
692 3541 796 3625 lupos,
819 3542 954 3606 Satanae
976 3543 1061 3604 mini·

207 3723 239 3794 1)
260 3721 344 3780 Ibide
379 3737 431 3778 nec
448 3718 555 3780 firmins
574 3723 693 3797 aliquid,
722 3724 797 3798 qnod
815 3724 990 3784 multitudine
1008 3730 1061 3784 etc.

136 3794 168 3865 *)
189 3793 285 3852 naon.
304 3797 329 3854 7.
368 3795 417 3867 ”)
438 3795 463 3853 2.
482 3788 557 3853 Psnt
576 3799 602 3854 1.
