2392 4170
138 258 200 324 352
354 262 509 330 Responsio
530 262 562 316 n.
581 263 616 317 ut
635 263 665 315 a.
684 263 721 315 au
738 263 839 316 tiaram

138 423 217 476 cata.
260 415 348 490 Quae
368 417 449 475 euim
472 416 551 475 ratic
574 416 721 476 naturalis
742 435 804 476 nou
829 416 945 486 videat,
967 433 1062 494 quan

138 499 231 558 stulta
251 507 283 558 et
303 499 398 577 impia
420 505 450 558 at
472 501 641 578 praecipiat
671 507 702 558 et
723 500 815 559 iaciat
837 519 920 580 papa
941 501 972 556 iu
995 497 1060 577 plu·

137 583 221 641 rimis
242 584 333 641 etiam
356 583 423 640 siue
444 584 526 640 omni
549 582 677 661 specie?
700 583 740 641 Et
760 583 838 642 haec
859 593 960 642 tamen
974 601 1061 661 prae-

137 666 306 743 valuerunt,
330 663 409 724 adeo
432 674 465 723 ut
475 667 586 724 trustra
598 667 624 724 ei
636 668 793 725 resisteret
813 668 956 724 universa
966 665 1063 724 Grae·

138 750 195 808 aia.
239 748 316 807 Nam
340 749 459 826 quoties
491 746 691 827 imperatores
720 767 843 828 quoque
865 749 1062 826 Germaniae,

138 833 258 911 quoties
280 831 330 889 alii
353 849 459 910 rages,
488 833 609 910 quoties
639 833 722 890 multi
753 834 908 911 episcopi,
938 831 1061 911 quoties

138 914 222 973 multi
246 914 317 973 boui
342 924 371 972 et
393 913 502 973 eruditi
526 915 578 974 viri
610 915 679 973 huic
702 924 839 974 monstro
862 913 1061 974 restiterunt?

137 997 198 1058 Sed
221 1015 328 1056 omnes
350 997 435 1072 victi,
460 999 599 1076 oppressi
622 1000 826 1077 exstinctique
847 1007 925 1058 sunt
971 997 1061 1056 Prae

137 1080 234 1140 valuit
256 1081 395 1158 operatio
418 1082 538 1142 erroris,
583 1080 671 1140 Unde
700 1088 817 1140 tantum
848 1081 907 1140 illis
936 1079 1062 1140 inflatus

137 1176 183 1223 est
206 1166 334 1237 animus,
357 1172 390 1222 ut
411 1182 518 1222 secure
539 1166 688 1223 lactarent
710 1164 902 1223 formidinem
917 1167 972 1242 sui,
996 1170 1061 1224 tau·

136 1266 226 1326 quam
250 1245 387 1307 Christus
407 1247 475 1326 ipse
497 1265 565 1306 cnm
589 1248 632 1305 eis
655 1248 816 1306 ecclesiam
847 1267 933 1306 snam
958 1248 1061 1306 deien-

136 1331 211 1390 deus
233 1339 377 1410 operatus
399 1331 496 1390 luerit.

217 1413 299 1473 Nota
321 1413 430 1491 loquor
450 1413 501 1490 iis,
524 1415 573 1491 qni
598 1413 739 1472 historias
764 1414 919 1492 legerunt,
942 1416 970 1471 in
995 1413 1060 1492 qui·

136 1497 190 1556 bus
213 1497 289 1556 haec
311 1504 373 1555 tam
398 1496 479 1554 clare
502 1495 655 1572 videntur,
685 1504 717 1555 nt
738 1497 873 1555 historici
896 1496 962 1556 Itali
985 1494 1059 1555 nibil

135 1599 195 1640 nou
219 1581 249 1638 iu
273 1578 394 1638 laudem
419 1577 574 1638 Pontificis
597 1578 727 1638 Romani
761 1580 968 1658 depravantes
995 1578 1059 1638 foe·

135 1662 321 1740 dissimeque
343 1661 502 1721 adulantes
540 1680 600 1720 nou
628 1669 729 1721 tamen
761 1662 862 1722 celare
895 1664 1060 1740 potuerint,

135 1746 213 1805 adeo
236 1747 302 1825 ipse
324 1754 412 1804 teuor
433 1764 532 1803 rerum
557 1752 729 1823 gestarum,
758 1753 803 1805 tot
826 1746 1056 1809 mendaciorum

134 1829 210 1888 lucis
242 1836 273 1887 et
300 1828 509 1887 adulationum
537 1830 677 1887 versutiis
705 1847 759 1906 per
792 1829 860 1887 illos
890 1829 1058 1904 involutus,

134 1920 234 1971 tamen
250 1910 351 1990 prodit
365 1910 636 1987 abominationem,
660 1912 823 1990 palamque
837 1912 946 1990 arguit,
965 1912 1058 1971 etiam

134 1997 235 2054 invitis
266 1994 492 2070 adulatoribus,
531 2003 638 2053 contra
668 1995 869 2073 Evangelinm
900 2013 1058 2073 pugnasse

133 2077 313 2154 Pontifices,
335 2095 402 2135 curn
424 2076 505 2136 aliud
530 2096 590 2135 unu
604 2075 760 2137 obtineant
782 2079 920 2136 scelerati
943 2079 986 2136 illi
1011 2097 1060 2157 sy-

134 2162 308 2241 cophantae
330 2161 392 2218 suis
416 2158 597 2236 mendaciis,
628 2180 718 2238 quam
747 2180 859 2240 papam
881 2180 938 2239 pro
961 2160 1057 2220 eccle·

133 2246 193 2321 sia,
223 2243 336 2320 idest,
369 2261 425 2300 sua
448 2243 608 2322 tyrannide
629 2245 752 2322 egregie
775 2263 945 2322 pugnasse,
979 2244 1057 2303 frau-

134 2327 233 2401 dasse,
256 2328 403 2405 rapuisse,
425 2327 587 2402 occidisse,
611 2327 773 2399 caedibus,
796 2328 954 2405 sangnine,
978 2327 1058 2386 cala—

133 2411 238 2469 mitate
261 2411 364 2468 orbem
390 2409 564 2487 replevisse.
609 2409 695 2484 Quae
719 2429 883 2487 qnamnon
907 2409 1055 2488 quadrent

133 2492 313 2570 Evangelio,
337 2500 490 2570 utcunque
513 2492 648 2564 Blondis,
672 2492 806 2567 Platinis,
830 2495 952 2571 suisque
976 2494 1057 2551 simi·

134 2575 210 2635 libus
234 2576 403 2652 laudentur,
425 2576 520 2655 stipes
543 2584 602 2644 est,
626 2577 676 2654 qui
698 2595 758 2635 uon
781 2577 939 2655 intelligat,
963 2595 1056 2654 quau·

133 2661 243 2719 tamvis
266 2663 357 2718 etiam
381 2658 536 2719 barbarus.
580 2659 644 2718 Pax
666 2661 744 2718 euim
770 2669 800 2718 et
824 2662 908 2738 pacis
924 2660 1056 2719 ministe-

132 2745 218 2820 rium,
242 2751 272 2802 et
294 2762 476 2802 curararum
490 2743 688 2821 spiritualium
703 2743 875 2822 pertinebat
889 2743 935 2801 vel
956 2743 1055 2821 primo

132 2827 242 2887 affectu
270 2827 307 2886 ad
332 2826 488 2885 Romanos
517 2825 690 2886 Pontifices.
745 2827 786 2884 At
822 2826 956 2884 historici
989 2825 1056 2886 ltali

132 2929 186 2970 eos
223 2909 363 2987 laudant,
400 2908 481 2987 qnod
515 2910 660 2987 imperia,
701 2929 809 2988 regua,
849 2911 1056 2987 episcopatus,

132 2994 259 3053 ducatus
286 2995 480 3070 vexaverint,
517 2992 637 3070 sibique
668 3012 721 3071 per
756 2994 813 3051 vim
848 3003 877 3049 et
905 2992 1055 3070 fraudem,

132 3096 187 3135 ceu
209 3079 274 3134 iure
297 3073 413 3155 debita,
442 3076 631 3154 arripuerint.
682 3076 767 3135 Felix
789 3078 889 3154 itaque
915 3082 944 3134 et
967 3094 1055 3154 pros·

131 3180 185 3239 per
207 3160 263 3218 tuit
282 3159 312 3217 iu
336 3158 476 3218 omnibus
500 3158 706 3219 voluntatibus
729 3161 800 3234 suis,
823 3158 972 3237 reprobus
996 3158 1055 3219 fac

131 3251 180 3302 tus
202 3242 284 3316 Dea,
305 3242 375 3301 ideo
398 3242 469 3302 iecit
490 3250 519 3301 et
541 3242 678 3321 implavit
700 3261 779 3320 quae
802 3242 913 3316 voluit,
945 3241 1056 3300 frustra

132 3325 273 3385 omuibus
293 3324 547 3405 repugnantibus,
571 3327 628 3403 piis
651 3327 736 3383 iuxta
760 3334 789 3382 et
811 3326 929 3404 impiis,
959 3325 1054 3383 sacris

132 3418 162 3468 et
182 3410 332 3488 profanis,
361 3410 485 3468 rudibus
514 3417 544 3467 et
571 3408 705 3467 eruditis.
749 3407 786 3466 Et
820 3407 979 3487 impletum
1009 3413 1055 3466 est

132 3494 213 3573 quod
236 3494 386 3572 sequitur:
484 3517 488 3524 ·
