2392 4170
407 262 534 316 Rationis
553 261 735 317 Latomianae
753 264 803 314 etc.
987 252 1051 321 457

133 412 265 494 duleius,
298 417 470 498 potentins,
498 417 617 498 plenius
642 416 769 494 audisse
790 415 836 478 sio
856 413 938 476 enim
961 419 1052 491 sonat

132 499 289 569 hebraice:
334 500 422 578 Quae
450 501 659 564 blendilioavit
687 501 837 562 Dominus
864 498 948 559 Deus
980 503 1051 560 tuus

133 585 249 646 ounntis
271 584 393 666 populis
416 583 472 645 sub
488 586 588 648 ooelo.
609 585 761 662 Obsecro,
784 588 899 665 quanta
920 579 1051 644 eruditio

125 668 274 748 pietatis?
309 677 423 748 quanta
452 669 617 735 concitatio
648 667 833 731 affectuum?
863 671 978 746 quanta
1000 683 1051 725 vo·

131 751 232 831 luptas
255 753 284 812 in
307 771 345 813 eo
368 751 462 813 verbo
484 753 552 814 est?
586 752 669 832 quod
692 753 842 814 Dominus
864 750 948 811 Deus
971 755 1080 834 astra,

130 835 187 911 illa·
205 835 283 896 ooeli
306 835 447 896 omnibus
465 836 586 917 populis
606 835 731 913 dederit,
754 835 837 896 velut
859 831 999 894 adulatus
1022 837 1053 892 et

131 917 285 980 blanditus
309 921 368 993 eis,
394 938 455 998 quo
479 939 534 980 eos
557 920 739 982 suavissima
762 926 793 979 et
814 916 979 978 tenerrima
999 913 1052 987 bo-

134 1001 229 1062 nitate
252 1021 310 1063 sua
332 1002 370 1063 ad
393 1022 462 1063 sese
484 1003 632 1082 alliceret,
654 1008 685 1064 et
707 1002 849 1064 mollibus
871 1000 937 1060 istis
959 997 1052 1058 bene-

132 1084 210 1145 fieiis
233 1085 272 1146 ed
293 1087 339 1146 eui
358 1105 494 1147 amorem
510 1087 663 1162 invitaret,
685 1105 747 1147 non
770 1085 858 1148 aliter
878 1102 971 1164 quam
995 1082 1050 1142 sio·

132 1175 164 1228 ut
187 1176 285 1230 mater
306 1169 369 1230 filio
392 1188 563 1250 euosuper
585 1188 687 1250 genua
709 1189 766 1230 sua
788 1166 950 1231 blanditur.

215 1250 274 1312 Ubi
296 1253 321 1312 si
344 1252 415 1313 mibi
431 1255 651 1332 aequivocatur
667 1252 844 1329 assenseris,
867 1257 898 1311 et
918 1249 949 1310 id
971 1247 1053 1308 verbi

134 1336 327 1397 oontenderis
350 1337 473 1416 proprie
494 1355 532 1398 eo
555 1336 616 1398 looi
639 1335 821 1416 signifloare,
844 1335 973 1414 partitus
996 1337 1052 1408 est,

134 1418 190 1490 vel,
214 1423 246 1478 ut
269 1424 374 1480 noster
393 1419 561 1496 transtulit,
585 1420 715 1495 creavit,
738 1437 835 1498 oogor
856 1416 909 1477 tibi
934 1414 1055 1492 cedere,

133 1502 187 1563 sed
222 1510 336 1580 quauta
368 1503 467 1583 gratia
500 1502 589 1565 simul
621 1522 669 1563 me
697 1502 838 1584 privasti,
872 1507 902 1560 et
934 1496 1055 1558 velute

132 1583 277 1664 paradiso
299 1587 328 1645 in
352 1592 463 1646 terram
487 1585 677 1665 deposuisti?
716 1585 786 1647 dum
821 1584 910 1645 nimis
933 1579 1056 1663 proprie

134 1674 164 1728 et
186 1668 263 1728 eitra
285 1665 414 1748 liguram
438 1669 585 1748 loqueris,
608 1687 677 1729 oum
700 1667 842 1748 infigura
858 1665 1055 1740 nibilminus,

134 1758 164 1811 et
186 1756 268 1810 tuam
297 1751 552 1830 significationem
575 1771 643 1812 oum
668 1752 827 1832 voluptate
851 1747 1054 1831 possederim.

134 1833 211 1894 Nam
235 1833 318 1912 quod
339 1835 412 1894 hino
432 1837 549 1917 portio,
581 1854 668 1915 pers,
701 1853 784 1911 sors,
805 1833 959 1894 hereditas
984 1831 1055 1891 dioi-

134 1922 196 1991 tur,
215 1917 298 1994 'quis
321 1937 382 1979 non
405 1918 489 1979 videt
511 1917 582 1979 inde
604 1937 745 1996 manare,
780 1916 863 1998 quod
885 1916 968 1977 Dens
992 1913 1054 1973 nni·

135 2001 244 2079 unique
273 1999 426 2062 blanditur
449 2020 503 2082 pro
528 2021 581 2062 sus
605 2001 806 2080 aemunitate,
839 2007 869 2060 et
891 1996 1055 2059 blanditiae

134 2101 205 2142 snas
227 2090 348 2144 nostras
371 2084 442 2145 fauit
462 2086 631 2165 portiones,
653 2092 686 2145 ut
706 2085 807 2165 possis
830 2083 946 2143 dioere:
969 2078 1057 2142 Haeo

136 2164 283 2226 blanditia
304 2166 360 2226 Dei
385 2167 457 2227 mihi
482 2176 513 2228 et
542 2187 611 2230 mea
639 2169 740 2249 portio
764 2174 826 2243 est,
862 2172 894 2227 et
926 2165 997 2224 bino
1024 2160 1055 2223 id

135 2247 217 2310 verbi
240 2247 398 2310 divisionis
421 2250 675 2330 significationem
698 2249 837 2311 videatur
855 2247 886 2330 ¹)
918 2267 973 2329 per
995 2265 1055 2306 rne-

135 2331 275 2412 talepsim
304 2333 444 2394 traxisse.
495 2333 585 2393 Unde
618 2332 690 2393 illud
722 2332 799 2394 Gen.
820 2335 877 2396 49:
915 2329 1055 2392 Dividam

135 2414 205 2475 illos
233 2415 264 2474 in
287 2411 392 2476 Iaoob.
437 2417 478 2476 At
500 2416 612 2479 Psalm.
636 2419 670 2480 5:
704 2416 828 2496 Linguis
856 2416 920 2475 suis
948 2412 1056 2494 dolose

136 2496 285 2578 agebant,
307 2518 363 2577 pro
386 2499 493 2578 lingua
515 2519 570 2560 sua
592 2497 719 2559 blanditi
744 2507 830 2578 sunt,
858 2498 969 2557 retinet
989 2514 1056 2576 gru*

135 2581 208 2641 tiam
226 2580 319 2643 verbi.
341 2581 436 2660 Igitur
457 2580 488 2642 id
512 2581 594 2660 quod
609 2581 755 2655 dividere,
777 2579 918 2655 blandiri,
941 2598 1056 2655 oreore,

137 2663 220 2724 velut
252 2664 309 2723 tria
341 2663 494 2725 voeabula
516 2664 608 2743 faeie,
641 2671 767 2744 propter
795 2683 882 2724 nsum
906 2669 1057 2744 autorum,

135 2746 182 2806 vel
208 2745 421 2825 figurandum,
455 2747 505 2807 vel
537 2746 651 2827 figuras
674 2747 856 2822 tollentium,
878 2751 1002 2825 poteras
1025 2745 1056 2804 in

137 2847 197 2890 nno
221 2828 377 2890 vocabulo
400 2830 595 2907 concludere,
619 2831 735 2892 maiore
757 2830 856 2910 gratia
878 2836 909 2889 et
931 2827 1007 2888 luoe.

219 2910 271 2972 sie
293 2932 362 2973 oum
386 2913 475 2973 Dent.
500 2915 528 2977 6.
553 2913 677 2973 dieitur:
707 2914 747 2974 ldt
767 2911 904 2974 narrabis
927 2929 963 2971 ea
987 2908 1057 2968 tiliis

137 2995 205 3070 tuis,
226 2994 333 3056 fortius
355 3003 455 3076 sonat,
478 2997 502 3056 si
526 2995 657 3056 dixeris:
680 2996 720 3056 Et
733 3015 827 3057 aoues
850 3015 888 3056 ea
904 2993 973 3054 tiliis
988 2993 1056 3055 tuis.

136 3077 214 3139 Nam
237 3097 298 3137 uon
323 3097 392 3139 esse
406 3079 577 3160 simplioem
600 3079 818 3155 narrationem,
840 3076 953 3159 probat
975 3076 1056 3155 quod

136 3162 290 3240 sequitur:
315 3161 354 3221 iu
375 3162 515 3240 loqueris.
533 3161 571 3222 de
594 3163 648 3238 eis,
670 3162 735 3222 sive
758 3161 876 3222 habites
898 3161 929 3220 in
954 3158 1056 3234 domo,

137 3246 202 3304 sive
224 3243 362 3304 ambules
385 3245 415 3304 iu
439 3246 498 3320 via,
522 3246 587 3305 sive
610 3244 713 3321 enbes,
736 3245 802 3305 sive
816 3263 933 3324 surgas.
967 3241 1057 3318 Quod

133 3329 161 3388 ei
184 3327 361 3407 obstrepes,
385 3346 495 3388 aouere
517 3347 578 3389 non
602 3327 640 3387 ad
664 3327 774 3401 verba,
808 3327 862 3388 sed
884 3327 923 3388 ad
945 3326 1056 3386 ferrum

138 3409 299 3488 pertinere,
322 3418 356 3469 ut
376 3409 427 3469 bio
448 3411 571 3490 proprie
594 3411 719 3471 verbum
742 3411 823 3472 istud
843 3411 965 3485 iterare,
988 3426 1056 3469 uar-

137 3513 215 3570 rare,
235 3492 389 3552 inculeare
405 3511 500 3573 cogas
514 3493 696 3574 signifloare,
720 3494 892 3574 permittam
915 3491 980 3570 tibi,
1002 3489 1056 3552 sed

210 3760 242 3830 1)
263 3760 293 3813 ln
313 3758 381 3815 edit.
399 3757 476 3814 den:
496 3757 613 3815 videtur.
