2392 4170
267 255 425 320 informatio
444 261 542 320 deleat.
560 280 597 322 ex
611 259 705 321 Acad.
726 262 866 322 Wittemb.
969 267 1031 334 227

192 432 277 493 Haec
304 453 360 494 vos
387 453 480 514 agere
519 442 611 515 atque
633 438 664 496 in
692 436 771 497 haec
799 436 934 498 intentos
963 457 1031 499 esse

110 534 171 574 non
199 518 384 578 mediocrem
407 538 493 598 spem
516 519 572 583 Ob.
590 520 626 580 D.
649 539 735 579 meus
757 519 796 581 de
819 520 906 581 vobis
929 524 1029 602 singu·

110 599 145 657 lis
168 603 321 680 concepit,
343 610 425 661 certe
449 602 520 661 nibil
544 605 676 663 feceritis
700 603 764 664 Cel.
786 604 883 684 ipsius
915 607 1030 683 gratius

109 690 162 741 aut
184 687 326 762 optatius.

109 851 279 961 Sequitur
308 852 517 940 informatio
553 860 589 940 et
618 855 836 941 beliberatio
868 855 1031 945 llelecto·

108 984 178 1027 rum
213 964 252 1028 ab
289 963 505 1030 Universitate
550 965 591 1030 ad
618 967 749 1032 allatam
782 966 1029 1034 Instructionem

131 1044 134 1049 ’
261 1047 505 1113 clementissimi
522 1048 561 1115 D.
584 1051 685 1114 nostri
715 1050 755 1115 de
776 1050 885 1115 Missa.

192 1184 404 1265 Consultatio,
440 1205 518 1264 quae
540 1188 628 1247 nobis
662 1186 807 1248 mandato
841 1196 871 1247 et
905 1190 1029 1249 nomine

110 1266 303 1327 illustrissimi
327 1277 359 1328 et
381 1270 609 1330 clementissimi
631 1271 755 1330 Domini
789 1273 883 1332 nostri
912 1292 929 1330 a
953 1273 1028 1332 Duc·

110 1361 175 1410 tore
198 1350 372 1412 Christiano
396 1354 496 1432 Beyer
518 1356 677 1433 proposita
700 1362 756 1430 est,
793 1356 925 1433 quinque
957 1355 1028 1414 arti·
1137 1376 1142 1387 ¹

109 1434 195 1494 culos
219 1453 272 1493 seu
295 1438 397 1515 capita
420 1440 587 1516 praecipua
609 1437 710 1498 babet.

191 1518 304 1594 Primo,
327 1538 394 1578 curn
418 1519 495 1579 baec
517 1522 556 1579 sit
578 1541 626 1581 res
648 1521 743 1580 ardua
771 1520 935 1600 magnique
966 1539 1028 1580 mo-

110 1603 219 1680 menti,
250 1611 278 1661 el
302 1621 380 1680 quae
402 1602 440 1662 ad
472 1605 644 1663 universam
676 1604 837 1662 ecclesiam
866 1604 1027 1684 pertineat,

109 1704 170 1743 non
194 1683 340 1745 debemus
362 1687 565 1765 praecipitare
582 1688 754 1764 consilium,
777 1706 846 1745 uam
864 1686 1028 1748 difficulter

107 1769 167 1827 ista
189 1787 243 1848 per
265 1788 333 1849 uos,
357 1780 388 1828 nt
410 1771 581 1848 pauciores,
605 1770 733 1829 obtineri
758 1788 860 1849 posse.

191 1851 350 1925 Secundo,
386 1872 448 1912 non
483 1852 606 1912 dubium
631 1873 713 1931 esse,
748 1854 838 1932 quin,
874 1855 898 1912 si
923 1863 1026 1912 nostra

108 1936 258 1994 sententia
282 1938 455 1995 testimonia
485 1936 596 1996 babeat
629 1936 806 2016 Evangelii,
841 1925 942 2014 plures
976 1936 1027 1995 alii

108 2036 175 2076 eam
200 2037 310 2098 magun
335 2038 487 2079 consensu
510 2021 682 2100 amplexari
712 2023 788 2099 siut,
818 2037 855 2078 ac
884 2028 945 2078 tum
978 2018 1028 2079 de-

109 2121 188 2159 mum
219 2121 371 2161 consensu
403 2105 525 2164 maioris
561 2105 655 2183 partis
684 2108 860 2163 constanter
887 2109 919 2162 et
960 2104 1026 2162 sine

107 2184 333 2263 impedimentis
355 2187 491 2247 inchoari
515 2206 609 2267 posse
632 2188 842 2247 mutationem.

190 2266 304 2345 Tertio,-
326 2267 389 2328 Cel.
412 2289 499 2329 suam
523 2270 657 2330 noudum
688 2271 825 2348 potuisse
858 2268 1026 2343 informari,

107 2350 230 2427 qnando
253 2348 302 2408 bic
328 2352 455 2411 usitatus
483 2353 556 2411 ritus
589 2354 749 2412 Missurum
783 2353 938 2431 coeperit,
976 2352 1027 2429 qui

107 2435 237 2492 tortasse
264 2432 382 2510 aliquot
414 2436 550 2493 centenis
587 2437 675 2494 anuis
708 2435 861 2494 duraverit
892 2435 921 2494 in
963 2441 1028 2495 tota

106 2516 257 2591 Ecclesia,
280 2534 379 2592 neque
400 2524 529 2596 constat,
552 2517 675 2595 quando
697 2518 748 2576 ille
772 2536 855 2594 mos,
894 2535 955 2595 quc
979 2518 1025 2576 usi

105 2600 225 2658 fuerunt
245 2599 392 2678 apostoli,
414 2599 544 2659 desierit.

187 2682 315 2760 Quarto,
338 2701 406 2741 cum
430 2680 751 2761 plerumquetempla
781 2688 811 2739 et
841 2681 1027 2741 monasteria
1127 2698 1131 2705 ’

105 2764 143 2824 ad
178 2765 336 2824 Missurum
372 2766 610 2826 celebrationem
645 2773 800 2824 exstructa
830 2771 862 2822 et
900 2762 1026 2822 fundata

105 2851 175 2926 sint,
198 2849 272 2927 lore,
297 2859 328 2908 ut
349 2858 491 2909 cessante
513 2868 606 2909 causa
628 2847 718 2908 simul
738 2855 769 2906 et
785 2854 922 2906 cessaret
935 2845 1027 2908 effee-

105 2939 164 3011 tus,
188 2933 248 2991 hoc
270 2939 326 3012 est,
349 2942 380 2991 ut
403 2932 440 2992 ad
464 2932 547 2991 illurn
571 2931 661 2992 finem
686 2931 838 2991 destinata
865 2939 896 2989 et
925 2929 1027 3007 legata

104 3015 193 3074 simul
216 3015 448 3095 interciderent,
472 3017 577 3094 sicque
611 3014 805 3075 uronasteriis
841 3022 872 3072 et
904 3011 1025 3091 templis

105 3099 197 3158 debiti
221 3098 334 3159 reditus
357 3101 583 3179 pensionesque
605 3099 819 3157 adimerentur.

188 3180 316 3255 Quinto,
346 3191 419 3241 tuuc
447 3201 537 3262 ergo,
573 3184 596 3242 si
626 3189 788 3241 conaretur
821 3178 916 3238 ultera
951 3197 1023 3256 pars

104 3266 240 3341 alteram,
263 3275 384 3344 sumpta
407 3265 464 3325 sibi
493 3263 714 3344 pronunciandi
743 3263 924 3336 autoritate,
962 3272 1025 3320 tun·

104 3368 195 3429 quarn
219 3349 406 3408 haereticum
429 3355 480 3408 aut
502 3356 730 3427 persecutorem
753 3344 904 3405 eeclesiae
935 3362 1026 3404 accu-

104 3452 181 3509 sare,
205 3431 339 3508 dissidia,
363 3430 531 3490 seditiones
554 3439 585 3491 et
614 3430 793 3510 multiplicia
825 3433 1025 3487 nascerentur

102 3514 308 3578 incommoda.
352 3513 425 3574 ldeo
448 3533 508 3573 uua
530 3532 602 3574 cnm
623 3514 690 3573 aliis
713 3510 842 3589 Collegit
877 3510 1024 3570 ecclesis·

103 3599 170 3657 stiei
192 3607 223 3658 et
246 3598 433 3658 Academiae
456 3596 599 3656 membris
621 3598 665 3656 ita
692 3612 817 3655 causam
851 3593 1023 3673 gubernare

102 3683 256 3759 iubemur,
291 3702 329 3742 ns
367 3699 427 3760 qua
464 3679 589 3739 dissidia
627 3685 681 3739 aut
718 3677 883 3738 turbulenti
924 3683 1025 3735 motus

103 3767 245 3826 existant.

744 3847 781 3908 lb
797 3841 814 3878 '⁸'
