2392 4170
146 220 211 295 378
253 305 257 312 ,
421 227 674 301 Epistola-Martini
691 228 805 289 Lutlreri

146 396 218 459 neri
239 396 336 460 iustae
357 402 611 481 etneoeeeariee,
632 403 775 478 constitui
798 403 978 487 nonnullae,
1006 404 1074 488 qui·

147 480 205 545 bue
236 483 296 545 iam
322 485 488 572 praecipue
511 505 655 573 moveor,
691 485 821 552 fideliter
842 488 901 551 (lir-
924 491 960 557 V.
985 508 1073 553 onm-

148 584 328 637 memorare.

229 648 382 742 Prinoipio
414 665 515 723 autem
543 681 605 726 non
633 661 678 725 eie
706 640 857 743 intelligat
885 659 947 722 hoe
967 678 1071 722 meum

101 737 271 822 “ieotum,
291 745 380 824 quaet
404 743 483 807 iaetu
505 746 640 827 quodam
662 745 803 807 induetue
836 751 867 806 et
888 748 1072 825 eontemptu

96 903 99 907 .
146 827 304 905 potentine
328 827 484 910 aneerie,
517 836 570 891 eut
591 829 648 893 OL.
665 829 709 892 .V.
739 836 792 891 aut
821 827 910 891 ulline
938 825 1073 908 denique

75 956 78 961 .
147 911 342 990 magistratus
370 910 432 975 hoe
461 913 533 975 mihi
554 914 688 994 ceperim
711 913 839 976 ooneilii.
884 910 1073 992 Quanquam

145 994 226 1053 enim
249 993 361 1055 aooidit
382 994 551 1076 interdum,
588 1003 622 1057 ut
650 996 804 1059 hnmanae
832 996 997 1077 poteetatie
1017 995 1073 1057 im·

141 1077 262 1240 ltili
283 1076 1073 1227 litl‘illlltlulrltltl‘t„litt-3:

145 1260 301 1329 nunquam
323 1247 392 1329 ipea
412 1253 550 1331 potestur
575 1180 976 1330 mutemnenddfremd’er
996 1242 1071 1307 uero

145 1326 271 1427 indigni.
290 1330 409 1428 honoro
440 1330 602 1432 aideiende
629 1339 686 1409 eei.
726 1330 793 1393 Neu
813 1331 894 1393 enim
917 1326 1071 1426 Glrrietne,

145 1411 1071 1577 tndistentiore‘eliminator

144 1577 303 1669 tradebat,¹
317 1588 370 1643 eut
391 1582 562 1644 insolenter
577 1591 612 1645 et
631 1576 764 1664 superbe
786 1580 985 1663 despiciebat.

226 1661 326 1726 Prima
348 1683 442 1726 eausa
463 1666 584 1728 consilii
608 1669 667 1728 mei
688 1674 735 1728 eet
756 1667 844 1746 haee,
867 1664 952 1746 quod
975 1680 1067 1726 voea-

144 1749 194 1806 Μ
216 1764 282 1807 eum
305 1747 399 1810 literis
419 1748 571 1812 eooleeiee
591 1756 624 1812 et
642 1751 749 1831 populi
761 1745 1068 1829 Vuittembergeaeirl,

140 1826 238 1908 idque
252 1831 401 1910 nroeibne
423 1833 739 1896 eeeollieitationibue
760 1852 835 1894 eane
848 1832 962 1894 multia
991 1829 1069 1892 (laur

143 1912 235 1992 igitur
257 1917 364 1996 negari
382 1917 507 1979 minime
518 1919 628 1998 possit,
650 1917 733 1998 quod
745 1916 950 1998 permeheeo
967 1933 1068 1977 emen·

19 1996 23 2004 '
143 1992 228 2057 datio
253 1996 413 2060 doetrinae
434 2000 593 2080 religionis
615 2002 644 2061 in
657 2001 715 2061 hee
730 2001 861 2062 eoeleeia
883 2005 997 2080 eoepte
1018 1998 1069 2077 eit,

142 2085 175 2139 et
194 2076 282 2141 lateri
303 2100 353 2169 me
366 2100 461 2164 eoger
482 2102 579 2166 prope
589 2082 744 2146 addietum
767 2091 799 2144 et
819 2081 955 2143 debitum
984 2076 1069 2142 mini·

143 2167 236 2224 enum
259 2163 339 2228 illiue
362 2167 530 2244 eoeieeiae,
566 2167 604 2227 od
627 2186 719 2247 quem
747 2187 796 2226 me
817 2166 901 2226 Deus
930 2165 1067 2240 vocavit,

142 2263 204 2310 non
228 2251 312 2330 potui
346 2251 408 2313 ullo
429 2257 521 2332 paeto
545 2251 584 2311 de
607 2270 655 2312 me
676 2269 835 2325 reo-usare,
865 2249 937 2327 quin
962 2265 1067 2308 eoonr·

141 2351 258 2414 rerem,
297 2335 353 2395 niel
377 2335 569 2395 Christianae
603 2335 739 2396 caritatis
761 2332 899 2394 fidelitati
924 2339 956 2392 et
981 2331 1067 2411 operi

141 2418 321 2478 renunoiare
344 2418 464 2483 vellem.

224 2501 289 2562 litei
317 2507 419 2562 entem
450 2502 523 2562 milri
550 2507 624 2563 note
651 2508 722 2562 eunt
747 2499 862 2560 iudieie
888 2497 1068 2576 multorum,

141 2584 311 2662 qui‘totum
335 2586 395 2647 hoo
406 2586 563 2666 negotium
587 2594 617 2645 et
637 2584 796 2647 doetrinae
819 2579 1067 2645 emendationem

141 2674 285 2748 tanquam
309 2667 493 2730 diabolicam
516 2674 684 2729 sementem
699 2666 898 2741 detestantur,
920 2662 1066 2724 condem·

140 2758 224 2833 nant,
248 2760 278 2811 et
299 2751 390 2830 hene,
412 2770 503 2831 quam
526 2752 628 2828 attuli,
656 2769 781 2812 eeueam
803 2765 928 2829 prorsus
951 2745 1067 2807 futilem

138 2840 171 2895 et
193 2833 304 2895 nulline
327 2835 474 2896 momenti
495 2854 565 2895 eeee
575 2840 721 2914 statuunt,
743 2837 773 2893 et
788 2833 888 2893 minue
901 2828 1068 2890 abhorrere

139 2915 178 2977 eb
210 2919 367 2997 aequitate
400 2924 525 2999 putant,
560 2919 586 2978 ei
609 2914 840 2996 Vuittemberga
868 2921 896 2973 el
919 2910 1066 2992 quidquid

139 2998 181 3061 ibi
203 2999 347 3063 divinitae
369 3001 546 3064 inehoetum
570 3006 628 3079 eet,
650 2998 791 3062 omnibue
813 2997 886 3058 diris
909 2995 1067 3072 devotum,

138 3083 296 3146 immeneie
315 3090 417 3157 terroe
430 3081 563 3145 hiatibus
586 3083 811 3146 absorbendum
835 3079 1066 3158 relinqueretur.

138 3162 187 3229 Ob
209 3167 317 3228 horum
334 3173 435 3228 temen
450 3186 510 3248 ego
532 3169 720 3248 impietatem
742 3184 805 3226 non
828 3180 973 3238 excusor,
996 3181 1066 3224 nam

138 3248 222 3309 Deue
257 3270 308 3311 me
341 3269 402 3312 non
438 3250 586 3312 iudieabit
625 3248 793 3311 seeundum
821 3246 970 3322 aliorum,
1001 3246 1066 3307 eive

137 3332 235 3409 multi,
252 3333 324 3394 eive
345 3335 434 3415 pauni
457 3328 583 3410 fuerint,
613 3332 706 3394 fidem
733 3338 787 3392 aul
806 3328 1065 3408 incredulitatem,

138 3415 191 3475 eed
219 3417 307 3476 iuxta
338 3435 427 3478 meee
461 3418 670 3478 eoneoientiee
697 3412 920 3476 eertitudinem.
972 3410 1066 3472 Oeno

135 3504 239 3559 autem
261 3499 326 3560 eolo
364 3505 395 3559 et
428 3499 604 3560 firmleeime
625 3517 805 3579 persuasum
837 3493 940 3557 habeo
964 3512 1065 3556 meum

136 3581 262 3643 verbum
300 3601 356 3642 eeu
387 3584 504 3645 initium
529 3583 589 3643 mei
612 3582 773 3663 Evangelii
795 3598 857 3641 non
880 3598 899 3638 a
921 3596 988 3657 me,
1010 3576 1065 3638 eed

133 3682 155 3735 β
174 3664 243 3729 Deo
266 3664 436 3748 preleotum
459 3685 555 3729 enee..
580 3665 648 3727 Nee
669 3665 764 3727 ullum
777 3681 875 3745 genua
890 3662 1066 3723 mordeant

127 3738 456 3850 perseeutionle'lleo
487 3751 615 3816 iuuante
635 3748 701 3819 lude
723 3746 798 3818 mihi
827 3743 985 3835 exentiet,
1008 3750 1066 3821 ‚eet
