2392 4170
445 262 528 333 bost.
547 270 625 330 tau.
645 267 726 330 tuat.
985 267 1047 338 371

130 443 161 498 st
177 454 307 497 securus
329 436 488 517 fidensque
516 437 691 515 coniugium
717 437 815 514 ineat,
843 435 868 495 si
891 435 1050 496 continere

131 539 192 581 non
225 529 329 601 potest
361 528 393 581 et
423 523 550 580 insanos
583 538 703 599 puppas
734 536 801 578 cum
834 519 992 579 sceleratis
1019 527 1050 579 et

131 605 232 684 impiis
260 612 323 664 tum
351 603 469 684 legibus
497 613 559 664 tum
583 604 672 663 minis
693 603 756 661 suis
778 607 970 681 contemnat,
997 603 1050 681 qui

131 690 161 747 in
184 705 241 747 aua
255 688 317 747 ¹illa
344 686 495 766 sacrilega
522 685 674 746 Decretali
709 685 746 745 de
776 686 888 746 Vitat
912 685 960 746 bo.
984 685 1048 747 Cle.

130 770 343 851 blasphemare
371 770 500 831 audent:
534 770 567 828 ln
596 771 739 848 coniugio
774 787 835 829 non
864 786 957 847 posse
982 768 1048 829 Deo

127 856 247 914 serviri.
281 852 360 929 Quid
379 855 458 914 enim
482 852 541 913 hoc
563 859 610 912 est
632 854 688 911 nisi
702 853 824 931 nuptias
842 868 1050 930 arguet-sper-

131 936 237 1016 lidiae,
266 938 432 1016 impietatis
460 944 491 995 ct
518 936 679 996 universas
700 933 897 1016 apostasiae?
929 933 1053 995 Scilicet

132 1020 183 1082 tibi
213 1019 320 1101 Papae
347 1020 482 1082 Satanas
512 1019 648 1080 ministro
673 1018 826 1079 Abraham
859 1026 890 1078 et
912 1018 1051 1078 universi

132 1105 342 1186 Patriarchae,
371 1103 537 1163 Zacharias
565 1109 597 1163 et
624 1101 763 1163 Elisabet
791 1120 853 1161 non
881 1102 1052 1161 servierunt

132 1187 222 1249 Deo?
257 1186 317 1248 Sed
345 1186 416 1266 quid
448 1204 516 1247 cum
543 1186 609 1246 istis
637 1186 780 1245 monstris
806 1203 839 1244 se
861 1186 935 1265 ipsis
957 1185 1050 1246 etiam

134 1269 403 1332 monstrosioribus
422 1268 505 1349 ago?
527 1288 605 1348 quos
621 1286 696 1349 prae
712 1269 806 1329 nimia
819 1266 1051 1348 blasphemandi

132 1353 216 1416 rabie
239 1353 400 1434 fugiendos
423 1360 455 1413 et
474 1351 627 1432 lugendos
648 1371 717 1412 esse
738 1351 895 1412 delinitum
916 1360 971 1412 est.

215 1437 321 1515 Porro,
343 1434 426 1517 quod
443 1435 529 1494 multi
543 1442 707 1495 causantur
720 1435 893 1495 molestiam
907 1433 1052 1514 coniugii,

133 1528 225 1601 atque
248 1518 318 1580 ideo
336 1518 555 1580 continendum
572 1517 711 1601 suadent,
734 1518 906 1578 humaniter
919 1516 1051 1596 quidem,

132 1605 185 1664 sed
208 1604 386 1664 stultissime
409 1603 541 1683 sapiunt,
562 1601 688 1680 scilicet,
712 1608 744 1661 ut
762 1600 934 1662 molestiam
956 1602 1052 1660 vitare

133 1686 263 1767 doceas,
291 1686 330 1747 sd
353 1683 560 1745 carnificinam
590 1685 799 1746 conscientiae
820 1683 954 1744 invitas?
987 1681 1052 1743 Nos

134 1790 195 1831 nou
219 1769 366 1831 donemus
389 1769 582 1849 coniugium,
611 1767 693 1848 quod
725 1766 887 1839 molestum
919 1767 1053 1845 nonsit,

134 1854 276 1914 nectale
302 1852 520 1933 promittimus,
550 1850 606 1912 sed
633 1850 749 1912 licitum
778 1857 808 1911 et
833 1849 962 1911 liberum
985 1867 1055 1909 csso

136 1937 292 2016 volumus,
326 1940 358 1996 ut
380 1936 551 2015 contineat,
581 1934 632 2016 qui
655 1939 774 2015 potest,
803 1932 948 2013 quamdiu
972 1932 1055 1993 volet

135 2021 375 2099 (conscientiam
395 2018 560 2082 liberamus
582 2016 739 2100 molestia,
760 2036 823 2077 non
846 2016 1054 2097 coniugium).

135 2104 257 2180 Quanto
280 2111 382 2164 autern
403 2102 521 2167 felicius
544 2109 600 2180 est,
624 2100 670 2162 bis
691 2101 854 2163 molestum
876 2100 1054 2181 coniugium

134 2188 280 2262 tolerare,
317 2204 408 2264 quam
438 2193 586 2266 perpetuo
614 2187 823 2247 conscientiae
852 2184 961 2245 aculeo
989 2201 1055 2243 cru·

136 2267 227 2329 clari?
250 2268 423 2328 blolsstiam
446 2269 525 2329 hanc
540 2269 621 2329 Deus
641 2269 797 2349 imposuit,
819 2273 850 2329 et
871 2286 940 2329 sam
958 2266 1055 2327 tulere

135 2370 251 2413 ornnes
265 2351 363 2410 sancti
374 2346 579 2414 Patriarchae.
612 2351 724 2412 Paulus
738 2351 868 2412 eandem
883 2350 1055 2411 molestiam

135 2435 283 2517 praedicit
304 2432 498 2515 nubentibus,
520 2431 656 2494 sednon
679 2433 836 2495 dissuadet
856 2452 958 2513 neque
972 2433 1055 2494 dam·

135 2526 201 2580 nat:
223 2517 462 2580 Tribulatiousm
479 2512 653 2613 (inquit)*)
671 2519 770 2577 carnis
783 2515 939 2578 habebunt
955 2516 1055 2579 huius·

135 2602 229 2666 modi.
259 2599 319 2662 Sed
334 2618 394 2661 non
412 2600 472 2661 ait:
493 2598 596 2660 Nolite
613 2598 839 2661 tribulationem
853 2599 953 2661 carnis
964 2598 1055 2660 istam
1082 2624 1088 2631 ·

134 2687 250 2764 subire,
283 2703 342 2745 neo
365 2683 452 2743 dicit:
485 2680 568 2743 Mala
589 2688 636 2743 est
657 2689 688 2742 et
708 2678 905 2759 damnabilis,
928 2683 1001 2743 imo
1014 2682 1055 2742 lu·

135 2789 217 2830 orum
242 2775 299 2847 est,
321 2768 346 2827 si
367 2786 435 2828 eam
452 2774 536 2827 recte
558 2771 590 2827 et
610 2767 661 2848 pie
675 2766 789 2839 tuleris.
824 2766 986 2826 Molestum
1010 2772 1057 2826 est

134 2855 164 2915 in
194 2871 316 2913 carcere
343 2869 399 2933 pro
427 2848 548 2911 Christo
572 2850 692 2929 vinciri,
727 2848 782 2911 sed
809 2848 957 2928 numquid
984 2848 1055 2910 idac

108 2975 110 2979 -
134 2933 347 2997 dissuadebis?
370 2932 480 2995 Nonne
502 2933 606 3015 potius
627 2932 809 3014 hortabaris,
831 2939 864 2994 ut
880 2939 1057 2994 constanter

133 3018 232 3097 ierat?
254 3019 319 3079 Nos
341 3016 399 3095 his,
422 3017 472 3097 qui
495 3017 552 3079 otii
574 3023 605 3078 et
623 3016 790 3099 voluptatis
813 3035 907 3078 causa
929 3014 1055 3093 nubunt,
1090 3058 1092 3063 .

135 3103 207 3165 nihil
237 3103 412 3178 scribimus,
446 3097 555 3181 quibua
586 3108 670 3163 recte
697 3101 800 3163 evenit
828 3099 972 3161 molestia
999 3117 1054 3180 pro

135 3187 306 3266 voluptate,
328 3184 383 3246 sed
405 3184 452 3244 his
474 3183 652 3262 scribimus,
674 3185 725 3264 qui
749 3184 916 3266 periculum
939 3183 1056 3259 salutis,

134 3272 350 3331 necessitatem
378 3266 542 3348 peccandi,
568 3267 847 3349 impossibilitatem
877 3265 1054 3328 continendi

134 3373 203 3414 cum
232 3355 374 3413 universo
403 3357 516 3412 tartaro
546 3352 755 3412 conscientias
784 3357 900 3411 mutare
930 3351 1057 3431 cupiunt

134 3439 241 3518 quavis
271 3434 412 3495 molestia
437 3435 488 3494 vel
516 3433 638 3512 labore,
666 3435 719 3514 qui
745 3451 807 3511 non
834 3435 864 3494 in
888 3432 1056 3515 voluptate,

133 3520 188 3581 ssd
213 3521 291 3580 bene
314 3519 416 3578 vivere
438 3516 554 3579 volunt.
611 3518 732 3580 Ducant
753 3517 797 3578 illi
823 3518 854 3580 in
877 3515 967 3579 bonis
990 3516 1055 3576 dies

134 3622 218 3679 suos,
240 3621 297 3663 nos
312 3598 442 3662 dicimus
457 3601 569 3661 nostris
591 3601 792 3682 coniugibus:
817 3601 850 3663 lu
874 3599 986 3662 sudore
998 3595 1054 3680 l*)

134 3723 210 3732 ...—

207 3787 238 3856 ⁸)
261 3790 284 3843 t.
304 3785 366 3843 cor.
385 3787 411 3844 7.
467 3785 716 3856 **JGeus.3.2'
787 3854 858 3925 w
