2392 4170
385 249 424 302 De
442 246 521 317 Capt.
543 246 641 317 Babyl.
659 247 800 302 Ecclesiae

305 435 358 495 De
385 433 640 495 Sacramenta
669 434 874 509 Altaris.¹)

214 571 378 651 Principio,
400 577 433 630 ut
453 569 492 630 ad
516 590 617 630 veram
635 570 823 650 liberamque
844 571 933 630 huius
955 587 1055 629 sacra-

131 656 224 715 menti
247 655 405 714 seientiam
428 660 493 714 tuto
517 663 547 713 et
564 654 690 714 feliciter
702 656 926 734 perveniamus,
950 671 1056 712 curan·

131 737 201 798 dum
224 748 271 797 est
292 744 364 798 aute
385 738 498 814 omnin,
519 746 552 796 ut
573 737 713 797 omnibus
736 739 771 796 iis
794 738 953 818 sepositis,
977 755 1056 814 quas

131 821 170 882 ad
191 822 411 881 institutionem
434 821 716 880 huiussacramenti
729 822 912 900 primitivam
935 827 966 879 et
987 821 1056 879 sim-

130 906 240 985 plicem
268 905 408 964 humanis
437 903 544 963 studiis
577 912 607 964 et
635 904 804 964 fervoribus
837 911 908 963 suut
942 901 1055 979 addita,

131 989 233 1067 qualia
245 995 316 1048 sunt
329 994 439 1063 vestes,
451 987 642 1063 ornamenta,
655 995 771 1064 cantus,
793 1006 911 1067 preces,
929 1005 1056 1066 organa,

131 1072 289 1149 lucernae,
318 1079 349 1131 et
374 1073 516 1130 universa
536 1071 587 1129 illa
610 1069 771 1129 visibilium
802 1091 900 1130 rerum
930 1088 1055 1149 pompa,

131 1154 170 1215 ad
193 1157 290 1234 ipsam
313 1155 410 1214 solam
433 1162 465 1214 et
484 1172 592 1234 puram
607 1153 717 1213 Christi
739 1155 959 1213 institutionem
984 1170 1055 1212 ocu·

132 1239 178 1298 los
193 1245 223 1297 et
234 1239 368 1297 animum
381 1245 545 1315 vertamus,
570 1256 627 1296 nec
644 1237 731 1296 nobis
742 1237 824 1296 aliud
836 1254 1056 1317 proponamus,

131 1341 222 1401 quam
244 1323 343 1401 ipsum
362 1321 486 1381 verbum
501 1320 621 1397 Christi,
644 1338 704 1399 quo
726 1322 856 1380 instituit
878 1327 908 1379 et
929 1319 1056 1398 perfecit

132 1424 170 1464 ao
196 1404 285 1465 nobis
314 1405 539 1464 commendavit
570 1411 803 1464 sacramentum.
851 1403 929 1469 Nam
959 1403 989 1461 io
1018 1419 1056 1461 eo

131 1487 225 1548 verbo
249 1495 280 1547 et
301 1507 424 1568 prorsus
448 1486 530 1546 nullo
554 1487 614 1546 alio
638 1489 695 1546 sita
717 1495 764 1546 est
783 1488 846 1563 vis,
879 1493 987 1545 natura
1026 1491 1058 1544 et

132 1578 197 1631 tota
219 1570 389 1631 substantia
411 1573 531 1630 missae.
576 1570 685 1630 Cetera
707 1571 810 1631 omnia
832 1577 903 1629 sunt
923 1569 1057 1628 humana

132 1653 232 1714 studia
255 1652 350 1715 verbo
375 1654 485 1714 Christi
507 1654 696 1733 accessoria,
729 1655 794 1713 sine
823 1652 932 1731 quibus
963 1653 1057 1711 missa

132 1739 247 1816 optime
274 1744 377 1816 potest
405 1736 510 1797 haberi
540 1743 569 1795 et
597 1736 771 1797 subsistere.
822 1736 926 1796 Verba
954 1742 1055 1794 autem

134 1820 254 1897 Christi,
277 1820 386 1898 quibus
398 1828 621 1880 sacramentum
635 1815 705 1880 ‘hoc
717 1821 854 1896 instituit,
877 1825 947 1878 sunt
964 1819 1056 1877 haec:

216 1903 424 1964 Coenantibus
454 1911 555 1963 autem
589 1904 632 1962 eis
669 1905 789 1982 accepit
815 1902 905 1961 lesus
935 1920 1057 1980 panem,

132 1993 163 2048 et
184 1986 342 2047 benedixit
363 1987 506 2066 ecfregit,
529 1984 671 2065 deditque
685 1985 840 2066 discipulis
862 1986 935 2061 suis,
958 1992 988 2044 et
1005 1985 1058 2044 ait:

134 2071 272 2150 Accipite
295 2078 325 2130 et
347 2068 539 2146 manducate,
562 2069 622 2128 boc
643 2080 689 2128 est
712 2088 823 2149 corpus
841 2089 952 2144 meum,
974 2065 1057 2146 quod

132 2172 189 2234 pro
212 2153 300 2213 vobis
322 2151 510 2226 tradetur2).
552 2151 592 2210 Et
611 2153 764 2232 accipiens
794 2152 920 2212 calicem
943 2152 1057 2230 gratias

133 2239 206 2319 egit,
228 2245 258 2297 et
281 2236 364 2296 dedit
383 2236 440 2296 illis
464 2235 581 2295 dicens:
604 2235 701 2295 Bibite
724 2256 764 2295 ex
786 2236 846 2296 hoc
868 2253 987 2312 omues,
1009 2233 1059 2293 hic

134 2327 180 2380 est
202 2320 283 2381 calix
304 2339 417 2380 novum
442 2324 655 2378 testamentum
678 2321 708 2378 in
732 2337 801 2380 meo
824 2319 984 2398 sauguine,
1006 2317 1059 2396 qui

134 2421 191 2484 pro
213 2403 302 2463 vobis
325 2410 355 2462 et
381 2421 437 2483 pro
461 2401 561 2461 multis
589 2401 759 2462 efihndetur
787 2404 816 2461 in
845 2399 1057 2461 remissionem

133 2493 340 2566 peccatorum,
363 2485 424 2545 hoc
434 2485 525 2545 facite
546 2487 576 2544 in
600 2504 698 2545 meam
722 2486 1057 2546 commemorationem.

216 2568 303 2643 Quae
326 2568 420 2640 verba
450 2576 480 2628 et
509 2569 668 2648 apostolus
691 2569 715 2632 l.
738 2569 873 2632 Corinth.
898 2573 945 2631 ll.
969 2566 1059 2626 tradit

134 2661 164 2713 et
186 2653 276 2712 latius
299 2652 448 2731 explicat,
471 2652 579 2730 quibus
602 2672 658 2713 nos
682 2660 804 2732 oportet
825 2653 893 2728 uiti,
916 2659 946 2711 et
967 2669 1060 2729 super

135 2756 174 2796 ea
194 2734 358 2809 aedificari,
380 2755 436 2796 ceu
459 2754 551 2815 supra
572 2735 690 2797 firmam
712 2744 839 2816 petram,
863 2737 888 2794 si
901 2754 962 2795 non
975 2733 1059 2793 volu·

136 2838 202 2878 mus
226 2820 309 2879 omni
321 2828 413 2880 vento
436 2820 593 2880 doctrinae
605 2821 799 2894 circumferri,
820 2820 898 2878 sicut
910 2819 1059 2878 hactenus

134 2902 303 2962 circumlati
338 2922 458 2980 sumus,
494 2923 548 2983 per
579 2905 687 2982 impias
716 2904 870 2963 doctrinas
901 2901 1058 2962 hominum

135 2986 338 3046 aversantium
363 2988 530 3048 veritatem.
573 2987 654 3051 Nihil
676 2988 755 3046 enim
779 2987 809 3045 iu
831 2987 877 3045 his
901 2986 1058 3060 omissum,

61 3087 66 3102 ·
134 3069 217 3148 quod
241 3068 280 3129 ad
303 3071 518 3150 integritatem,
541 3090 627 3129 usum
647 3079 676 3129 et
697 3071 824 3130 fructum
847 3070 935 3129 huius
959 3086 1059 3128 sacra-

135 3154 230 3212 menti
251 3154 396 3232 pertinet,
426 3155 561 3233 nihilque
589 3154 738 3232 positum,
767 3154 849 3233 quod
872 3149 1059 3233 superfluum

135 3243 166 3296 et
193 3254 255 3296 non
291 3240 497 3298 necessarium
531 3237 570 3296 sit
602 3237 689 3297 nobis
723 3257 826 3300 nosse.
881 3236 940 3311 Qut
976 3234 1058 3294 enim

135 3320 256 3380 omissis
278 3320 324 3380 his
348 3321 448 3381 verbis
471 3321 508 3381 de
531 3323 624 3380 missa
636 3321 685 3380 vel
703 3320 864 3381 meditatur
887 3320 935 3380 vel
958 3318 1061 3392 docet,

136 3409 273 3463 monstra
294 3405 457 3484 impietatis
478 3405 616 3479 docebit,
645 3411 678 3464 ut
706 3405 817 3464 factum
849 3412 895 3464 est
916 3422 970 3482 per
994 3421 1058 3480 eos,

99 3509 101 3512 ⁴
135 3487 187 3565 qui
209 3506 287 3567 opus
310 3495 469 3568 operatum
492 3496 524 3548 et
545 3486 727 3548 sacrificium
750 3508 788 3548 ex
811 3507 848 3549 eo
872 3488 1017 3549 feceruut.

190 3680 222 3747 1)
242 3679 274 3732 ln
292 3678 335 3733 ed.
350 3681 421 3748 orig.
441 3677 542 3731 desunt
559 3679 628 3731 haec
646 3680 732 3732 rerba
747 3680 944 3747 inscriptionis,
962 3695 998 3730 ex
1017 3679 1061 3732 ed,

133 3749 196 3806 den.
215 3754 338 3821 repetita.
373 3750 406 3818 2)
427 3749 459 3802 lo
478 3751 521 3805 ed.
538 3749 617 3806 dem:
637 3750 764 3806 traditur.
