2392 4170
120 269 163 336 14
430 270 566 331 Aean·
577 268 614 329 tt
631 269 741 345 usion

108 447 342 511 ..eonscientiam
379 465 472 525 agere
503 465 605 528 neque
638 454 735 506 tutum
771 450 833 519 sit,
849 448 968 527 ‘'neqte
1000 448 1043 509 in·

119 527 291 610 wlff).

110 688 182 785 ,dit
202 691 284 835 tetes
302 691 352 775 id,
385 691 443 773 dd
466 690 752 859 turqplipqqputut,
786 691 865 767 Mat
884 693 958 778 tulli
976 693 1044 777 stit,

205 961 383 1022 Orationem
407 961 486 1021 hane
504 980 522 1020 a
543 960 679 1023 Dootore
692 962 822 1024 Martino
844 962 990 1043 habitam,
1012 964 1041 1023 in

121 1045 380 1107 consultationem
404 1045 595 1105 deduxerant
629 1046 807 1124 Principes3
835 1049 1041 1107 examinatam

122 1128 298 1189 convellere
330 1130 434 1208 eoepit
454 1127 602 1189 Offtoialis
631 1129 820 1189 'trevirensis
850 1131 908 1189 hoc
932 1140 1042 1210 paeto:

204 1208 441 1286 immodestius,
477 1222 507 1269 tu
532 1213 681 1286 Martiae,
715 1213 923 1293 respondisti,
952 1231 1041 1292 quam

121 1300 204 1355 tuam
228 1313 391 1374 personam
413 1294 530 1372 deceat,
553 1303 584 1354 et
596 1295 675 1354 adeo
700 1314 760 1355 non
778 1295 816 1355 ad
840 1299 1041 1376 propositum,

121 1377 216 1439 libros
230 1379 311 1436 varie
324 1380 453 1458 partiris,
474 1396 577 1436 verum
592 1380 643 1447 ita,
669 1379 750 1438 ulad
769 1380 1040 1460 interrogationem

121 1459 194 1523 nihil
220 1461 332 1521 iaciant
360 1464 472 1521 omnia.
516 1460 606 1534 Quod
636 1463 660 1519 si
692 1480 747 1520 eos
780 1472 988 1541 rammasses,
1011 1462 1040 1521 in

122 1544 232 1623 quibus
254 1564 391 1604 errorum
409 1554 528 1602 tuorum
554 1563 665 1623 magua
679 1564 750 1624 pars
774 1552 829 1623 est,
851 1545 1042 1605 hauddubie

122 1627 275 1688 Caesarea
296 1628 439 1687 Maiestas
462 1646 501 1686 ex
513 1628 652 1706 ingenita
668 1628 832 1688 elementia
843 1629 1040 1708 reliquorum,

123 1711 173 1789 qui
197 1710 268 1769 boni
290 1719 370 1790 sunt,
392 1712 636 1789 persecutionem
667 1729 730 1771 non
753 1712 906 1772 toleraret..
950 1712 1041 1791 Atqui

122 1800 164 1873 tn,
186 1812 266 1872 quae
299 1792 471 1853 universale
493 1792 731 1855 constantiense
753 1793 924 1854 Concilium
959 1796 1043 1855 dam·

121 1878 217 1954 navit,
238 1897 277 1937 ex
299 1878 442 1936 universa
455 1875 638 1937 Germanica
661 1878 787 1937 natione
808 1886 1040 1958 congregatum,

120 1961 301 2037 resuscitas,
324 1970 355 2019 et
376 1978 431 2039 per
452 1960 638 2038 &cripturam
668 1962 829 2041 vinciris,
853 1965 882 2021 in
907 1981 968 2041 quo
992 1980 1040 2022 ve·

122 2044 280 2104 hementer
308 2043 430 2103 deliras.
480 2041 559 2117 Quid
588 2046 668 2103 enim
699 2045 810 2105 attinet
844 2064 956 2106 novam
987 2045 1043 2105 dis·

123 2129 311 2208 putationem
346 2125 503 2186 celebrare
536 2126 574 2185 de
603 2127 693 2187 rebus
724 2147 779 2207 per
807 2137 850 2188 tot
881 2127 984 2189 secula
1007 2130 1043 2188 ab

125 2210 257 2271 ecelesia
290 2217 320 2270 et
342 2209 482 2270 Concilio
506 2210 734 2288 condemnatis,
764 2213 819 2270 nisi
849 2212 926 2272 forte
949 2213 1043 2272 atrivis

123 2293 162 2355 de
184 2311 368 2373 quoeunque
398 2295 478 2353 ratio
501 2292 658 2353 reddenda
686 2302 742 2355 est.
786 2293 876 2369 Quod
899 2297 924 2356 si
946 2295 1040 2355 semel

123 2378 296 2457 pervicerit,
321 2383 354 2437 nt
370 2376 532 2456 Scripturis
556 2378 785 2437 convincendus
797 2381 844 2450 sit,
868 2381 1041 2458 quicunque

125 2460 271 2522 Consiliis
293 2469 323 2520 et
337 2461 487 2521 eeclesiae
505 2461 602 2520 sensis
621 2461 810 2532 onntradinit,
834 2463 906 2521 nihil
920 2461 1041 2522 habebi-

125 2563 192 2603 mus
236 2546 265 2605 in
307 2545 533 2605 Christianitate
567 2552 682 2604 eertum
717 2545 765 2604 vel
796 2545 1041 2608 determinatum.

124 2628 161 2688 m
184 2628 261 2690 haee
290 2637 470 2705 causaest,
500 2628 539 2687 ob
563 2647 654 2707 qnam
684 2627 834 2688 Caesarea
859 2629 1042 2689 Maiestasa

123 2716 245 2794 tapetii
267 2731 447 2791 responsum
471 2711 601 2791 simplex
624 2730 661 2770 ue
685 2713 826 2790 planum,
850 2719 902 2772 aut
925 2715 1041 2791 negati·

124 2816 196 2857 vum
219 2803 271 2856 aut
293 2796 517 2855 affirmativum:
539 2793 618 2854 Num
641 2797 686 2854 vis
711 2795 812 2854 omnia
836 2803 887 2855 tua
909 2815 966 2876 pro
989 2814 1037 2855 ea·

125 2880 245 2941 thoiiois
268 2880 359 2948 tueri,
389 2899 427 2938 an
452 2897 524 2938 vero
548 2879 713 2958 quidquam
736 2899 775 2938 ex
798 2880 840 2938 eis
870 2878 1042 2940 revocare?

187 2963 229 3023 lbi
241 2963 361 3042 rogavit
374 2962 490 3022 Ductor
498 2962 655 3039 Martinus,
669 2981 706 3022 ne
719 2969 872 3021 secontia
886 2964 1053 3022 conamen·

124 3048 195 3107 tiarn
204 3047 342 3106 assuetis
351 3045 511 3124 Scripturis
524 3053 644 3124 captam
653 3053 682 3105 et
694 3044 882 3125 impeditam,
895 3049 962 3105 sine
971 3065 1041 3105 oon·

124 3131 336 3191 tradicentium
360 3129 573 3188 manifestastis
595 3132 801 3208 argumentis,
826 3128 863 3187 ad
895 3148 1043 3190 revocan-

126 3213 196 3273 dum
219 3215 288 3291 angi
317 3219 470 3291 pateretur
492 3212 647 3272 Caesarea
669 3214 831 3279 Maiestas,
862 3232 1042 3293 responsum

125 3298 207 3377 quod
232 3297 342 3376 petitur
364 3315 424 3356 nou
449 3305 620 3374 cornutum,
643 3297 696 3355 sed
721 3297 851 3375 simplex
875 3308 903 3355 et
917 3305 1043 3372 reatum,

124 3400 224 3460 neque
246 3379 327 3439 aliud
348 3380 475 3450 habere,
510 3396 600 3457 quam
630 3379 710 3458 quod
741 3384 812 3439 ante
841 3398 965 3458 quoque
993 3378 1043 3440 de·

123 3465 237 3526 disset:
272 3464 327 3523 nisi
357 3461 577 3523 sufficientibus
606 3463 792 3542 argumentis
824 3465 1042 3525 conscientiam

127 3619 382 3630 ——a--nn—-o---
401 3616 459 3625 ...ο-.-
481 3616 546 3623 ...a-.-

197 3732 229 3799 1)
251 3727 368 3783 ibidemz
387 3743 476 3795 neque
488 3732 576 3780 tntum
595 3737 684 3793 neque
703 3720 837 3789 integrum
858 3715 901 3771 sit.
938 3719 972 3783 2)
992 3710 1044 3769 lbi·

121 3801 183 3863 den
209 3800 400 3860 tantummodo
420 3799 538 3869 legitur:
556 3795 621 3855 Mott
642 3794 698 3863 tulit
720 3791 778 3859 utin
802 3792 892 3846 Marcu.
