2392 4170
175 263 217 331 18
477 260 555 323 ses
569 262 606 321 Ι).
623 262 659 320 tt
676 260 790 319 Μαί

178 437 254 499 eilia
273 435 523 519 reprehendisse,
543 436 599 498 sed
620 442 739 497 tantum
770 434 1028 515 constantiense,
1058 433 1101 495 ob

180 520 242 581 hoc
264 520 467 600 potissimum,
488 520 572 599 quod
595 520 720 581 verbnm
743 518 800 579 Dei
814 516 981 581 damnavit
1009 515 1102 593 Quot

177 609 264 684 patet
285 604 315 662 in
337 604 467 665 articulo
488 603 550 663 hoc
574 602 721 663 lobannis
743 600 841 681 Huss,
873 598 914 662 ibi
937 599 1098 661 domama:

177 684 322 747 Ecclesia
357 685 469 749 Christi
505 693 554 747 est
590 692 623 747 et
664 685 846 746 universitas
890 682 1101 764 pmadestina'

177 775 286 831 torum.
334 768 424 830 Hunc
444 769 603 830 articulum
625 767 790 828 damnasse
818 766 991 828 Concilium
1021 766 1101 828 Gon·

177 853 355 926 stautiense,
387 861 503 913 certum
526 859 587 932 est,
621 860 654 911 et
685 852 731 910 sic
762 857 990 929 consequenter
1019 848 1103 910 hunc

178 935 338 996 articulum
360 934 432 995 fidei
461 942 602 997 nostrae:
633 932 735 994 credo
767 930 931 996 ecclesiam
960 940 1100 994 sanctam

178 1016 373 1080 catholicam.
429 1019 541 1080 Aiebat
571 1019 662 1096 igitur
695 1037 729 1077 se
757 1035 819 1077 uon
842 1035 985 1077 renuente
1006 1026 1038 1077 et
1060 1018 1101 1077 vi·

179 1109 239 1160 tam
263 1108 293 1161 et
315 1102 495 1183 sanguinein
526 1100 721 1182 impendere,
754 1099 848 1160 moda
883 1118 922 1160 eo
954 1117 1017 1161 nou
1051 1099 1106 1163 dea

178 1181 332 1262 trudatur,
366 1190 398 1243 ut
429 1194 559 1264 cogatur
592 1193 733 1264 apertum
774 1183 832 1243 Dei
860 1182 988 1243 verbnm
1014 1201 1100 1245 revo-

178 1284 259 1329 care.
298 1267 429 1327 Nomia
451 1267 511 1329 hoc
532 1265 725 1327 defendendo
747 1272 892 1346 oportere
913 1265 981 1327 Deo
1003 1267 1101 1346 magis

178 1368 280 1429 quam¹
292 1350 466 1412 bominibus
488 1349 625 1414 obedire.

261 1454 368 1534 Neque
390 1455 440 1515 hic
471 1474 505 1515 se
538 1474 630 1534 posse
663 1473 776 1515 cavere
806 1452 986 1514 scandalum
1018 1451 1100 1515 fidei.

178 1536 364 1599 Scandalum
397 1539 478 1598 enim
514 1537 630 1619 duplex
663 1556 750 1616 esse,
791 1538 926 1597 caritatis
960 1544 991 1597 st
1020 1535 1101 1611 fidei,

178 1621 331 1701 caritatis,
355 1620 438 1699 quod
459 1622 490 1680 in
519 1621 652 1683 moribus
682 1628 714 1681 et
746 1621 807 1680 vita
840 1620 997 1699 consistit,
1031 1618 1102 1681 fidei

178 1723 252 1765 vero
273 1723 327 1765 seu
358 1703 534 1786 doetrinae,
555 1704 637 1783 quod
670 1705 701 1766 in
733 1701 827 1763 verbo
860 1703 918 1763 Dei
953 1704 1101 1777 consistit,

177 1795 209 1846 et
239 1786 301 1848 hoc
334 1787 429 1849 vitare
461 1806 496 1848 se
528 1789 603 1849 iam.
621 1805 684 1853 non
718 1804 826 1868 posse,
863 1788 896 1846 in
928 1805 986 1847 sua
1020 1787 1100 1847 euim

178 1876 332 1949 potestate
367 1889 429 1933 nou
463 1888 550 1951 esse,
592 1878 625 1931 ut
661 1869 800 1932 Christus
840 1887 901 1930 nou
941 1869 980 1929 sit
1015 1876 1102 1950 petra

177 1951 325 2016 scandali.
368 1950 403 2016 st
433 1972 519 2025 oves¹
546 1953 659 2017 Christi
690 1972 766 2033 puro
796 1949 956 2031 Evangelii
989 1951 1102 2032 pabulo

178 2044 388 2117 pascerentur,
411 2035 487 2097 fides
511 2036 623 2098 Christi
645 2054 716 2097 vere
734 2035 971 2115 praediceretur,
989 2042 1119 2101 essent.

179 2136 238 2197 que
261 2118 335 2179 boni
358 2138 395 2178 ac
416 2120 457 2199 pii
482 2122 678 2199 magistratus
702 2119 912 2198 ecelesiastici,
947 2119 998 2197 qui
1028 2117 1102 2178 flde-

181 2201 249 2260 liter
272 2200 406 2261 officium
428 2221 515 2262 sunm
539 2204 684 2282 facerent,
709 2221 772 2262 non
795 2220 873 2282 opus
896 2221 981 2283 esse,
1004 2202 1101 2262 eccle-

179 2286 257 2343 siam
281 2303 410 2344 onerare
434 2285 574 2346 humanis
604 2283 817 2347 traditionibus
845 2293 902 2348 eie.
947 2283 987 2345 Se
1015 2288 1103 2363 scire,

180 2366 388 2427 obediendum
412 2387 482 2428 esse
505 2368 732 2451 magistratibus
757 2376 787 2428 et
808 2367 1028 2448 potestatibus,
1052 2369 1103 2428 eti-

181 2469 228 2508 am
252 2450 332 2511 male
355 2457 387 2511 et
407 2452 511 2532 inique
535 2453 717 2529 viventibus,
740 2453 829 2527 scire,
847 2448 1019 2512 sedendum
1035 2470 1103 2512 esse

179 2535 305 2613 proprio
327 2536 447 2614 sensui,
481 2534 572 2615 idque
595 2556 628 2597 se
651 2538 681 2595 in
704 2538 767 2596 suis
797 2537 917 2616 scriptis
949 2534 1104 2613 docuisse,

177 2634 272 2696 seque
317 2617 566 2680 obedientissime
610 2620 824 2699 praestiturum
870 2617 948 2679 haee
986 2620 1101 2699 omnia,

178 2698 271 2760 modo
297 2720 358 2762 non
383 2701 523 2782 adigatur
546 2702 670 2764 verbum
695 2703 751 2763 Dei
774 2722 899 2783 negare.

260 2805 431 2868 secedente
463 2808 599 2869 Doctore
631 2809 761 2869 Martino
803 2808 957 2887 Principes
1007 2807 1105 2868 collo·

178 2896 319 2968 quuntur,
343 2890 489 2969 quidnam
510 2892 757 2972 respondendum
780 2893 818 2952 sit
840 2889 979 2952 homini?
1005 2891 1106 2952 Revo-

179 2982 279 3035 catum
315 2974 406 3052 igitur
434 2975 464 3033 in
489 2976 667 3055 triclinium,
697 2976 814 3036 Doctor
843 2974 993 3035 Badensis
1020 2994 1106 3056 repe·

178 3056 246 3115 tivit
267 3058 379 3136 priora,
403 3059 694 3134 commonefaciens,
717 3067 750 3119 ut
771 3078 828 3119 sua
849 3058 970 3138 Scripta
991 3058 1104 3120 iudicio

179 3137 319 3199 Caesaris
343 3148 373 3200 et
395 3138 520 3221 Imperii
543 3143 716 3205 subiiceret.

263 3255 433 3335 Respondit
454 3258 571 3319 Doclor
599 3259 745 3320 Martinus
773 3255 950 3339 suppliciter
978 3267 1010 3321 et
1043 3280 1105 3321 mo·

178 3336 276 3416 desta,
299 3357 332 3398 se
354 3356 454 3419 neque
484 3344 546 3421 pati
580 3361 679 3422 neque
708 3361 878 3421 passurum,
901 3351 935 3402 ut
955 3342 1106 3404 diceretur

179 3420 333 3500 defugisse
355 3422 497 3484 iudicium
528 3425 678 3502 Caesaris,
701 3426 865 3486 Procerum
896 3435 926 3485 et
955 3426 1104 3488 Ordinum

180 3500 313 3584 Imperii.
363 3505 493 3568 'lautum
517 3510 597 3568 enirn
634 3509 753 3587 abesse,
776 3519 808 3568 ut
835 3528 942 3569 eorum
970 3530 1103 3573 examen

179 3586 370 3665 reformidet,
403 3598 436 3650 ut
463 3591 513 3651 vel
546 3593 677 3652 minimis
711 3611 834 3672 quoque
872 3595 1103 3654 accuratissime

179 3689 234 3731 sua
252 3672 386 3752 expendi
407 3676 610 3757 permitteret,
645 3675 738 3736 modo
771 3675 801 3736 id
832 3675 918 3736 lieret
939 3679 1103 3745 autoritate

180 3753 262 3817 verbi
293 3755 387 3821 divini
421 3766 452 3819 et
482 3778 589 3821 sacrae
612 3758 796 3843 Scripturas.
843 3756 975 3822 Verbum
999 3771 1101 3822 eutem
