2392 4170
385 239 511 292 Rationis
531 239 710 294 Latomionae
729 245 780 296 etc.
992 238 1055 306 517
1123 233 1136 257 ⁰

133 392 256 471 spiritus
279 394 374 453 servit
395 400 535 473 peccato,
560 403 647 456 extra
669 395 815 476 gratiam,
839 393 894 454 sed
915 403 1055 475 peccato,

133 474 217 554 quod
240 475 302 535 tale
323 485 414 552 essct,
438 479 495 537 nisi
511 480 610 558 gratia
623 486 653 538 at
670 479 783 540 donum
806 480 835 540 in
850 480 949 558 gratia
968 481 1055 541 unius

133 559 269 618 hominis
290 560 513 638 praevalerent.
556 562 671 623 Natura
702 564 823 644 peccati
854 569 901 622 est
931 565 1055 624 veroin

132 644 187 720 eia,
210 643 264 702 sad
286 644 347 702 iam
370 663 430 704 non
455 651 566 723 potest,
589 647 671 725 quod
694 648 802 727 potuit.

216 725 315 786 Dabet
339 747 413 807 ergo
426 728 571 789 Latomus
594 731 730 809 prolerre
751 730 854 791 locum
869 727 1053 809 Scripturas,

131 809 215 889 quod
246 830 417 891 repugnare
451 812 511 892 legi
541 813 595 872 Dei
623 834 685 874 non
716 815 754 873 ait
790 820 968 894 peccatum,
1002 813 1056 874 scd

132 909 235 974 poena
264 913 316 953 acu
350 893 520 957 infirmitas.
570 896 649 956 Nam
675 896 757 976 qaod
791 897 864 957 dicit
891 892 1057 976 ex'Augu·

133 977 226 1053 atino,
247 992 308 1037 non
332 977 401 1040 ideo
425 998 556 1059 peccare
575 979 741 1056 hominem,
763 983 838 1041 satia
863 980 977 1040 dictum
1000 987 1057 1059 est,

133 1060 290 1139 quomodo
315 1063 525 1142 accipiendum
549 1065 598 1142 sit,
622 1082 733 1144 nempe
755 1062 793 1124 ds
815 1077 944 1144 peccato
968 1070 1057 1125 extro

131 1144 260 1224 gratiam
285 1144 431 1224 loquitur,
466 1146 547 1226 quod
578 1148 699 1226 ineptus
726 1147 910 1207 Dialecticus
941 1146 1058 1210 inducit

133 1234 243 1287 contra
265 1248 313 1286 mc
338 1229 376 1288 de
391 1240 523 1308 peccato
544 1232 622 1290 intra
636 1231 765 1310 gratiam
789 1230 976 1310 loquentem,
999 1231 1055 1290 sic

133 1318 166 1370 ut
199 1310 311 1389 ubique
340 1320 370 1372 at
392 1313 422 1371 in
457 1313 598 1373 omnibus
627 1314 717 1391 facit,
743 1313 892 1392 petitione
915 1313 1056 1393 principii

134 1393 225 1454 solita
248 1393 416 1473 disserena,
451 1398 538 1474 quasi
562 1398 683 1473 vicerit,
720 1406 883 1476 paccatum
904 1397 934 1455 iu
958 1398 1057 1475 gratia

134 1476 308 1537 hominibus
331 1497 393 1537 non
417 1498 493 1538 esse.
541 1479 656 1540 Sinon
680 1479 840 1560 protulerit
862 1478 975 1558 locum,
999 1498 1057 1539 nos

133 1559 307 1640 urgebimus
335 1581 404 1620 curn
428 1563 558 1640 simplici
581 1575 610 1623 et
634 1564 759 1644 propria
780 1562 942 1623 vorborum
965 1562 1057 1641 signi-

93 1695 94 1698 ,
133 1643 278 1702 ficatione
301 1652 478 1706 contentum
501 1654 593 1721 stare,
617 1647 699 1724 quod
722 1665 896 1727 repugnare
918 1645 977 1725 legi
1001 1645 1058 1705 Dei

131 1728 172 1786 sit
205 1727 362 1786 verissime
392 1747 530 1806 peccare.
587 1729 638 1788 Sic
672 1729 804 1809 probaro
833 1729 940 1806 debet,
974 1728 1058 1807 quod

133 1810 289 1888 captivare
312 1812 341 1869 in
366 1811 464 1891 legem
489 1813 624 1892 peccati,
656 1819 686 1872 at
707 1814 822 1872 servire
843 1813 904 1891 legi
928 1813 1059 1891 peccati,

132 1894 172 1952 sit
193 1891 345 1952 infirmum
369 1914 437 1954 ease
459 1902 490 1954 ct
511 1915 573 1956 non
590 1911 729 1974 peccare,
754 1896 869 1974 alioqui
891 1894 1003 1970 verbis,
1028 1904 1058 1953 ut

131 1977 244 2051 iacent,
267 1979 403 2056 acceptis
425 1980 585 2039 statuimus
610 1993 679 2039 esse
708 1978 787 2038 idem
812 1978 894 2058 quod
917 1995 1057 2058 peccora,

133 2058 323 2139 ubicunque,
363 2062 536 2140 quicunque
568 2062 675 2122 dicitur
706 2063 821 2121 servire
852 2066 982 2141 peccato
1006 2068 1058 2120 out

133 2141 193 2222 legi
217 2142 292 2203 eius.
336 2142 420 2202 Sicut
443 2144 580 2204 Christus
603 2145 709 2206 lohan.
732 2147 770 2209 8:
808 2144 867 2220 Qui
889 2144 962 2204 facit
984 2162 1057 2223 pec-

133 2233 246 2299 cotum,
272 2245 378 2285 servus
401 2235 448 2286 est
464 2229 600 2307 peccati3
622 2236 652 2288 et
666 2230 695 2290 2.
709 2228 771 2289 Pet.
790 2230 825 2291 2:
848 2229 873 2288 A
891 2246 952 2306 quo
976 2228 1055 2286 enim

133 2309 200 2388 quis
223 2316 400 2388 superatur,
423 2310 511 2370 huius
529 2317 559 2370 et
581 2327 687 2371 servus
709 2318 771 2390 cst,
805 2317 835 2371 at
856 2312 925 2391 ipse
945 2311 1057 2370 Paulus

135 2391 192 2452 Ro.
215 2393 249 2455 6:
283 2391 369 2452 Servi
398 2396 517 2470 peccati
550 2393 664 2453 fuistis:
698 2413 780 2453 nuno
807 2401 909 2453 autern
937 2392 1056 2453 liberati

132 2495 151 2535 a
174 2481 302 2553 pecco—to
325 2477 403 2535 servi
426 2475 497 2536 facti
518 2478 590 2536 estis
610 2477 753 2536 iustitiae.
802 2476 849 2536 lta
871 2475 920 2536 hie
942 2476 1055 2536 Paulus

133 2559 200 2637 ipae
222 2577 328 2616 servus
351 2566 398 2618 est
420 2560 551 2639 peccati,
574 2559 627 2618 ssd
651 2560 722 2637 quia
744 2557 839 2633 addit,
863 2558 973 2635 Carne,
996 2579 1057 2618 ma-

134 2640 243 2701 nifeste
271 2640 429 2720 distinguit
455 2643 534 2702 inter
566 2641 744 2722 simpliciter
780 2641 893 2701 servire
926 2648 1055 2721 peccato

137 2722 238 2801 (quod
260 2723 405 2784 Latomus
428 2726 526 2785 solum
556 2725 619 2785 vult
649 2731 680 2784 et
710 2724 797 2804 fingit
830 2742 864 2783 se
891 2731 1002 2799 nosse)
1027 2732 1058 2783 et

133 2808 212 2866 iuter
234 2808 348 2868 servire
370 2826 462 2868 carne
481 2815 618 2887 peccato.

218 2889 284 2949 Nec
307 2897 354 2951 est
376 2908 499 2966 verum,
529 2890 611 2969 qood
633 2890 778 2950 Latomus
808 2887 973 2967 aliquando
995 2907 1057 2948 non

133 2972 239 3033 sarriri
264 2980 394 3052 peccato
419 2974 528 3048 dccet,
557 2991 615 3033 neo
637 2972 696 3033 hoc
717 2974 745 3032 in
770 2973 916 3034 servitute
938 2973 1057 3051 peccati

136 3055 330 3134 simpliciter,
364 3076 422 3116 nec
450 3059 479 3116 iu
509 3058 655 3116 servitute
687 3072 778 3116 carne
805 3056 924 3136 peccati
953 3074 1056 3115 verum

135 3147 191 3200 est.
235 3139 346 3199 Omnia
373 3142 452 3200 enim
486 3160 565 3219 quoa
597 3140 684 3215 lacit,
719 3141 769 3217 qui
804 3157 910 3198 servus
938 3138 1057 3218 peccati

135 3231 191 3294 est,
213 3229 342 3300 peccata
365 3232 443 3284 sunt.
488 3224 638 3282 Dominus
662 3223 741 3281 enim
764 3225 809 3281 sui
833 3228 889 3297 est,
912 3233 942 3280 et
965 3222 1057 3281 servi-

135 3312 183 3364 tus
208 3324 272 3364 non
293 3307 411 3385 operis,
434 3306 488 3364 sed
512 3314 609 3367 status
633 3324 744 3365 nomen
768 3312 830 3382 est,
859 3304 940 3382 quod
964 3306 1057 3365 totius

136 3390 218 3447 vitoe
240 3387 341 3447 studia
364 3389 604 3468 comprehendit.
649 3388 733 3448 Sicut
756 3397 883 3447 econtra
905 3388 987 3447 aliud
1012 3395 1059 3446 cst

134 3470 313 3549 simpliciter
335 3472 402 3530 Deo
426 3474 555 3550 servire,
589 3470 669 3531 aliud
693 3489 794 3533 carno.
843 3470 915 3529 lusti
944 3470 1058 3550 simpli·

135 3554 212 3613 citer
233 3554 369 3613 serviunt
389 3555 473 3631 Dco,
497 3555 526 3614 id
550 3557 630 3614 enim
652 3568 816 3634 personam
839 3554 977 3632 respicit,
1003 3554 1057 3612 sed

135 3637 316 3717 hypocritae
339 3638 475 3696 serviunt
496 3639 523 3697 ei
539 3657 631 3697 carne
645 3643 772 3716 tantum,
795 3637 865 3716 quia
887 3636 960 3695 solis
986 3655 1058 3716 ope-

136 3719 230 3802 ribus,
247 3739 308 3782 non
332 3719 393 3783 fids
416 3720 527 3784 cordis.
559 3720 659 3805 Atque
682 3727 720 3782 ut¹
735 3720 766 3784 hi
788 3718 1058 3802 suathypocritao
