2340 4162
383 256 425 312 Ἦ.
441 246 478 311 bi.
496 240 577 313 inti.
591 240 782 310 murratum
1005 240 1051 316 ’59

120 422 207 553 ppos
228 411 259 470 in
281 411 410 474 vertute
431 412 487 473 Dei
509 411 714 495 promittentis
735 407 900 491 pendebat,
923 413 955 469 et
975 404 1052 488 fugit

187 510 236 556 ea.

207 575 365 655 lividos,
387 590 478 657 quam
501 577 586 639 dives
609 578 647 638 sit
666 577 761 638 homo
774 574 964 636 Christianus
986 576 1051 634 sira

121 657 306 739 baptisatus,
329 662 379 739 qui
403 663 494 722 edam
507 662 614 723 volens
637 679 698 721 non
714 665 819 741 potest
833 658 960 740 perdere
973 657 1052 717 sniu-

120 751 185 802 tem
210 762 298 803 suam
321 747 565 824 quantiscunque
588 745 733 824 peooatis,
754 742 902 803 nisiuoiit
916 741 1049 802 eredere.

121 825 215 886 linita
238 829 318 887 euim
341 837 470 906 peecata
492 842 561 888 eum
584 832 714 908 possunt
727 827 882 902 damnare,
904 824 961 885 uisi
985 824 1051 884 sola

119 909 331 972 ineredulitas.
375 911 487 972 Cetera
510 913 629 990 omnia,
652 913 677 971 si
698 911 805 972 redeat
826 908 875 969 vel
894 914 955 970 stet
975 906 1051 968 [ides

118 992 151 1052 in
175 994 413 1071 promissionem
437 994 571 1055 divinam
594 993 746 1073 baptisato
775 993 904 1068 fastam,
931 993 961 1051 in
984 1007 1051 1051 moe

119 1082 228 1136 mento
250 1075 469 1156 absorbentur,
491 1097 546 1159 per
567 1077 696 1138 eandem
718 1077 826 1155 fidem,
860 1077 925 1137 ima
945 1076 1052 1153 verita·

74 1214 81 1238 ‚
120 1164 182 1218 tem
207 1158 285 1234 Dei,
317 1158 445 1239 quisse
473 1162 573 1241 ipsum
597 1178 711 1239 negare
740 1179 802 1221 non
824 1152 996 1239 potest‚'ii
1020 1164 1052 1218 tu

119 1254 191 1302 eum
216 1241 375 1303 ooufessus
396 1244 505 1320 tueris,
528 1251 558 1304 et
580 1245 768 1325 promittenti
789 1242 921 1304 fideliter
941 1239 1052 1303 adbae-

119 1326 207 1386 seris,
261 1325 413 1387 Oouttitio
452 1335 553 1387 autem
585 1333 615 1388 et
653 1334 849 1406 peooatorum
888 1325 1052 1401 eoniessiu,

120 1407 235 1468 deiude
256 1416 288 1468 et
309 1410 496 1488 satisfaotio,
524 1417 555 1470 et
582 1412 686 1471 omnia
707 1410 760 1470 illa
780 1408 937 1470 hominum
960 1426 1051 1469 exou-

121 1492 219 1570 gttata
240 1491 340 1552 studia
363 1492 464 1553 subito
487 1499 518 1554 ts
540 1493 691 1567 deserent,
714 1499 745 1553 et
765 1492 964 1554 intelioiorem
986 1492 1053 1552 red·

121 1573 204 1647 deut,
227 1575 251 1633 si
273 1573 385 1636 oblitus
407 1578 543 1636 veritatis
565 1576 653 1643 huius
676 1575 797 1637 divinae
829 1577 861 1635 in
893 1577 968 1656 ipsis
991 1580 1053 1650 tete

126 1656 314 1719 distenderis.
371 1659 499 1720 Vanitas
533 1661 613 1720 'euim
652 1661 819 1720 vanitatum
859 1666 890 1719 et
928 1658 1052 1719 afflietio

126 1737 250 1881 ¹Spiritus
287 1748 350 1818 est,
393 1742 538 1822 quioquid
576 1750 665 1803 extra
695 1742 786 1803 tidem
823 1743 959 1802 veritatis
992 1742 1052 1802 Dei

137 1829 288 1885 sotatur.

203 1905 299 1966 Simul
323 1906 417 1983 vides,
441 1922 532 1986 quam
554 1908 773 1988 periculosum,
795 1909 859 1967 imo
880 1907 990 1967 falsum
1014 1908 1053 1967 sit

120 1989 256 2067 opinari,
284 1991 507 2068 poeniteutiam
536 2008 604 2051 esse
634 1990 800 2051 seeundum
824 1990 958 2051 tabulam
981 1997 1051 2070 post

118 2070 328 2153 nsubagium,
363 2081 393 2132 et
424 2090 515 2152 quam
546 2075 737 2153 perniciosus
768 2075 807 2135 sit
828 2082 1051 2152 errurputare,

119 2168 177 2234 per
198 2163 359 2233 peecatum
382 2156 534 2217 exoidisse
556 2158 617 2216 vim
631 2156 782 2236 baptismi,
806 2164 958 2217 etnavem
973 2157 1053 2216 hano

120 2255 191 2295 esse
224 2237 345 2298 illisam.
399 2238 503 2299 Manet
533 2240 586 2300 iiia
620 2259 695 2317 una,
729 2240 843 2317 solida,
879 2248 909 2300 et
938 2242 1051 2299 iuviota

119 2321 223 2396 navis,
253 2336 311 2380 uec
340 2338 473 2400 unquam
504 2322 682 2383 dissolvitur
709 2325 740 2381 in
762 2323 840 2382 ulias
863 2322 997 2393 tabulas,
1020 2324 1051 2381 iu

120 2421 183 2482 qua
207 2421 314 2464 omues
337 2405 502 2478 vehuntur,
531 2408 581 2483 qui
605 2406 643 2465 ad
665 2411 787 2485 portum
809 2406 916 2465 salutis
939 2406 1062 2465 vehunt

120 2493 179 2563 tur,
202 2495 349 2564 quaeest
371 2490 482 2548 veritas
504 2486 561 2548 Dei
584 2490 613 2548 in
637 2491 836 2549 sacramentis
859 2491 1048 2568 promittens.
1074 2509 1081 2521 ·

120 2568 190 2628 Hoe
212 2589 288 2629 sane
310 2569 359 2648 fit,
383 2578 416 2630 ut
437 2572 521 2630 multi
544 2591 561 2632 e
584 2591 663 2632 nave
684 2578 801 2632 temere
822 2573 852 2630 iu
876 2591 960 2631 mare
984 2590 1051 2650 pro·

121 2651 225 2711 siliunt
247 2660 277 2712 et
299 2661 441 2732 pereant,
468 2655 499 2713 hi
522 2661 592 2714 suut
614 2656 664 2733 qui
695 2655 816 2714 deserta
839 2655 1052 2733 promissionis

120 2733 183 2793 fide
211 2736 242 2794 iu
271 2743 433 2814 peecatum
463 2756 531 2796 sese
561 2739 774 2817 praecipitant.
818 2737 933 2796 Verum
964 2738 1051 2795 navis

120 2818 190 2896 ipsa
211 2825 381 2896 permanet,
404 2827 433 2879 et
454 2821 562 2880 transit
577 2821 697 2900 integra
719 2840 809 2880 eursu
822 2839 896 2893 su03
920 2819 1002 2898 quod
1026 2820 1051 2876 st

122 2918 184 2978 qua
205 2903 303 2978 gratia
332 2901 371 2961 ad
400 2922 510 2963 navem
538 2906 648 2962 reverti
675 2908 793 2982 potest,
825 2902 908 2962 nulia
938 2901 1051 2976 tabula,

121 2982 176 3042 sed
199 2983 298 3044 solida
319 2986 388 3063 ipsa
410 3004 488 3045 nave
511 2986 623 3046 feretur
645 2985 683 3045 ad
706 2989 815 3063 vitam,
838 2986 889 3044 hie
910 2992 972 3058 est,
1002 2982 1052 3060 qui

122 3065 160 3124 ad
195 3068 431 3145 promissionem
458 3068 515 3128 Dei
550 3069 690 3128 stabilem
725 3076 755 3128 et
790 3074 964 3127 manentem
1000 3082 1054 3143 per

122 3146 214 3207 fldem
237 3152 406 3212 revertitur.
450 3150 539 3212 Unde
553 3151 659 3210 Petrus
674 3150 703 3212 2.
726 3152 790 3210 Pet.
816 3155 842 3212 1.
866 3149 966 3227 arguit
989 3164 1054 3222 eos,

123 3233 172 3308 qui
196 3239 344 3309 peceant,
368 3234 450 3312 quod
473 3233 658 3293 oblivionem
688 3235 841 3311 aeoipiaut
863 3230 1054 3310 purgationis

124 3320 259 3373 veterum
283 3314 463 3377 delictorum
486 3335 626 3392 suorum,
656 3317 721 3375 siue
749 3315 841 3374 dubio
864 3311 1055 3391 iugratitudi-

123 3414 191 3456 nem
214 3401 335 3477 aoeepti
358 3399 502 3480 baptismi
525 3408 556 3460 et
576 3399 765 3479 impietatem
788 3396 975 3455 infidelitatis
999 3411 1054 3452 eo-

123 3498 188 3539 rum
213 3488 335 3545 taxans.

207 3563 287 3638 Quid
311 3581 384 3644 ergo
407 3565 535 3647 prodest
558 3565 596 3623 de
618 3564 771 3643 baptismo
795 3568 857 3620 tam
871 3558 965 3617 multa
981 3557 1056 3614 sari·

123 3646 212 3722 bere,
252 3654 283 3707 et
324 3648 406 3708 hane
441 3649 534 3708 fldem
569 3645 781 3726 promissionis
820 3661 882 3702 non
923 3638 1055 3699 dooere?

125 3728 238 3792 Omnis
260 3741 455 3794 sacramenta
476 3732 516 3792 ad
538 3729 629 3793 fldem
653 3727 795 3791 alendam
818 3730 889 3785 snut
910 3723 1057 3797 instituta,
