2392 4170
448 256 529 323 Doot.
548 217 726 315 dan.tuah.
991 242 1052 318 347

131 447 194 490 rem
220 424 430 509 temporaliter
453 421 691 506 observandum,
712 425 926 509 propdiscenda
949 423 1053 485 flde'et

130 513 291 592 disciplina
318 511 509 592 evangelica.
552 511 620 573 Hoc
648 513 746 592 probo
775 513 832 572 sic:
860 509 1053 589 Impossibile

131 605 188 672 est,
211 604 243 656 ut
272 596 458 657 monasteria
492 615 553 656 non
584 595 717 657 babeant
739 593 935 675 Praepositos
970 611 1052 670 suos,

133 681 182 758 qui
206 682 362 759 praesint,
386 687 495 758 regant
518 684 548 738 et
569 688 698 759 pascant
732 679 909 740 monachos.
958 677 1055 737 Estne

131 764 191 823 boc
214 762 340 823 verum?
377 762 463 837 Quae
486 763 565 822 enim
589 763 728 823 confusio
751 763 830 822 foret
852 763 917 822 sine
930 767 1054 840 pastore

132 846 354 926 congregatio?
390 845 435 906 Sit
448 864 521 925 ergo
545 845 604 906 boc
618 866 732 925 verum,
755 843 946 925 impossibile
960 845 1052 903 etiam

132 939 198 1007 est,
231 937 265 989 ut
287 931 364 990 haec
387 930 600 1009 praepositura
628 929 694 990 Deo
726 947 786 991 non
810 929 947 1009 placeat,
983 926 1054 1005 quia

132 1014 273 1073 ordinata
297 1023 433 1092 potestas
457 1033 475 1072 a
499 1013 564 1072 Deo
587 1020 642 1090 est,
666 1013 754 1075 Rom,
782 1015 829 1077 13.
863 1012 903 1070 At
924 1028 1054 1090 praepo-

133 1099 223 1157 situm
248 1116 315 1156 esse
338 1103 369 1156 et
399 1095 524 1157 obedire
552 1115 606 1156 seu
630 1095 716 1156 subdi
741 1094 851 1168 simul,
880 1109 979 1172 aeque
1000 1093 1056 1152 irn-

134 1180 282 1259 possibile
305 1190 359 1240 est.
404 1179 527 1258 Loquor
551 1185 655 1240 autem
677 1179 715 1240 de
738 1178 889 1259 corporali
912 1176 1056 1238 obedien·

134 1264 176 1323 tia
199 1283 262 1323 seu*
276 1263 481 1340 subiect-ione,
504 1281 583 1342 quas
606 1270 637 1324 et
658 1264 726 1325 sola
748 1269 900 1340 vovetur,
926 1268 959 1322 ut
980 1260 1054 1319 dixi-

134 1365 211 1422 mus,
234 1346 288 1406 sed
320 1354 350 1406 et
381 1346 486 1426 regula
510 1347 600 1407 dicit:
631 1347 811 1426 Praeposito
838 1337 1055 1417 obediendum,

133 1437 163 1490 et
192 1430 383 1510 disciplinam
420 1431 450 1489 in
484 1449 574 1490 manu
609 1432 673 1491 eius
705 1450 782 1495 esse.
837 1429 877 1489 Et
912 1425 1055 1507 Apostoli

134 1514 258 1574 verbum
282 1515 340 1573 buc
363 1513 500 1574 trabunt:
524 1514 655 1576 Obedile
676 1513 859 1595 praepositis
882 1512 1002 1584 vestris,
1022 1516 1055 1568 et

135 1597 291 1657 subtacere
313 1599 366 1656 eis.
401 1598 468 1658 Non
494 1599 573 1658 enirn
597 1599 644 1659 vel
667 1597 901 1679 congregationi
919 1594 966 1655 rel
989 1591 1058 1653 sub·

133 1679 196 1740 dito
220 1681 415 1759 Praepositae
438 1700 506 1741 esse
528 1690 629 1760 potest
660 1681 814 1742 subiectus
845 1676 1055 1759 corporaliter.

115 1797 117 1802 ·
134 1763 277 1843 Sequitur
300 1783 387 1842 ergo,
410 1783 532 1824 omnem
548 1765 758 1844 Praepositum
778 1784 847 1825 esse
859 1762 940 1843 apud
958 1761 1056 1822 Deum

134 1848 308 1908 absolutum
331 1869 349 1907 a
373 1855 447 1908 voto
472 1847 676 1925 obedientiae,
699 1848 843 1926 quamdiu
861 1846 1057 1927 Praepositae

134 1939 190 2007 eat,
215 1937 406 1991 assecutam
443 1938 544 2011 potest
576 1951 698 2012 semper
731 1939 762 1992 et
783 1932 850 2011 ipse
880 1938 911 1992 et
931 1930 1059 2009 quilibet

134 2015 222 2078 alius.
266 2015 349 2093 Ergo
373 2015 420 2074 vel
444 2015 544 2074 nullas
566 2022 716 2095 perpetuo
740 2015 958 2077 etnecessario
984 2020 1058 2074 voto

134 2097 328 2158 obedientiae
355 2106 402 2158 est
431 2098 595 2159 obstrictus
625 2100 716 2159 etiam
751 2117 854 2158 coram
892 2097 981 2165 Deo,
1009 2096 1058 2157 vel

135 2180 234 2239 nullus
256 2189 360 2259 potest
382 2183 411 2239 in
436 2183 630 2243 monasteriis
653 2201 723 2243 esse
739 2182 947 2260 Praepositae,
970 2181 1057 2240 Prae-

135 2264 253 2338 positus
276 2264 356 2322 enim
378 2282 440 2323 non
464 2264 585 2342 obedit,
608 2265 661 2325 sed
684 2269 710 2326 ei
734 2265 897 2339 obeditur,
929 2270 961 2324 et
982 2263 1057 2324 obe·

136 2344 278 2403 diendum
309 2345 402 2405 dictat
436 2347 543 2426 regula
584 2355 615 2407 et
643 2357 732 2409 tenor
769 2349 968 2429 professionis
1002 2366 1057 2407 seu

136 2429 208 2489 voti.
528 2447 530 2450 ·

218 2511 276 2571 Hic
299 2511 370 2570 mihi
394 2531 433 2572 ne
456 2512 608 2573 tantillum
637 2515 758 2593 quidem
792 2517 908 2595 negotii
935 2515 1057 2591 facient,

134 2595 185 2675 qni
208 2594 321 2672 dicunt,
346 2597 554 2674 Praepositum
575 2597 638 2656 suis
655 2616 777 2677 qnoque
800 2597 966 2659 maioribus
990 2597 1058 2656 sub·

136 2679 187 2756 di,
224 2686 254 2737 et
284 2678 450 2738 secundum
492 2679 629 2758 regulam
664 2682 823 2760 imperare.
873 2680 970 2758 Scio,
1003 2678 1057 2740 sed

136 2760 207 2840 quid
230 2762 307 2821 haec
329 2761 367 2822 ad
385 2769 488 2822 votnm
508 2762 711 2840 obedientiae,
734 2763 817 2842 quod
839 2764 899 2823 iam
921 2762 1057 2823 divinum

136 2855 333 2924 praeceptum
369 2864 437 2905 esse
473 2842 599 2926 dixisti,
632 2846 714 2925 qnod
749 2866 807 2907 nec
830 2847 900 2907 licet
920 2845 1082 2918 mutaret,

136 2927 202 2986 Non
229 2928 302 2989 licet
325 2935 522 3008 praeceptum
546 2929 602 2988 Dei
625 2931 806 3010 relinquere,
828 2935 954 3009 propter
976 2926 1058 2991 aliud

137 3018 335 3091 praeceptum
374 3010 454 3091 Dei,
492 3013 586 3072 multo
616 3014 715 3073 minus
744 3019 870 3093 propter
891 3012 1058 3074 hominem.

135 3094 204 3154 Alia
227 3114 275 3154 res
299 3101 346 3156 est
368 3094 561 3174 praesidere,
585 3102 616 3156 et
636 3096 802 3157 maioribus
832 3097 899 3155 aliis
923 3094 1058 3159 obedire.

135 3176 212 3236 Nam
236 3177 313 3237 haec
336 3178 513 3238 obedientia
535 3178 658 3239 tandem
681 3181 711 3239 in
734 3179 849 3258 Papam
866 3178 1058 3257 redundabit,

135 3261 185 3338 qui
209 3260 282 3319 nulli
306 3259 419 3325 obedit.
462 3261 560 3322 Nemo
591 3268 685 3323 vovet
711 3262 905 3342 praesidere,
928 3269 981 3324 aut
1003 3263 1059 3324 Pa-

136 3362 195 3421 pae
218 3360 255 3401 ac
275 3343 449 3423 Praepositi
473 3345 638 3405 maioribus
662 3344 833 3424 obedire1),
862 3345 1058 3427 sedPraepo·

135 3426 194 3485 sito
216 3425 275 3504 ipsi
299 3427 327 3484 in
352 3431 539 3488 monasterio
564 3435 656 3492 vovet
677 3428 896 3506 obedientiam,
915 3429 1058 3491 obedien·
1154 3422 1160 3434 ⁸

135 3510 224 3585 tiam,
254 3509 398 3587 inquam,
432 3518 463 3569 et
490 3512 682 3591 corporalem
712 3510 932 3573 subiectionem
956 3520 1058 3592 vovet,

208 3779 235 3848 1)
255 3778 287 3833 ιι
304 3777 371 3834 aar.
392 3751 500 3848 paors:
528 3792 563 3835 aa
588 3778 742 3852 majorinus
756 3780 926 3858 nanneno
945 3778 1083 3837 casua.
