2392 4170
447 237 530 294 Doct.
548 237 627 294 uara
645 235 726 293 Lutlr.
990 233 1053 308 345,
1157 314 1159 319 ,

132 419 233 475 antem
268 412 331 483 sius
367 411 567 493 abnegantes.
612 411 713 487 Quare
742 409 917 490 obedientia
950 429 1052 473 mona·

132 498 210 556 stica
233 502 285 556 aut
307 515 361 576 pro
385 496 545 576 temporali
567 496 740 557 rudimento
758 495 900 556 habenda
923 503 978 570 est,
1002 500 1054 555 aut

135 600 209 640 mox
232 580 410 655 deserenda,
447 585 476 640 et
499 578 685 640 redeundum
710 580 756 640 vel
786 578 824 638 ad
848 578 978 658 legalem
1003 597 1053 658 pa-

132 669 251 723 rentum
276 670 307 723 et
328 663 522 723 dominorum
547 663 595 723 rel
618 663 655 722 ad
681 663 891 743 evangelicam
916 663 1051 723 omnium

133 745 359 824 obedientiam,
383 746 455 806 nihil
479 745 645 819 morando,
667 748 691 807 si
717 747 870 806 sexcentis
901 746 981 806 votis
1004 744 1053 805 lir-

133 836 216 891 mata
239 838 330 903 esset,
353 828 435 909 quod
458 835 563 890 votum
591 830 651 891 hoc
680 830 826 892 adversus
850 828 1052 908 Evangelium

133 913 171 973 sit
193 921 223 973 et
245 933 263 972 a
288 914 353 973 Deo
376 932 437 973 non
461 915 562 993 possit
582 913 703 999 probari
728 932 785 973 neo
808 913 898 991 exigi.

216 995 300 1056 Haec
323 996 487 1057 dictasint
515 996 552 1056 de
583 996 758 1058 obedientia
786 996 953 1057 secundum
976 995 1054 1057 veri-

134 1085 238 1153 tatem,
259 1080 312 1139 ssd
337 1099 419 1140 nunc
441 1080 576 1140 dicamus
600 1081 638 1140 de
660 1079 767 1141 eadem
782 1079 948 1140 secundum
973 1098 1054 1139 men-

133 1161 221 1222 dacia
246 1166 438 1242 monastica,
461 1172 493 1225 ut
515 1164 694 1242 videamus,
718 1183 809 1241 quam
833 1164 947 1224 nullum
972 1182 1054 1223 men·

134 1245 253 1307 dacium
277 1248 316 1306 sit
338 1247 438 1306 solum
468 1254 498 1306 et
526 1248 666 1327 simplex.
710 1248 831 1323 Aiunt,
861 1245 1055 1308 obedientiae

133 1335 238 1389 votnm
261 1349 329 1389 esse
340 1330 550 1410 substantiale,
572 1336 603 1391 at
619 1332 679 1390 iam
696 1330 831 1390 divinum
846 1336 1054 1410 praeceptum.

134 1410 190 1472 Hic
211 1420 318 1494 repeto
341 1433 394 1492 ea,
418 1431 496 1492 quae
521 1434 612 1493 super
641 1420 714 1475 voto
736 1414 926 1494 paupertatis
957 1412 1054 1474 intuli.

135 1495 213 1570 Quid
237 1495 340 1557 dicent
362 1496 400 1556 de
433 1498 586 1577 episcopis
609 1517 626 1559 a
648 1498 841 1558 monasteriis
869 1494 1055 1575 assumptis?

135 1579 184 1638 ubi
207 1588 311 1641 manet
348 1599 451 1640 eorum
480 1579 681 1640 substantiale
712 1579 840 1640 votum?
882 1581 996 1640 Dicent
1025 1584 1056 1639 et

133 1661 192 1743 hio,
216 1684 269 1724 eos
294 1665 423 1744 migrare
445 1664 474 1721 in
498 1663 695 1741 perfectionis
736 1670 848 1724 statum
885 1671 916 1724 et
944 1661 1055 1722 cedere
1136 1728 1140 1736 ἢ

134 1746 337 1810 obedientiae.
382 1745 507 1806 Reduco
538 1753 567 1806 et
601 1764 660 1827 ego
690 1765 770 1826 quas
797 1767 889 1827 supra
912 1745 1055 1826 opposui,

133 1830 250 1891 scilicet
272 1831 451 1910 episcopum
476 1847 537 1888 non
560 1830 652 1889 licere
675 1830 859 1891 monachum
891 1828 973 1905 tisri,
997 1846 1057 1889 nec

134 1912 173 1973 ad
186 1921 297 1975 statum
311 1913 507 1992 perfectionis
526 1912 674 1973 eiusmodi
695 1915 834 1994 migrare,
852 1920 945 1993 atque
964 1909 1055 1972 etiarn

134 1996 183 2056 hic
205 2004 301 2057 status
324 1995 521 2078 perlectionis
550 1995 605 2057 sibi
638 2015 801 2077 pugnare,
840 1997 971 2057 invicem
999 1993 1055 2054 sibi

134 2080 353 2160 perlectionem
378 2087 409 2140 et
430 2079 692 2159 imperfectionem
715 2078 847 2140 tribuere
869 2088 899 2140 et
911 2079 1056 2142 adimere.

135 2165 179 2222 lta
207 2164 378 2222 suavissimi
407 2163 546 2223 homines
576 2170 672 2224 status
701 2164 897 2243 perfectionis
924 2182 986 2223 non
1017 2181 1056 2222 ex

135 2245 195 2304 lide
218 2252 249 2304 et
271 2247 406 2321 caritate,
430 2264 491 2304 non
516 2247 647 2325 denique
669 2245 708 2307 ab
731 2250 799 2326 ipsa
817 2254 945 2307 externa
959 2246 1056 2326 hypo-

137 2327 204 2387 crisi
230 2346 356 2406 operum
380 2345 514 2403 suorum,
538 2329 591 2388 sed
614 2329 652 2389 ab
675 2328 808 2391 arbitrio.
824 2328 973 2409 migrandi
997 2347 1058 2388 me·

136 2413 258 2474 liuntur.
303 2409 333 2469 si
358 2406 438 2469 enim
464 2412 627 2489 episcopus
651 2411 705 2471 fiat
727 2413 910 2491 monachus,
934 2409 974 2474 ad
996 2419 1058 2472 sta·

138 2502 200 2555 tum
223 2492 419 2574 perfectionis
453 2493 614 2570 ascendit,
651 2495 724 2571 quia
755 2497 800 2554 sio
827 2497 972 2575 placitum
1010 2498 1058 2557 est

137 2597 249 2638 vocare
277 2582 387 2636 statum
418 2575 624 2654 perfectionis.
676 2576 791 2636 Rursus
825 2578 993 2638 monachus
1024 2576 1058 2638 nt

137 2663 319 2741 episcopus,
342 2666 374 2718 et
396 2658 433 2718 ad
457 2668 567 2719 statum
588 2659 783 2738 perfectionis
799 2660 947 2721 ascendit.
977 2660 1057 2735 Quo·

137 2763 256 2822 cunque
278 2743 426 2822 migratis,
449 2745 473 2802 si
497 2742 616 2802 illorum
645 2741 796 2802 calculum
830 2743 989 2813 habueris,
1018 2740 1056 2802 ad

137 2834 248 2888 statum
271 2826 465 2906 perfeetionis
497 2826 651 2904 migrasti,
680 2826 741 2886 iam
768 2834 798 2886 et
831 2825 977 2886 secularia
1008 2825 1058 2901 (ut

138 2916 268 2984 vocant]
292 2909 455 2989 perfectior
478 2917 523 2969 est
546 2910 611 2969 sine
629 2911 719 2986 votis,
742 2929 832 2988 quam
858 2908 1057 2985 monasticus,

137 3013 205 3054 cum
229 2994 327 3072 possit
354 2993 518 3072 episcopus
540 2990 604 3051 lieri
634 2993 700 3052 sine
724 2994 824 3070 votis,
860 3011 920 3070 quo
953 2990 1058 3051 venire

139 3095 198 3136 non
221 3084 324 3155 pot-est
347 3076 530 3151 monachus,
554 3076 610 3134 nisi
632 3074 710 3136 ultra
732 3095 786 3135 aua
817 3083 889 3134 vota
911 3072 1059 3135 ascendat

138 3159 175 3220 ad
199 3168 310 3218 statum
337 3159 560 3238 perfectionis,
589 3159 679 3238 igitur·
708 3159 755 3219 vel
780 3178 869 3238 pares
906 3164 977 3218 sunt
1009 3156 1057 3216 vel

138 3242 296 3302 interiores
319 3242 505 3303 secularibus
529 3241 689 3301 monastici
712 3260 769 3301 suo
788 3247 878 3304 statu.
908 3239 1006 3301 Stulta
1028 3245 1059 3298 et

138 3324 268 3405 puerilia
290 3330 360 3384 sunt
380 3324 458 3385 haec
481 3332 511 3383 et
538 3332 640 3383 tamen
673 3325 757 3403 cogit
789 3326 856 3403 ipsa
887 3343 985 3384 rerum
1008 3321 1058 3382 dc-

140 3407 331 3483 monstroti0,
353 3407 434 3468 hanc
456 3427 560 3467 sorum
585 3408 766 3467 sententiam
789 3407 928 3486 intelligi.

221 3487 301 3552 Illud
325 3491 435 3550 serium
469 3498 530 3565 ast,
566 3490 590 3548 si
629 3496 735 3551 votum
775 3497 821 3550 est
850 3495 1059 3570 praeceptum,

140 3573 212 3634 nulli
244 3572 398 3634 monacho
437 3572 509 3632 licet
535 3571 600 3632 fieri
630 3574 809 3654 episcopum
851 3572 1060 3650 cuiuscunque

140 3656 336 3717 obedientiae
365 3662 542 3736 praetextu,
572 3674 640 3715 oum
669 3663 866 3735 praeceptum
889 3655 946 3716 Dei
976 3654 1060 3714 nulla

141 3740 304 3802 autoritate
325 3740 418 3801 liccat
439 3738 621 3820 relinquare,
645 3757 704 3800 nso
725 3736 815 3804 ullius
837 3735 1060 3825 quantumlibet
