2392 4170
164 274 228 351 sm
520 280 563 342 De
581 279 746 357 abroganda

167 447 241 527 lare,
266 447 436 528 vindicare,
461 467 569 528 pacem
602 466 761 528 rumpere,
784 453 847 508 tum
878 446 1004 507 inimico
1027 462 1090 507 non

167 529 358 609 benefacere,
370 551 432 592 non
448 531 629 592 benedicere
643 529 904 608 maledicentibus,
924 547 987 590 non
1001 547 1092 591 orare

164 632 221 694 pro
243 615 511 694 persequentibus,
541 633 602 675 non
626 614 699 674 dare
726 615 837 694 gratis,
866 631 927 674 non
952 619 1091 673 mutuum

166 697 239 757 ders
261 697 378 777 absque
412 717 477 778 spe,
501 697 641 758 omnibus
664 698 765 757 modis
797 697 858 758 hoc
889 701 1090 776 praeceptum

165 780 279 842 docent
310 781 490 861 transgredi.
533 781 573 841 Et
601 783 631 841 in
655 781 829 840 universum
859 778 931 838 dum
966 778 1091 855 docent,

166 863 330 925 consilium
354 882 423 924 esse
446 863 573 943 diligere
594 865 771 943 inimicum,
790 869 886 923 totam
910 863 1011 941 legem
1033 861 1091 922 Dei

165 965 229 1007 non
241 946 342 1006 solum
364 948 423 1027 ipsi
439 944 711 1027 transgrediuntur,
734 946 788 1006 sed
801 952 906 1026 aperte
928 956 959 1005 et
976 941 1091 1026 negant

169 1039 200 1089 et
221 1030 406 1090 contrarium
431 1030 553 1107 docent,
576 1049 643 1091 cum
662 1027 815 1108 Paulus*)
841 1030 935 1089 dicat:
957 1027 1091 1089 Plenitu-

167 1112 207 1173 do
223 1113 299 1192 legis
311 1120 359 1173 est
370 1112 502 1177 dilectio.
514 1111 591 1174 Ideo
614 1114 651 1174 de
666 1114 710 1174 eis
724 1113 801 1173 dixit
814 1109 993 1189 Paulus**),
1007 1110 1089 1191 quod

166 1192 1089 1276 inbypocrisiloquuturiessentmendaciumetiternmm),

168 1281 303 1359 speciem
320 1274 449 1359 ‘pietatis
469 1278 644 1359 habituros,
676 1281 760 1339 cuiue
791 1280 933 1338 virtutem
957 1276 1090 1359 abnega

167 1369 250 1439 rent3
283 1367 314 1421 et
337 1361 596 1446 Christus****),
625 1371 769 1423 venturos
803 1361 1089 1442 pseudoprophetas

167 1451 200 1505 ct
219 1443 482 1524 pseudochristos,
505 1447 560 1506 sed
582 1447 612 1506 in
635 1448 760 1507 nomine
783 1447 860 1523 eius,
881 1452 912 1505 et
933 1445 1023 1523 lupos
1044 1463 1088 1504 ra-

166 1545 271 1609 paces,
294 1528 348 1588 sed
371 1530 427 1588 sub
451 1531 639 1590 vestimentis
661 1530 775 1590 ovium.
810 1529 922 1588 Dicunt
944 1529 1038 1609 enim,
1058 1545 1090 1587 se

168 1611 281 1672 docere
303 1611 359 1677 Dei
385 1612 548 1693 mandata,
578 1613 671 1693 idque
693 1613 801 1672 volunt
827 1611 909 1671 credi
932 1629 989 1691 pro
1011 1611 1090 1691 prin·

168 1695 255 1774 cipiis
283 1693 372 1773 fidei,
405 1694 459 1754 sed
493 1695 606 1756 docent
634 1695 850 1756 mandatorum
880 1693 1088 1755 omnimodam

167 1778 451 1857 transgressionem.

251 1859 354 1934 Quare
375 1881 467 1941 super
488 1860 629 1921 doctrina
650 1861 723 1920 mihi
746 1880 813 1920 cum
837 1861 881 1919 eis
896 1859 1012 1920 bellum
1035 1863 1090 1935 est,

168 1949 200 2003 et
220 1962 289 2008 esse
311 1943 403 2004 debet
411 1946 501 2024 {omni
518 1944 701 2023 Christiano,
714 1963 775 2004 non
788 1962 879 2023 super
901 1945 966 2003 vita
979 1943 1088 2003 solum.

168 2025 258 2088 Unde
279 2027 362 2107 quod
385 2026 467 2107 apud
489 2046 593 2088 eornm
617 2027 815 2088 Aristotelem
839 2026 913 2086 dicit
935 2024 1089 2086 Demodo·

169 2128 243 2169 cus:
271 2109 380 2169 Milesii
409 2111 589 2190 insipientes
613 2109 736 2190 quidem
769 2128 832 2169 non
855 2115 943 2188 sunt,
973 2109 1089 2169 faciunt

169 2200 270 2252 tamen
295 2212 347 2271 ea,
374 2211 454 2271 quae
483 2193 598 2253 laniunt
617 2195 806 2273 insipientes.
850 2193 896 2252 lta
923 2211 1088 2271 possumus

169 2282 201 2335 et
221 2293 278 2335 nos
301 2275 420 2336 dicere:
451 2277 639 2337 Parisienses
671 2285 702 2336 et
736 2277 880 2356 Papistae
914 2275 1091 2353 Ebionitae,

162 2359 316 2438 Montani,
337 2359 503 2440 Pelagiani,
525 2360 644 2420 'Furcae
671 2368 702 2419 et
723 2359 901 2419 Antichristi
923 2376 988 2419 non
1011 2365 1089 2434 sunt,

167 2441 284 2503 iaciunt
305 2450 407 2502 tamen
430 2462 477 2520 ea,
506 2462 586 2522 qnae
606 2444 721 2503 faciunt
742 2443 916 2522 Ebionitae,
939 2442 1088 2519 Montani,

167 2523 333 2606 Pelagiani,
354 2526 472 2586 aneae
495 2536 526 2586 et
547 2528 759 2590 Antichristus.
802 2526 910 2606 Neque
933 2526 1015 2585 enim
1038 2524 1089 2585 ulli

168 2627 301 2688 unquam
325 2610 470 2670 haeretiei
492 2610 627 2688 fuerunt,
651 2611 702 2688 qui
723 2610 845 2690 possint
866 2606 1088 2670 Parisiensibus

168 2699 199 2752 et
221 2693 351 2772 Papistis
380 2695 562 2772 comparari.
612 2692 694 2753 Nulli
722 2694 801 2753 enim
831 2701 927 2752 totum
951 2693 1089 2772 Evange-

167 2775 255 2855 lium,
278 2783 374 2837 totam
396 2776 505 2857 fidem,
535 2781 632 2837 totum
656 2777 828 2854 Christum,
866 2782 961 2835 totam
991 2775 1089 2856 legem

168 2859 246 2919 Mosi
267 2867 466 2939 negaverunt,
491 2861 721 2939 damnaverunt,
744 2860 897 2919 contraria
911 2859 1091 2934 docuerunt,

168 2944 226 3002 nisi
243 2943 294 3002 isti
316 2942 502 3004 Parisienses
525 2964 578 3004 seu
601 2945 754 3023 Papistae,
777 2942 830 3002 sed
854 2942 909 3001 sub
933 2943 1040 3022 specie
1063 2948 1090 3000 et

168 3027 293 3086 nomine
315 3024 442 3106 Christi,
469 3027 539 3088 ideo
562 3029 697 3087 omnium
726 3026 948 3086 haereticorum
973 3025 1088 3086 abomi-

168 3111 309 3169 nationes
330 3110 508 3189 praedictae
540 3118 610 3169 sunt
632 3109 830 3171 confluxurae
867 3128 923 3168 ceu
946 3111 977 3168 in
1001 3108 1091 3170 senti·

168 3211 239 3251 narn
276 3193 430 3271 quandam
468 3196 667 3254 novissimam
708 3195 763 3253 sub
802 3193 1001 3258 Antichristo.
1054 3191 1092 3252 Et

169 3275 257 3335 buius
287 3279 426 3337 sentinae
457 3276 583 3337 lacunas
611 3296 680 3337 esse
702 3276 834 3357 probant
855 3278 920 3338 iam
953 3278 1090 3357 seipsas

168 3358 268 3418 almae
290 3361 367 3419 istae
388 3360 561 3421 Facultates
592 3360 783 3438 Theologice
807 3359 991 3422 Parisiensis
1015 3362 1090 3420 Aca·

168 3439 298 3519 demiae,
322 3451 353 3502 et
373 3463 448 3504 suae
470 3463 593 3505 sorores
617 3443 747 3505 Odollae
769 3452 801 3503 et
823 3441 993 3507 Olibamae.

251 3523 419 3587 Videamus
440 3529 554 3607 itaque,
576 3536 608 3587 ut
622 3533 653 3588 et
674 3529 706 3587 in
720 3529 780 3588 hoc
795 3535 903 3606 quarto
926 3534 1092 3609 praecepto

176 3665 231 3672 ---
242 3665 367 3672 ——--
375 3667 580 3674 -—.---————
588 3667 594 3673 ι

258 3734 285 3798 ·)
309 3732 390 3787 Rom.
418 3735 461 3790 13.
510 3733 557 3802 *·)
586 3736 611 3790 1.
637 3733 708 3790 lim.
736 3734 764 3788 4.
812 3732 880 3802 aas)
909 3734 934 3792 2.
966 3732 1038 3788 'lim
1069 3731 1094 3788 3.

170 3802 254 3877 m')
275 3803 370 3862 Matth.
391 3805 435 3863 24.
473 3803 568 3863 Mattb.
587 3807 613 3864 7.
