2392 4170
132 237 197 306 428
420 243 580 298 Oontntntio
600 245 768 300 Lntherians

136 398 276 460 surditas
295 399 381 461 huic
397 401 588 462 contraria
579 420 610 461 ιιι
629 396 790 481 Soriptnris
813 403 971 484 reperitur.
1017 402 1061 464 ur

134 483 180 543 sio
202 489 264 544 stat
284 486 433 546 autoritas
453 486 511 546 ista
535 484 636 545 adhuc
657 486 787 565 invicta,
812 493 847 548 'et
868 486 945 547 ridet
964 485 1058 548 Lato

135 567 254 628 mianus
267 576 407 643 conatus
430 575 461 630 et
473 586 710 649 praeproperam
722 570 913 649 iactantiam,
934 569 1058 650 probat

134 668 212 729 quo,
235 653 316 730 quod
340 653 440 713 omnis
462 653 574 712 iustitia
600 660 646 712 est
667 652 840 730 immunda,
864 672 955 714 omne
977 672 1058 734 opus

53 806 56 811 Δ
133 733 247 795 bonum
271 743 442 813 peccatum.
486 735 633 811 Quamvis
661 736 752 795 miror
779 755 848 796 enrn
880 737 926 796 sni
952 736 1058 818 effugii

99 887 102 891 ¹
133 817 184 878 hio
204 817 349 892 oblitum
379 839 440 898 qno
467 820 497 880 in
521 818 662 879 omnibus
693 818 759 879 aliis
793 820 900 895 utitnr3
934 826 1060 899 poterat

133 903 214 962 enirn
237 910 267 960 et
295 902 345 963 hic
372 903 487 963 dicere:
521 901 746 963 immunditiam
775 922 844 962 esse
871 901 953 963 aliud
982 905 1057 965 nihil

134 1003 225 1064 quam
248 986 527 1065 imperfectionem,
562 986 668 1045 siout
661 1006 690 1044 m
723 985 875 1047 vocabulo
898 988 1004 1048 vitium
1028 994 1059 1048 et

133 1075 293 1151 peccatum
325 1069 412 1135 tacit,
437 1070 616 1140 autoritate,
650 1087 710 1147 qua
740 1069 842 1129 solent
868 1068 960 1130 rebus
988 1071 1057 1131 suh

133 1151 263 1212 stantius
286 1159 318 1212 et
339 1152 497 1214 vocabulis
519 1151 761 1229 significationes
785 1152 942 1232 attingere,
964 1163 1059 1234 prout

132 1236 230 1295 visum
254 1235 351 1298 inerit.
396 1236 456 1298 Sed
484 1235 629 1315 sperabat
651 1235 742 1295 heros
766 1235 980 1315 magnanimus
1004 1239 1058 1300 au·

132 1317 257 1398 qnando
286 1339 303 1378 e
331 1322 517 1399 spectatiore
543 1320 672 1379 victoria
698 1317 821 1378 illustris
851 1318 934 1397 lieri,
963 1338 1056 1398 qnam

133 1419 187 1481 per
209 1401 322 1480 effugia
344 1404 461 1482 reliqua
482 1403 579 1462 iactus
603 1411 657 1465 est

217 1485 344 1546 Accedit
366 1486 404 1546 ad
427 1487 521 1561 haec,
544 1505 583 1545 ne
604 1484 704 1564 ligura
724 1485 784 1545 ista
805 1485 908 1546 locum
933 1486 983 1547 hic
1005 1487 1054 1548 ha

132 1567 219 1644 bear,
243 1574 274 1628 et
295 1569 356 1629 alia
373 1571 467 1633 rat-io:
497 1568 580 1648 quod
604 1568 744 1648 regulare
765 1568 835 1627 sit
826 1587 857 1627 ιιι
880 1568 1056 1649 scripturis,

131 1649 183 1712 ubi
206 1652 384 1730 simpliciter
405 1661 435 1712 et
457 1652 678 1732 perfectissime
708 1650 913 1712 universalem
937 1652 1057 1734 absque

132 1733 262 1807 omni¹l
296 1736 440 1816 scrupulo
474 1735 600 1798 exclusa
628 1733 825 1832 synecdoche
847 1754 902 1795 seu
924 1738 1058 1815 porticu

131 1816 251 1879 lenitate
282 1822 334 1891 (nt
362 1821 406 1878 sic
437 1819 555 1888 dicam)
586 1819 706 1892 statuit
741 1835 804 1877 non
832 1826 978 1880 contenta
1000 1827 1061 1896 est

130 1919 272 1980 posuisse
284 1902 487 1962 unrversalem
512 1911 542 1961 et
563 1864 791 1978 affirmativam,
815 1899 920 1962 adiicit
940 1909 971 1962 et
993 1905 1056 1964 uni·

131 1985 281 2045 sersalem
310 1992 340 2045 et
367 1988 552 2064 negativam.
602 1984 700 2060 Quale
729 1991 777 2043 est
810 1983 883 2044 illud
914 1985 1002 2049 Rom.
1027 1989 1056 2051 3.

131 2087 171 2126 ex
193 2066 316 2129 Psalmo
341 2068 449 2141 14.²):
479 2067 594 2127 Omnes
617 2067 856 2141 declinaverunt,
880 2068 970 2128 simul
991 2070 1056 2130 inu·

131 2149 199 2209 tiles
217 2151 289 2210 facti
313 2159 398 2226 sunt,
438 2170 499 2211 non
528 2158 576 2210 est
607 2150 780 2229 intelligens
811 2169 868 2210 nec
896 2153 1056 2229 requirens

132 2232 245 2309 Deum,
268 2252 329 2294 non
353 2241 400 2293 est
422 2234 473 2312 qui
495 2233 587 2295 faciat
609 2234 733 2293 bonum.
787 2231 855 2307 Quo
886 2234 956 2293 loco
979 2235 1056 2296 Pau·

132 2313 178 2374 lus
199 2316 280 2375 hano
300 2317 438 2396 regulam
468 2325 570 2376 servat
599 2325 629 2376 et
658 2316 834 2392 confirmat,
865 2317 1056 2378 concludens

131 2398 308 2479 simpliciter
344 2419 452 2460 omnes
479 2400 608 2460 ludaeos
648 2406 678 2459 et
712 2398 866 2472 Graecos,
902 2400 963 2459 hoc
999 2410 1056 2473 est,

132 2500 240 2542 omnes
262 2483 342 2543 lilios
365 2484 532 2556 hominum,
554 2482 610 2543 suh
634 2495 773 2562 peccato.
817 2483 882 2542 Nisi
904 2484 986 2542 enim
1006 2484 1056 2544 hic

132 2565 258 2626 exclusa
280 2576 362 2627 esset
384 2567 595 2647 synecdoche,
624 2570 690 2625 tota
719 2565 855 2644 apostoli
887 2565 1055 2646 disputatio

131 2648 194 2709 illic
216 2658 332 2725 rueret,
363 2658 394 2711 et
417 2651 490 2710 nihil
513 2670 568 2730 pro
592 2650 709 2727 gratiae
732 2650 931 2721 necessitate,
964 2668 1056 2728 quam

131 2733 275 2806 intendit³
312 2734 518 2795 concluderet.
580 2732 655 2791 Tale
696 2738 727 2791 et
762 2731 836 2791 illud
869 2733 1006 2791 eiusdem
1041 2754 1057 2793 s

132 2815 255 2878 Psalmo
277 2816 378 2879 32³l:
402 2816 505 2893 Beati,
535 2834 663 2894 quorum
687 2816 834 2874 remissae
856 2821 926 2873 sunt
948 2816 1056 2894 iniqni-

133 2905 226 2966 tates,
249 2918 377 2976 qnorum
400 2906 482 2959 tecta
504 2907 574 2958 sunt
595 2904 733 2976 peccata.
780 2899 892 2957 Beatus
916 2899 981 2966 vir,
1009 2901 1057 2959 oni

134 3001 194 3042 non
217 2983 378 3057 imputavit
392 2983 542 3043 Dominus
558 2988 729 3060 peccatum,
752 2999 810 3040 nec
827 2987 874 3038 est
894 2981 924 3038 in
949 2982 1057 3061 spiritu

132 3065 197 3124 eins
221 3064 318 3124 dolus.
355 3064 445 3138 lione,
468 3073 499 3124 nt
521 3064 613 3144 plena
637 3070 667 3122 et
689 3063 819 3123 rotunda
841 3064 982 3123 remissio
1006 3085 1059 3126 ax·

132 3147 328 3227 numeretur,
351 3167 411 3207 non
434 3150 508 3208 satis
532 3154 598 3207 erat
620 3146 751 3213 dixisse,
787 3165 854 3205 esse
876 3147 1005 3207 remissa
1029 3157 1059 3206 et

133 3235 214 3288 teuta
236 3228 429 3302 affirmative,
454 3230 507 3290 sed
531 3237 561 3290 et
583 3230 753 3308 computari
764 3227 817 3303 ⁴),
851 3247 911 3287 non
936 3249 1006 3290 csse
1028 3233 1057 3290 in

133 3313 240 3392 spiritu
265 3313 385 3385 dolum,
417 3313 509 3374 addit.
559 3313 627 3373 Hoc
655 3311 748 3372 modo
770 3311 881 3372 Thren.
906 3314 939 3375 2:
971 3312 1059 3373 Prae·

134 3396 271 3475 cipitavit
293 3397 457 3470 Dominus,
487 3405 517 3455 et
538 3415 599 3456 non
624 3395 761 3474 pepercit
789 3396 892 3454 omnia
914 3397 1060 3475 speciosa

133 3478 236 3555 iacob
262 3488 294 3539 nt
317 3479 388 3538 nihil
412 3479 528 3539 scilicet
551 3478 723 3558 speciosum
744 3477 880 3537 relictum
904 3478 1059 3542 ostendat

137 3619 345 3627 -ο-...ύ--ῳ
365 3620 400 3627 ...-

80 3726 81 3730 ,
207 3666 370 3724 lllnedit.
390 3666 453 3721 den.
446 3620 565 3719 deest:
593 3665 679 3718 omni
718 3664 750 3719 2l
771 3663 801 3716 ln
828 3662 872 3718 ed
892 3668 1059 3734 orig.:13.

135 3729 165 3803 3')
186 3739 269 3795 Ibid:
291 3739 334 3796 31.
371 3739 399 3806 4)
421 3739 450 3792 ln
471 3738 606 3793 eddon:
627 3735 674 3790 sed
694 3744 721 3791 ct
742 3752 796 3789 non
816 3738 956 3806 imputari
