2392 4170
400 248 437 306 D.
456 250 491 304 u.
507 247 592 306 Luth.
610 248 796 306 Prssladtnm.
1020 240 1078 309 89·-

151 401 228 466 labet
248 404 393 467 universe
415 403 571 485 Scriptura
592 413 700 468 saneta
722 406 783 468 hoo
804 402 916 466 nomen
945 406 1063 476 (seers-

151 493 288 559 nsntum)
312 489 344 549 in
367 509 406 550 ea
428 488 662 568 significatione,
685 509 747 570 qus
768 496 874 551 noster
895 508 985 561 usus,
1008 485 1062 547 sed

152 573 174 631 ir
192 573 351 636 eontraria.
396 572 515 652 Ubique
548 576 628 636 enirn
662 575 815 657 signifieat
850 593 911 634 non
941 573 1061 652 signum

152 656 185 715 rei
204 673 323 730 morse,
345 656 400 716 sed
423 675 487 717 rem
509 676 645 736 seersm,
667 666 817 721 secretum
847 664 877 718 et
899 654 1062 719 abscondi·

152 743 210 802 nn.
249 737 303 799 sis
323 738 437 799 Paulus
466 740 487 802 l.
512 742 646 806 Corinth.
671 745 707 806 4:
744 743 795 805 sis
824 761 880 802 nos
910 741 1065 809 existimet

152 820 239 899 borno,
261 829 295 882 ιιι
317 824 473 885 ministros
495 825 605 887 Christi
628 834 658 886 et
680 827 908 907 dispensatores
931 824 1063 884 ministe-

153 905 247 965 riorum
268 905 344 982 Dei,
375 907 404 967 id
428 914 484 983 est,
506 917 778 972 sacramentorum.
821 908 880 970 Ubi
903 909 983 968 enim
1006 925 1063 966 nos

154 987 282 1048 hebemus
299 998 535 1067 sacramentum,
558 994 588 1052 in
612 1013 725 1073 gresso
739 993 915 1074 mysterium
931 991 1063 1071 ponitur,

154 1071 219 1150 qnod
239 1072 406 1152 aliquando
419 1075 562 1136 trenslert
578 1077 738 1155 interpres,
761 1076 926 1156 aliquando
943 1074 1066 1134 dimittit

155 1172 278 1233 grassem
309 1175 435 1236 vocem,
470 1158 549 1219 unde
588 1168 618 1220 et
652 1161 702 1221 hio
731 1162 761 1220 in
796 1178 909 1241 grasso
940 1158 1064 1220 dieitur:

155 1235 234 1298 Erunt
254 1238 315 1300 dno
339 1241 370 1299 in
391 1258 484 1300 esrne
514 1262 591 1323 nnn,
621 1246 796 1326 mysterium
830 1244 890 1304 hoo
919 1261 1063 1322 magnum

155 1328 197 1384 est
235 1321 322 1397 Quae
345 1342 395 1384 res
417 1323 474 1385 tuit
493 1327 634 1406 senasio,
661 1335 697 1388 ut
717 1333 942 1389 sacramentum
965 1343 1066 1385 noras

155 1401 215 1483 legis
236 1406 445 1487 intelligerent
464 1408 557 1489 longe
578 1411 661 1471 eliud
684 1412 808 1487 laetari,
837 1411 863 1470 si
887 1410 1064 1490 mysterium

155 1484 292 1567 legissent,
317 1499 351 1549 nt
371 1491 401 1549 in
424 1510 537 1571 graeco
562 1501 617 1554 est.

217 1571 268 1633 Sis
288 1572 312 1634 1.
334 1573 467 1638 Timoth.
490 1577 517 1640 3.
541 1576 695 1637 Christum
715 1577 816 1657 ipsum
846 1578 938 1636 voest
959 1587 1065 1634 ‘soora-

98 1694 100 1711 .
154 1661 286 1734 uentum,
315 1654 437 1716 disens:
468 1659 508 1719 Et
535 1660 695 1721 manifeste
724 1678 870 1739 magnum
893 1675 1066 1718 ssorumen·

153 1743 201 1796 tum
222 1737 270 1820 (id
293 1749 342 1800 est
363 1743 560 1819 mysterium)
584 1751 640 1821 est,
662 1742 746 1823 quod
769 1742 994 1803 manifestatum
1017 1745 1066 1799 est

152 1817 289 1896 inosrne,
312 1821 506 1883 iustificatum
530 1833 576 1886 est
587 1828 617 1886 in
629 1828 746 1906 spiritu,
771 1825 913 1905 apparuit
935 1822 1063 1902 angelis,

150 1904 343 1981 praedicatum
367 1908 414 1966 est
435 1907 592 1986 gentibus,
620 1909 769 1969 creditum
792 1914 840 1968 est
861 1904 992 1979 mundo,
1018 1923 1064 1964 es·

149 1994 288 2067 sumptum
311 1991 399 2048 estin
423 1989 528 2069 glorie.
559 1991 694 2053 Ournon
708 1993 821 2052 ethius
843 1997 986 2051 ootsvum
1010 2005 1063 2047 no·

149 2087 194 2130 rra
213 2071 290 2151 legis
312 2071 477 2134 hauserunt
496 2083 736 2153 sacramentum,
766 2095 835 2136 eum
863 2080 924 2134 tem
948 2072 1061 2132 claram

148 2150 284 2215 luberent
305 2157 500 2217 autoritatem
522 2158 630 2218 Pauli?
660 2160 722 2219 Aut
744 2161 768 2218 si
784 2159 832 2217 hie
854 2177 887 2216 se
905 2157 1061 2216 continue-

146 2243 217 2312 runt,
239 2238 292 2297 nbi
316 2241 575 2318 opportunissime
597 2248 763 2320 potuerunt
790 2240 910 2319 copiosi
941 2257 1009 2298 esse
1031 2238 1062 2296 in

144 2321 333 2381 testamentis
354 2322 562 2401 inveniendis,
585 2344 639 2385 eur
660 2325 723 2384 illis
744 2326 787 2384 its
810 2321 983 2383 luxurient?
1007 2321 1075 2402 sei-7

144 2400 200 2463 lieet
221 2405 400 2484 ignorantia
422 2415 483 2466 tem
507 2427 621 2485 rerum,
645 2426 737 2487 quam
759 2407 921 2466 verborum
945 2423 999 2465 eos
1021 2401 1062 2462 fe·

144 2481 213 2567 bllit,
235 2487 291 2567 qui
313 2489 343 2546 in
366 2488 434 2549 solo
463 2491 625 2551 verborum
647 2510 743 2565 sono,
772 2491 836 2550 imo
866 2486 1062 2569 opinionibus

141 2571 192 2629 sris
214 2571 391 2631 haeserunt
435 2573 511 2634 Cum
536 2576 615 2633 enim
639 2573 734 2634 semel
758 2579 981 2632 sacramentum
1006 2587 1060 2648 pro

139 2652 220 2733 signo
244 2655 440 2733 seeepissent
461 2654 596 2719 humano
618 2655 761 2734 arbitrio,
789 2674 864 2716 mox
892 2657 958 2713 sine
980 2652 1063 2712 omni

137 2734 245 2798 indicio
269 2743 301 2797 et
322 2737 466 2816 scrupulo
488 2739 608 2820 signum
632 2759 672 2800 ex
693 2758 732 2800 eo
754 2739 907 2815 feserunt,
939 2735 1064 2796 ubieun-

136 2822 243 2899 quein
267 2820 365 2880 saeris
386 2821 479 2880 literis
501 2823 651 2902 legerunt.
686 2821 802 2898 Quales
826 2820 986 2880 verborum
1005 2819 1064 2896 sig-

135 2900 328 2964 nilieetioues
359 2909 391 2963 et
417 2903 567 2965 humanas
597 2904 835 2966 eonsuetudines
864 2908 895 2962 et
922 2901 998 2963 alias
1032 2901 1062 2959 in

135 2984 235 3047 literas
269 3003 375 3045 sssras
409 2987 608 3067 invexerunt,
645 3007 759 3068 easque
792 2989 822 3047 in
855 3004 912 3046 sus
944 2983 1065 3044 somnis

134 3068 444 3147 transformaverunt,
480 3071 638 3148 quodlibet
667 3091 707 3131 ex
736 3069 874 3150 quolibet
907 3068 1064 3127 facientes.

133 3149 184 3213 sis
204 3159 357 3232 perpetuo
380 3151 534 3233 desipiunt
554 3155 585 3214 in
609 3153 710 3215 verbis
732 3153 809 3231 illis,
838 3170 917 3230 opus
940 3151 1065 3224 bonum,

133 3252 211 3315 opus
224 3234 351 3310 melum,
374 3246 547 3315 pennatum,
569 3240 678 3317 gratis,
690 3237 815 3313 iustitis,
839 3237 942 3310 virtus,
960 3240 989 3290 et
1002 3231 1065 3290 tere

133 3317 285 3400 quidquid
307 3326 354 3379 est
377 3321 553 3399 capitelium
576 3339 674 3381 rerum
697 3319 917 3380 ebrerborum.
961 3314 1065 3376 Omni-

131 3399 189 3461 bus
217 3403 301 3461 enirn
331 3401 379 3462 his
409 3410 535 3465 utuntur
564 3423 620 3463 suo
653 3402 795 3475 arbitrio,
835 3420 874 3460 ex
907 3399 1062 3460 hominum

132 3485 255 3564 seriptis
278 3494 464 3564 assumpto,
485 3488 515 3547 in
545 3487 710 3567 pernioiem
734 3494 764 3545 et
784 3483 920 3544 veritatis
949 3480 1004 3541 Dei
1034 3485 1065 3540 et

132 3566 241 3628 salutis
264 3576 400 3628 nostres.
664 3584 668 3590 ·

216 3649 314 3730 Igitur
335 3659 561 3713 sacramentum
585 3657 617 3711 et
637 3650 813 3730 mysterium
835 3647 916 3728 apud
937 3646 1063 3706 Paulum
1161 3644 1163 3648 ’

132 3739 181 3795 est
202 3734 273 3814 ipse
294 3734 447 3815 sepientis
470 3735 610 3818 spiritus,
639 3732 821 3796 abscondite
840 3733 880 3794 ¹in
909 3729 1064 3813 mysterio,
