<?xml version="1.0" encoding="UTF-8"?>
<!DOCTYPE html PUBLIC "-//W3C//DTD XHTML 1.0 Transitional//EN"
    "http://www.w3.org/TR/xhtml1/DTD/xhtml1-transitional.dtd">
<html xmlns="http://www.w3.org/1999/xhtml" xml:lang="en" lang="en">
 <head>
  <title>
</title>
<meta http-equiv="Content-Type" content="text/html;charset=utf-8" />
  <meta name='ocr-system' content='tesseract 3.04.00' />
  <meta name='ocr-capabilities' content='ocr_page ocr_carea ocr_par ocr_line ocrx_word'/>
</head>
<body>
  <div class='ocr_page' id='page_1' title='image "./dmartinilutheri03luthgoog_0365.png"; bbox 0 0 2392 4170; ppageno 0'>
   <div class='ocr_carea' id='block_1_1' title="bbox 146 235 855 343">
    <p class='ocr_par' dir='ltr' id='par_1_1' title="bbox 146 235 855 343">
     <span class='ocr_line' id='line_1_1' title="bbox 146 235 855 343; baseline -0.004 -48"><span class='ocrx_word' id='word_1_1' title='bbox 146 235 214 301; x_wconf 71' lang='lat'><strong>354.</strong></span> <span class='ocrx_word' id='word_1_2' title='bbox 363 237 534 343; x_wconf 54' lang='lat' dir='ltr'><strong>QResponsio</strong></span> <span class='ocrx_word' id='word_1_3' title='bbox 552 236 585 292; x_wconf 87' lang='lat' dir='ltr'><strong>D.</strong></span> <span class='ocrx_word' id='word_1_4' title='bbox 603 237 638 292; x_wconf 82' lang='lat' dir='ltr'><strong>tt.</strong></span> <span class='ocrx_word' id='word_1_5' title='bbox 658 238 686 293; x_wconf 85' lang='lat' dir='ltr'><strong>L.</strong></span> <span class='ocrx_word' id='word_1_6' title='bbox 704 237 739 291; x_wconf 80' lang='lat' dir='ltr'><strong>sd</strong></span> <span class='ocrx_word' id='word_1_7' title='bbox 756 237 855 292; x_wconf 69' lang='lat' dir='ltr'><strong>libum</strong></span> 
     </span>
    </p>
   </div>
   <div class='ocr_carea' id='block_1_2' title="bbox 136 389 1072 1283">
    <p class='ocr_par' dir='ltr' id='par_1_2' title="bbox 136 389 1072 1283">
     <span class='ocr_line' id='line_1_2' title="bbox 146 389 1069 471; baseline 0.005 -21"><span class='ocrx_word' id='word_1_8' title='bbox 146 389 328 459; x_wconf 72' lang='lat' dir='ltr'><strong>stultissima</strong></span> <span class='ocrx_word' id='word_1_9' title='bbox 353 392 554 470; x_wconf 73' lang='lat' dir='ltr'>persuasione</span> <span class='ocrx_word' id='word_1_10' title='bbox 584 393 768 471; x_wconf 80' lang='lat' dir='ltr'><strong>bominum,&#39;</strong></span> <span class='ocrx_word' id='word_1_11' title='bbox 790 393 842 470; x_wconf 89' lang='lat' dir='ltr'><strong>qui</strong></span> <span class='ocrx_word' id='word_1_12' title='bbox 870 408 983 471; x_wconf 81' lang='lat' dir='ltr'><strong>papam</strong></span> <span class='ocrx_word' id='word_1_13' title='bbox 1004 407 1069 455; x_wconf 80' lang='lat' dir='ltr'><strong>nott</strong></span> 
     </span>
     <span class='ocr_line' id='line_1_3' title="bbox 146 472 1070 554; baseline 0.001 -20"><span class='ocrx_word' id='word_1_14' title='bbox 146 490 240 554; x_wconf 84' lang='lat' dir='ltr'><strong>posse</strong></span> <span class='ocrx_word' id='word_1_15' title='bbox 275 492 378 534; x_wconf 81' lang='lat' dir='ltr'><strong>errare</strong></span> <span class='ocrx_word' id='word_1_16' title='bbox 422 473 559 537; x_wconf 71' lang='lat' dir='ltr'><strong>aedunt.</strong></span> <span class='ocrx_word' id='word_1_17' title='bbox 633 474 721 536; x_wconf 85' lang='lat' dir='ltr'><strong>Unde</strong></span> <span class='ocrx_word' id='word_1_18' title='bbox 764 473 820 553; x_wconf 79' lang='lat' dir='ltr'><strong>fit,</strong></span> <span class='ocrx_word' id='word_1_19' title='bbox 862 481 897 534; x_wconf 91' lang='lat' dir='ltr'><strong>nt</strong></span> <span class='ocrx_word' id='word_1_20' title='bbox 936 472 1070 535; x_wconf 65' lang='lat' dir='ltr'><strong>Deusta</strong></span> 
     </span>
     <span class='ocr_line' id='line_1_4' title="bbox 146 555 1069 635; baseline -0.001 -18"><span class='ocrx_word' id='word_1_21' title='bbox 146 557 212 617; x_wconf 65' lang='lat' dir='ltr'><strong>dns</strong></span> <span class='ocrx_word' id='word_1_22' title='bbox 244 555 411 635; x_wconf 82' lang='lat' dir='ltr'><strong>aliquando</strong></span> <span class='ocrx_word' id='word_1_23' title='bbox 439 558 500 617; x_wconf 93' lang='lat' dir='ltr'><strong>sint</strong></span> <span class='ocrx_word' id='word_1_24' title='bbox 533 558 582 618; x_wconf 84' lang='lat' dir='ltr'><strong>vel</strong></span> <span class='ocrx_word' id='word_1_25' title='bbox 610 558 685 618; x_wconf 84' lang='lat' dir='ltr'><strong>ebn&#39;i</strong></span> <span class='ocrx_word' id='word_1_26' title='bbox 718 565 771 617; x_wconf 85' lang='lat' dir='ltr'><strong>aot</strong></span> <span class='ocrx_word' id='word_1_27' title='bbox 801 557 906 618; x_wconf 80' lang='lat' dir='ltr'><strong>furiosi</strong></span> <span class='ocrx_word' id='word_1_28' title='bbox 938 556 1069 619; x_wconf 82' lang='lat' dir='ltr'><strong>somniis</strong></span> 
     </span>
     <span class='ocr_line' id='line_1_5' title="bbox 136 636 1072 720; baseline 0.001 -21"><span class='ocrx_word' id='word_1_29' title='bbox 136 636 317 716; x_wconf 78' lang='lat' dir='ltr'><strong>&#39;simibima,</strong></span> <span class='ocrx_word' id='word_1_30' title='bbox 339 639 419 700; x_wconf 86' lang='lat' dir='ltr'><strong>adeo</strong></span> <span class='ocrx_word' id='word_1_31' title='bbox 440 642 506 700; x_wconf 88' lang='lat' dir='ltr'><strong>sine</strong></span> <span class='ocrx_word' id='word_1_32' title='bbox 528 642 637 702; x_wconf 80' lang='lat' dir='ltr'><strong>timore</strong></span> <span class='ocrx_word' id='word_1_33' title='bbox 657 649 803 720; x_wconf 85' lang='lat' dir='ltr'><strong>tanquam</strong></span> <span class='ocrx_word' id='word_1_34' title='bbox 825 641 936 720; x_wconf 87' lang='lat' dir='ltr'><strong>supina</strong></span> <span class='ocrx_word' id='word_1_35' title='bbox 956 639 1072 700; x_wconf 80' lang='lat' dir='ltr'><strong>lidaoia</strong></span> 
     </span>
     <span class='ocr_line' id='line_1_6' title="bbox 147 722 1071 804; baseline 0.001 -22"><span class='ocrx_word' id='word_1_36' title='bbox 147 730 178 782; x_wconf 88' lang='lat' dir='ltr'><strong>et</strong></span> <span class='ocrx_word' id='word_1_37' title='bbox 198 730 456 804; x_wconf 84' lang='lat' dir='ltr'><strong>praesumptuosa</strong></span> <span class='ocrx_word' id='word_1_38' title='bbox 476 722 620 804; x_wconf 83' lang='lat' dir='ltr'><strong>superbia</strong></span> <span class='ocrx_word' id='word_1_39' title='bbox 642 725 785 802; x_wconf 81' lang='lat' dir='ltr'><strong>loquitur,</strong></span> <span class='ocrx_word' id='word_1_40' title='bbox 807 732 840 783; x_wconf 91' lang='lat' dir='ltr'><strong>nt</strong></span> <span class='ocrx_word' id='word_1_41' title='bbox 863 724 932 803; x_wconf 90' lang='lat' dir='ltr'><strong>pios</strong></span> <span class='ocrx_word' id='word_1_42' title='bbox 948 722 1071 783; x_wconf 80' lang='lat' dir='ltr'><strong>animos</strong></span> 
     </span>
     <span class='ocr_line' id='line_1_7' title="bbox 148 804 1072 867; baseline -0.001 -1"><span class='ocrx_word' id='word_1_43' title='bbox 148 805 345 866; x_wconf 81' lang='lat' dir='ltr'><strong>vehementer</strong></span> <span class='ocrx_word' id='word_1_44' title='bbox 364 814 434 867; x_wconf 88' lang='lat' dir='ltr'><strong>urst</strong></span> <span class='ocrx_word' id='word_1_45' title='bbox 454 806 643 867; x_wconf 64' lang='lat' dir='ltr'><strong>detestabilis</strong></span> <span class='ocrx_word' id='word_1_46' title='bbox 664 807 743 866; x_wconf 83' lang='lat' dir='ltr'><strong>boen</strong></span> <span class='ocrx_word' id='word_1_47' title='bbox 757 806 958 867; x_wconf 73' lang='lat' dir='ltr'><strong>abominatio.</strong></span> <span class='ocrx_word' id='word_1_48' title='bbox 999 804 1072 865; x_wconf 79' lang='lat' dir='ltr'><strong>Per-</strong></span> 
     </span>
     <span class='ocr_line' id='line_1_8' title="bbox 146 889 1072 969; baseline -0.002 -20"><span class='ocrx_word' id='word_1_49' title='bbox 146 889 228 949; x_wconf 77' lang='lat' dir='ltr'><strong>sassi</strong></span> <span class='ocrx_word' id='word_1_50' title='bbox 239 890 353 967; x_wconf 87' lang='lat' dir='ltr'><strong>itaque,</strong></span> <span class='ocrx_word' id='word_1_51' title='bbox 362 898 397 948; x_wconf 89' lang='lat' dir='ltr'><strong>nt</strong></span> <span class='ocrx_word' id='word_1_52' title='bbox 408 891 521 969; x_wconf 89' lang='lat' dir='ltr'><strong>quique</strong></span> <span class='ocrx_word' id='word_1_53' title='bbox 532 897 604 950; x_wconf 88' lang='lat' dir='ltr'><strong>sunt</strong></span> <span class='ocrx_word' id='word_1_54' title='bbox 617 890 797 964; x_wconf 69' lang='lat' dir='ltr'><strong>doctissimi,</strong></span> <span class='ocrx_word' id='word_1_55' title='bbox 818 889 1072 969; x_wconf 65' lang='lat' dir='ltr'><strong>ingeniosissimi,</strong></span> 
     </span>
     <span class='ocr_line' id='line_1_9' title="bbox 147 970 1072 1068; baseline 0.001 -36"><span class='ocrx_word' id='word_1_56' title='bbox 147 971 441 1068; x_wconf 71' lang='lat' dir='ltr'><strong>roligionissimique,</strong></span> <span class='ocrx_word' id='word_1_57' title='bbox 465 991 526 1034; x_wconf 94' lang='lat' dir='ltr'><strong>non</strong></span> <span class='ocrx_word' id='word_1_58' title='bbox 550 992 644 1053; x_wconf 87' lang='lat' dir='ltr'><strong>posse</strong></span> <span class='ocrx_word' id='word_1_59' title='bbox 665 991 768 1035; x_wconf 85' lang='lat' dir='ltr'><strong>enare</strong></span> <span class='ocrx_word' id='word_1_60' title='bbox 793 991 899 1052; x_wconf 83' lang='lat' dir='ltr'><strong>regem</strong></span> <span class='ocrx_word' id='word_1_61' title='bbox 926 971 1010 1032; x_wconf 81' lang='lat' dir='ltr'><strong>bano</strong></span> <span class='ocrx_word' id='word_1_62' title='bbox 1026 970 1072 1033; x_wconf 73' lang='lat' dir='ltr'><strong>lu·</strong></span> 
     </span>
     <span class='ocr_line' id='line_1_10' title="bbox 147 1056 1072 1219; baseline -0.001 -20"><span class='ocrx_word' id='word_1_63' title='bbox 147 1056 1072 1219; x_wconf 59' lang='lat' dir='ltr'><strong>itttntssttttlitttzo‘tl&#39;fffflntttlt&#39;ttt&#39;</strong></span> 
     </span>
     <span class='ocr_line' id='line_1_11' title="bbox 148 1218 1072 1283; baseline -0.001 -2"><span class='ocrx_word' id='word_1_64' title='bbox 148 1223 199 1282; x_wconf 90' lang='lat' dir='ltr'><strong>dio</strong></span> <span class='ocrx_word' id='word_1_65' title='bbox 232 1230 264 1281; x_wconf 92' lang='lat' dir='ltr'><strong>et</strong></span> <span class='ocrx_word' id='word_1_66' title='bbox 290 1221 418 1283; x_wconf 87' lang='lat' dir='ltr'><strong>bonore.</strong></span> <span class='ocrx_word' id='word_1_67' title='bbox 461 1220 579 1282; x_wconf 81' lang='lat' dir='ltr'><strong>Deinde</strong></span> <span class='ocrx_word' id='word_1_68' title='bbox 609 1240 679 1282; x_wconf 84' lang='lat' dir='ltr'><strong>oum</strong></span> <span class='ocrx_word' id='word_1_69' title='bbox 712 1241 841 1282; x_wconf 87' lang='lat' dir='ltr'><strong>neeesse</strong></span> <span class='ocrx_word' id='word_1_70' title='bbox 873 1222 914 1280; x_wconf 87' lang='lat' dir='ltr'><strong>sit</strong></span> <span class='ocrx_word' id='word_1_71' title='bbox 944 1218 1072 1281; x_wconf 74' lang='lat' dir='ltr'><strong>stultu</strong></span> 
     </span>
    </p>
   </div>
   <div class='ocr_carea' id='block_1_3' title="bbox 65 1302 1074 1391">
    <p class='ocr_par' dir='ltr' id='par_1_3' title="bbox 65 1302 1074 1391">
     <span class='ocr_line' id='line_1_12' title="bbox 65 1302 1074 1391; baseline 0 -27"><span class='ocrx_word' id='word_1_72' title='bbox 65 1324 68 1329; x_wconf 90' lang='lat'>·</span> <span class='ocrx_word' id='word_1_73' title='bbox 139 1304 240 1364; x_wconf 83' lang='lat' dir='ltr'><strong>&#39;stulta</strong></span> <span class='ocrx_word' id='word_1_74' title='bbox 251 1304 346 1391; x_wconf 84' lang='lat' dir='ltr'><strong>ioqui,</strong></span> <span class='ocrx_word' id='word_1_75' title='bbox 368 1306 537 1366; x_wconf 83' lang='lat' dir='ltr'><strong>miserrimo</strong></span> <span class='ocrx_word' id='word_1_76' title='bbox 550 1324 620 1365; x_wconf 87' lang='lat' dir='ltr'><strong>sese</strong></span> <span class='ocrx_word' id='word_1_77' title='bbox 634 1307 763 1385; x_wconf 89' lang='lat' dir='ltr'><strong>pistrino</strong></span> <span class='ocrx_word' id='word_1_78' title='bbox 776 1304 893 1364; x_wconf 86' lang='lat' dir='ltr'><strong>dedunt</strong></span> <span class='ocrx_word' id='word_1_79' title='bbox 902 1302 1074 1384; x_wconf 73' lang='lat' dir='ltr'><strong>glossandi,</strong></span> 
     </span>
    </p>
   </div>
   <div class='ocr_carea' id='block_1_4' title="bbox 147 1385 1076 1965">
    <p class='ocr_par' dir='ltr' id='par_1_4' title="bbox 147 1385 1074 1800">
     <span class='ocr_line' id='line_1_13' title="bbox 147 1385 1074 1468; baseline -0.002 -20"><span class='ocrx_word' id='word_1_80' title='bbox 147 1386 284 1468; x_wconf 82' lang='lat' dir='ltr'><strong>aptandi,</strong></span> <span class='ocrx_word' id='word_1_81' title='bbox 305 1389 526 1466; x_wconf 76' lang='lat' dir='ltr'><strong>eoncordandi,</strong></span> <span class='ocrx_word' id='word_1_82' title='bbox 547 1388 668 1462; x_wconf 80' lang='lat' dir='ltr'><strong>tuendi,</strong></span> <span class='ocrx_word' id='word_1_83' title='bbox 695 1388 756 1447; x_wconf 81' lang='lat' dir='ltr'><strong>bne</strong></span> <span class='ocrx_word' id='word_1_84' title='bbox 775 1395 807 1447; x_wconf 88' lang='lat' dir='ltr'><strong>et</strong></span> <span class='ocrx_word' id='word_1_85' title='bbox 827 1387 901 1447; x_wconf 89' lang='lat' dir='ltr'><strong>illuo</strong></span> <span class='ocrx_word' id='word_1_86' title='bbox 920 1385 1074 1463; x_wconf 65' lang='lat' dir='ltr'><strong>tralnndi,</strong></span> 
     </span>
     <span class='ocr_line' id='line_1_14' title="bbox 148 1469 1073 1551; baseline -0.001 -21"><span class='ocrx_word' id='word_1_87' title='bbox 148 1469 294 1551; x_wconf 80' lang='lat' dir='ltr'><strong>quidquid</strong></span> <span class='ocrx_word' id='word_1_88' title='bbox 318 1470 372 1530; x_wconf 83' lang='lat' dir='ltr'><strong>ille</strong></span> <span class='ocrx_word' id='word_1_89' title='bbox 398 1489 524 1531; x_wconf 87' lang='lat' dir='ltr'><strong>seonrus</strong></span> <span class='ocrx_word' id='word_1_90' title='bbox 546 1470 595 1530; x_wconf 87' lang='lat' dir='ltr'><strong>vel</strong></span> <span class='ocrx_word' id='word_1_91' title='bbox 618 1470 719 1531; x_wconf 87' lang='lat' dir='ltr'><strong>ebrius</strong></span> <span class='ocrx_word' id='word_1_92' title='bbox 748 1490 766 1531; x_wconf 87' lang='lat' dir='ltr'><strong>e</strong></span> <span class='ocrx_word' id='word_1_93' title='bbox 788 1469 885 1530; x_wconf 82' lang='lat' dir='ltr'><strong>boesa</strong></span> <span class='ocrx_word' id='word_1_94' title='bbox 906 1469 1073 1550; x_wconf 80' lang='lat' dir='ltr'><strong>‹lespnsrit</strong></span> 
     </span>
     <span class='ocr_line' id='line_1_15' title="bbox 148 1552 1074 1634; baseline -0.001 -20"><span class='ocrx_word' id='word_1_95' title='bbox 148 1553 253 1614; x_wconf 75' lang='lat' dir='ltr'><strong>Reate·</strong></span> <span class='ocrx_word' id='word_1_96' title='bbox 273 1571 348 1634; x_wconf 81' lang='lat' dir='ltr'><strong>ergo</strong></span> <span class='ocrx_word' id='word_1_97' title='bbox 375 1572 438 1615; x_wconf 92' lang='lat' dir='ltr'><strong>non</strong></span> <span class='ocrx_word' id='word_1_98' title='bbox 471 1572 528 1614; x_wconf 86' lang='lat' dir='ltr'><strong>sua</strong></span> <span class='ocrx_word' id='word_1_99' title='bbox 565 1553 705 1614; x_wconf 81' lang='lat' dir='ltr'><strong>effioaoia</strong></span> <span class='ocrx_word' id='word_1_100' title='bbox 732 1554 809 1613; x_wconf 83' lang='lat' dir='ltr'><strong>baon</strong></span> <span class='ocrx_word' id='word_1_101' title='bbox 841 1552 968 1631; x_wconf 86' lang='lat' dir='ltr'><strong>dieitur,</strong></span> <span class='ocrx_word' id='word_1_102' title='bbox 1000 1553 1074 1631; x_wconf 82' lang='lat' dir='ltr'><strong>qnia</strong></span> 
     </span>
     <span class='ocr_line' id='line_1_16' title="bbox 148 1635 1074 1717; baseline -0.001 -21"><span class='ocrx_word' id='word_1_103' title='bbox 148 1640 216 1717; x_wconf 85' lang='lat' dir='ltr'><strong>ipse</strong></span> <span class='ocrx_word' id='word_1_104' title='bbox 235 1635 378 1697; x_wconf 75' lang='lat' dir='ltr'><strong>iatlootus</strong></span> <span class='ocrx_word' id='word_1_105' title='bbox 399 1636 526 1697; x_wconf 86' lang='lat' dir='ltr'><strong>strndis</strong></span> <span class='ocrx_word' id='word_1_106' title='bbox 548 1637 632 1697; x_wconf 84' lang='lat' dir='ltr'><strong>nulla</strong></span> <span class='ocrx_word' id='word_1_107' title='bbox 645 1639 764 1697; x_wconf 87' lang='lat' dir='ltr'><strong>ratione</strong></span> <span class='ocrx_word' id='word_1_108' title='bbox 785 1644 892 1717; x_wconf 90' lang='lat' dir='ltr'><strong>posset</strong></span> <span class='ocrx_word' id='word_1_109' title='bbox 906 1654 964 1696; x_wconf 85' lang='lat' dir='ltr'><strong>sua</strong></span> <span class='ocrx_word' id='word_1_110' title='bbox 984 1636 1074 1716; x_wconf 79' lang='lat' dir='ltr'><strong>tueri,</strong></span> 
     </span>
     <span class='ocr_line' id='line_1_17' title="bbox 149 1718 821 1800; baseline 0.007 -22"><span class='ocrx_word' id='word_1_111' title='bbox 149 1719 207 1778; x_wconf 90' lang='lat' dir='ltr'><strong>nisi</strong></span> <span class='ocrx_word' id='word_1_112' title='bbox 228 1719 358 1780; x_wconf 83' lang='lat' dir='ltr'><strong>aliorum</strong></span> <span class='ocrx_word' id='word_1_113' title='bbox 379 1720 505 1800; x_wconf 77' lang='lat' dir='ltr'><strong>ingenia</strong></span> <span class='ocrx_word' id='word_1_114' title='bbox 525 1718 652 1785; x_wconf 83' lang='lat' dir='ltr'><strong>baberet</strong></span> <span class='ocrx_word' id='word_1_115' title='bbox 674 1720 821 1783; x_wconf 80' lang='lat' dir='ltr'><strong>obnoxia.</strong></span> 
     </span>
    </p>

    <p class='ocr_par' dir='ltr' id='par_1_5' title="bbox 149 1801 1076 1965">
     <span class='ocr_line' id='line_1_18' title="bbox 231 1801 1076 1881; baseline -0.001 -19"><span class='ocrx_word' id='word_1_116' title='bbox 231 1801 339 1881; x_wconf 87' lang='lat' dir='ltr'><strong>ltaque</strong></span> <span class='ocrx_word' id='word_1_117' title='bbox 365 1803 449 1863; x_wconf 89' lang='lat' dir='ltr'><strong>nnlla</strong></span> <span class='ocrx_word' id='word_1_118' title='bbox 477 1805 505 1863; x_wconf 95' lang='lat' dir='ltr'><strong>ei</strong></span> <span class='ocrx_word' id='word_1_119' title='bbox 528 1822 616 1879; x_wconf 77' lang='lat' dir='ltr'><strong>outa,</strong></span> <span class='ocrx_word' id='word_1_120' title='bbox 643 1803 728 1863; x_wconf 85' lang='lat' dir='ltr'><strong>nulla</strong></span> <span class='ocrx_word' id='word_1_121' title='bbox 756 1803 925 1863; x_wconf 82' lang='lat' dir='ltr'><strong>nenessitas</strong></span> <span class='ocrx_word' id='word_1_122' title='bbox 946 1808 1013 1880; x_wconf 82' lang='lat' dir='ltr'><strong>eat,</strong></span> <span class='ocrx_word' id='word_1_123' title='bbox 1042 1808 1076 1861; x_wconf 83' lang='lat' dir='ltr'><strong>ut</strong></span> 
     </span>
     <span class='ocr_line' id='line_1_19' title="bbox 149 1882 1076 1965; baseline 0 -20"><span class='ocrx_word' id='word_1_124' title='bbox 149 1884 263 1946; x_wconf 77' lang='lat' dir='ltr'><strong>sffloax</strong></span> <span class='ocrx_word' id='word_1_125' title='bbox 282 1886 323 1945; x_wconf 91' lang='lat' dir='ltr'><strong>sit</strong></span> <span class='ocrx_word' id='word_1_126' title='bbox 343 1904 398 1965; x_wconf 82' lang='lat' dir='ltr'><strong>per</strong></span> <span class='ocrx_word' id='word_1_127' title='bbox 419 1904 506 1946; x_wconf 89' lang='lat' dir='ltr'><strong>suam</strong></span> <span class='ocrx_word' id='word_1_128' title='bbox 529 1885 710 1948; x_wconf 82' lang='lat' dir='ltr'><strong>effioaoinm.</strong></span> <span class='ocrx_word' id='word_1_129' title='bbox 753 1884 879 1946; x_wconf 72' lang='lat' dir='ltr'><strong>Eunoni</strong></span> <span class='ocrx_word' id='word_1_130' title='bbox 901 1885 1002 1945; x_wconf 84' lang='lat' dir='ltr'><strong>solum</strong></span> <span class='ocrx_word' id='word_1_131' title='bbox 1024 1882 1076 1945; x_wconf 78' lang='lat' dir='ltr'><strong>vel</strong></span> 
     </span>
    </p>
   </div>
   <div class='ocr_carea' id='block_1_5' title="bbox 30 1966 1076 2048">
    <p class='ocr_par' dir='ltr' id='par_1_6' title="bbox 30 1966 1076 2048">
     <span class='ocr_line' id='line_1_20' title="bbox 30 1966 1076 2048; baseline -0.002 -19"><span class='ocrx_word' id='word_1_132' title='bbox 30 2031 44 2048; x_wconf 64' lang='lat'>‚</span> <span class='ocrx_word' id='word_1_133' title='bbox 150 1967 317 2045; x_wconf 81' lang='lat' dir='ltr'><strong>dormiens,</strong></span> <span class='ocrx_word' id='word_1_134' title='bbox 338 1975 369 2028; x_wconf 86' lang='lat' dir='ltr'><strong>et</strong></span> <span class='ocrx_word' id='word_1_135' title='bbox 391 1987 465 2030; x_wconf 86' lang='lat' dir='ltr'><strong>mox</strong></span> <span class='ocrx_word' id='word_1_136' title='bbox 486 1968 595 2029; x_wconf 85' lang='lat' dir='ltr'><strong>olienis</strong></span> <span class='ocrx_word' id='word_1_137' title='bbox 619 1968 728 2029; x_wconf 86' lang='lat' dir='ltr'><strong>studiis</strong></span> <span class='ocrx_word' id='word_1_138' title='bbox 747 1967 909 2028; x_wconf 76' lang='lat' dir='ltr'><strong>articulum</strong></span> <span class='ocrx_word' id='word_1_139' title='bbox 929 1966 1003 2028; x_wconf 77' lang='lat' dir='ltr'><strong>fidet</strong></span> <span class='ocrx_word' id='word_1_140' title='bbox 1024 1966 1076 2027; x_wconf 84' lang='lat' dir='ltr'><strong>ba·</strong></span> 
     </span>
    </p>
   </div>
   <div class='ocr_carea' id='block_1_6' title="bbox 151 2048 1076 2113">
    <p class='ocr_par' dir='ltr' id='par_1_7' title="bbox 151 2048 1076 2113">
     <span class='ocr_line' id='line_1_21' title="bbox 151 2048 1076 2113; baseline 0.001 -3"><span class='ocrx_word' id='word_1_141' title='bbox 151 2051 259 2111; x_wconf 83' lang='lat' dir='ltr'><strong>bemus</strong></span> <span class='ocrx_word' id='word_1_142' title='bbox 280 2051 312 2110; x_wconf 89' lang='lat' dir='ltr'><strong>in</strong></span> <span class='ocrx_word' id='word_1_143' title='bbox 334 2058 401 2110; x_wconf 85' lang='lat' dir='ltr'><strong>tota</strong></span> <span class='ocrx_word' id='word_1_144' title='bbox 421 2051 555 2112; x_wconf 73' lang='lat' dir='ltr'><strong>enclesis</strong></span> <span class='ocrx_word' id='word_1_145' title='bbox 580 2052 769 2113; x_wconf 86' lang='lat' dir='ltr'><strong>roboratum.</strong></span> <span class='ocrx_word' id='word_1_146' title='bbox 812 2051 892 2111; x_wconf 85' lang='lat' dir='ltr'><strong>Hine</strong></span> <span class='ocrx_word' id='word_1_147' title='bbox 918 2050 972 2110; x_wconf 92' lang='lat' dir='ltr'><strong>illa</strong></span> <span class='ocrx_word' id='word_1_148' title='bbox 999 2048 1076 2111; x_wconf 83' lang='lat' dir='ltr'><strong>abo·</strong></span> 
     </span>
    </p>
   </div>
   <div class='ocr_carea' id='block_1_7' title="bbox 42 2133 1076 2216">
    <p class='ocr_par' dir='ltr' id='par_1_8' title="bbox 42 2133 1076 2216">
     <span class='ocr_line' id='line_1_22' title="bbox 42 2133 1076 2216; baseline -0.001 -23"><span class='ocrx_word' id='word_1_149' title='bbox 42 2138 45 2143; x_wconf 86' lang='lat'>&#39;</span> <span class='ocrx_word' id='word_1_150' title='bbox 151 2134 327 2194; x_wconf 78' lang='lat' dir='ltr'><strong>minationis</strong></span> <span class='ocrx_word' id='word_1_151' title='bbox 358 2134 453 2193; x_wconf 85' lang='lat' dir='ltr'><strong>verba</strong></span> <span class='ocrx_word' id='word_1_152' title='bbox 479 2133 518 2193; x_wconf 90' lang='lat' dir='ltr'><strong>de</strong></span> <span class='ocrx_word' id='word_1_153' title='bbox 546 2137 671 2216; x_wconf 88' lang='lat' dir='ltr'><strong>proprio</strong></span> <span class='ocrx_word' id='word_1_154' title='bbox 699 2142 785 2194; x_wconf 82' lang='lat' dir='ltr'><strong>motu</strong></span> <span class='ocrx_word' id='word_1_155' title='bbox 806 2142 837 2194; x_wconf 85' lang='lat' dir='ltr'><strong>et</strong></span> <span class='ocrx_word' id='word_1_156' title='bbox 861 2134 1006 2210; x_wconf 82' lang='lat' dir='ltr'><strong>seientia,</strong></span> <span class='ocrx_word' id='word_1_157' title='bbox 1035 2133 1076 2193; x_wconf 81' lang='lat' dir='ltr'><strong>tle</strong></span> 
     </span>
    </p>
   </div>
   <div class='ocr_carea' id='block_1_8' title="bbox 151 2215 1076 2528">
    <p class='ocr_par' dir='ltr' id='par_1_9' title="bbox 151 2215 1076 2528">
     <span class='ocr_line' id='line_1_23' title="bbox 151 2215 1075 2296; baseline 0 -20"><span class='ocrx_word' id='word_1_158' title='bbox 151 2215 339 2296; x_wconf 79' lang='lat' dir='ltr'><strong>plenitudino</strong></span> <span class='ocrx_word' id='word_1_159' title='bbox 360 2219 532 2296; x_wconf 80' lang='lat' dir='ltr'><strong>potestatis,</strong></span> <span class='ocrx_word' id='word_1_160' title='bbox 554 2228 588 2277; x_wconf 91' lang='lat' dir='ltr'><strong>nt</strong></span> <span class='ocrx_word' id='word_1_161' title='bbox 611 2220 711 2278; x_wconf 85' lang='lat' dir='ltr'><strong>miseni</strong></span> <span class='ocrx_word' id='word_1_162' title='bbox 728 2217 892 2278; x_wconf 77' lang='lat' dir='ltr'><strong>Christiani</strong></span> <span class='ocrx_word' id='word_1_163' title='bbox 913 2235 993 2296; x_wconf 86' lang='lat' dir='ltr'><strong>peno</strong></span> <span class='ocrx_word' id='word_1_164' title='bbox 1009 2232 1075 2276; x_wconf 63' lang='lat' dir='ltr'><strong>ore</strong></span> 
     </span>
     <span class='ocr_line' id='line_1_24' title="bbox 152 2298 1076 2381; baseline 0.001 -23"><span class='ocrx_word' id='word_1_165' title='bbox 152 2301 247 2379; x_wconf 90' lang='lat' dir='ltr'><strong>pitom</strong></span> <span class='ocrx_word' id='word_1_166' title='bbox 271 2301 384 2359; x_wconf 78' lang='lat' dir='ltr'><strong>ventrio</strong></span> <span class='ocrx_word' id='word_1_167' title='bbox 407 2300 495 2360; x_wconf 89' lang='lat' dir='ltr'><strong>boios</strong></span> <span class='ocrx_word' id='word_1_168' title='bbox 519 2304 643 2360; x_wconf 88' lang='lat' dir='ltr'><strong>monstri</strong></span> <span class='ocrx_word' id='word_1_169' title='bbox 673 2320 730 2381; x_wconf 92' lang='lat' dir='ltr'><strong>pro</strong></span> <span class='ocrx_word' id='word_1_170' title='bbox 753 2300 923 2380; x_wconf 78' lang='lat' dir='ltr'><strong>Evangelio</strong></span> <span class='ocrx_word' id='word_1_171' title='bbox 944 2298 1076 2360; x_wconf 83' lang='lat' dir='ltr'><strong>adorare</strong></span> 
     </span>
     <span class='ocr_line' id='line_1_25' title="bbox 151 2383 1076 2462; baseline 0 -20"><span class='ocrx_word' id='word_1_172' title='bbox 151 2401 310 2462; x_wconf 76' lang='lat' dir='ltr'><strong>eoguntur,</strong></span> <span class='ocrx_word' id='word_1_173' title='bbox 329 2389 446 2443; x_wconf 76' lang='lat' dir='ltr'><strong>uotum</strong></span> <span class='ocrx_word' id='word_1_174' title='bbox 468 2383 594 2444; x_wconf 84' lang='lat' dir='ltr'><strong>roborat</strong></span> <span class='ocrx_word' id='word_1_175' title='bbox 620 2385 721 2444; x_wconf 80' lang='lat' dir='ltr'><strong>aliens</strong></span> <span class='ocrx_word' id='word_1_176' title='bbox 740 2386 800 2445; x_wconf 88' lang='lat' dir='ltr'><strong>ista</strong></span> <span class='ocrx_word' id='word_1_177' title='bbox 825 2383 965 2443; x_wconf 78' lang='lat' dir='ltr'><strong>ebioaoia</strong></span> <span class='ocrx_word' id='word_1_178' title='bbox 991 2383 1076 2462; x_wconf 69' lang='lat' dir='ltr'><strong>igna-</strong></span> 
     </span>
     <span class='ocr_line' id='line_1_26' title="bbox 152 2464 1076 2528; baseline 0 -4"><span class='ocrx_word' id='word_1_179' title='bbox 152 2466 268 2526; x_wconf 83' lang='lat' dir='ltr'><strong>vissimi</strong></span> <span class='ocrx_word' id='word_1_180' title='bbox 290 2473 321 2524; x_wconf 90' lang='lat' dir='ltr'><strong>et</strong></span> <span class='ocrx_word' id='word_1_181' title='bbox 341 2466 550 2527; x_wconf 76' lang='lat' dir='ltr'><strong>socordissimi</strong></span> <span class='ocrx_word' id='word_1_182' title='bbox 572 2468 661 2527; x_wconf 89' lang='lat' dir='ltr'><strong>buius</strong></span> <span class='ocrx_word' id='word_1_183' title='bbox 682 2467 755 2528; x_wconf 88' lang='lat' dir='ltr'><strong>idoli</strong></span> <span class='ocrx_word' id='word_1_184' title='bbox 768 2466 949 2528; x_wconf 83' lang='lat' dir='ltr'><strong>eilioaoiam.</strong></span> <span class='ocrx_word' id='word_1_185' title='bbox 992 2464 1076 2527; x_wconf 78' lang='lat' dir='ltr'><strong>Nihil</strong></span> 
     </span>
    </p>
   </div>
   <div class='ocr_carea' id='block_1_9' title="bbox 121 2549 1076 2628">
    <p class='ocr_par' dir='ltr' id='par_1_10' title="bbox 121 2549 1076 2628">
     <span class='ocr_line' id='line_1_27' title="bbox 121 2549 1076 2628; baseline 0 -19"><span class='ocrx_word' id='word_1_186' title='bbox 121 2570 129 2593; x_wconf 86' lang='lat'><strong>·</strong></span> <span class='ocrx_word' id='word_1_187' title='bbox 153 2551 233 2610; x_wconf 88' lang='lat' dir='ltr'><strong>enim</strong></span> <span class='ocrx_word' id='word_1_188' title='bbox 257 2551 322 2609; x_wconf 90' lang='lat' dir='ltr'><strong>eius</strong></span> <span class='ocrx_word' id='word_1_189' title='bbox 345 2550 559 2627; x_wconf 73' lang='lat' dir='ltr'><strong>eamindicio,</strong></span> <span class='ocrx_word' id='word_1_190' title='bbox 582 2551 637 2610; x_wconf 87' lang='lat' dir='ltr'><strong>sed</strong></span> <span class='ocrx_word' id='word_1_191' title='bbox 659 2552 763 2611; x_wconf 87' lang='lat' dir='ltr'><strong>omnia</strong></span> <span class='ocrx_word' id='word_1_192' title='bbox 785 2570 854 2610; x_wconf 88' lang='lat' dir='ltr'><strong>oum</strong></span> <span class='ocrx_word' id='word_1_193' title='bbox 877 2549 1028 2628; x_wconf 86' lang='lat' dir='ltr'><strong>obsequio</strong></span> <span class='ocrx_word' id='word_1_194' title='bbox 1044 2555 1076 2609; x_wconf 86' lang='lat' dir='ltr'><strong>st</strong></span> 
     </span>
    </p>
   </div>
   <div class='ocr_carea' id='block_1_10' title="bbox 151 2630 1076 3796">
    <p class='ocr_par' dir='ltr' id='par_1_11' title="bbox 151 2630 1076 3711">
     <span class='ocr_line' id='line_1_28' title="bbox 153 2630 1076 2714; baseline 0 -22"><span class='ocrx_word' id='word_1_195' title='bbox 153 2633 256 2713; x_wconf 82' lang='lat' dir='ltr'><strong>legere</strong></span> <span class='ocrx_word' id='word_1_196' title='bbox 283 2643 315 2693; x_wconf 90' lang='lat' dir='ltr'><strong>et</strong></span> <span class='ocrx_word' id='word_1_197' title='bbox 340 2634 446 2693; x_wconf 83' lang='lat' dir='ltr'><strong>andire</strong></span> <span class='ocrx_word' id='word_1_198' title='bbox 475 2642 607 2713; x_wconf 80' lang='lat' dir='ltr'><strong>oportet.</strong></span> <span class='ocrx_word' id='word_1_199' title='bbox 651 2633 738 2709; x_wconf 74' lang='lat' dir='ltr'><strong>Quae</strong></span> <span class='ocrx_word' id='word_1_200' title='bbox 770 2632 929 2714; x_wconf 74' lang='lat' dir='ltr'><strong>persuasio</strong></span> <span class='ocrx_word' id='word_1_201' title='bbox 958 2630 1076 2712; x_wconf 86' lang='lat' dir='ltr'><strong>absque</strong></span> 
     </span>
     <span class='ocr_line' id='line_1_29' title="bbox 154 2715 1075 2796; baseline 0 -22"><span class='ocrx_word' id='word_1_202' title='bbox 154 2715 247 2776; x_wconf 90' lang='lat' dir='ltr'><strong>dnbio</strong></span> <span class='ocrx_word' id='word_1_203' title='bbox 269 2717 410 2796; x_wconf 87' lang='lat' dir='ltr'><strong>operatio</strong></span> <span class='ocrx_word' id='word_1_204' title='bbox 431 2722 558 2777; x_wconf 59' lang='lat' dir='ltr'><strong>sannae</strong></span> <span class='ocrx_word' id='word_1_205' title='bbox 575 2724 631 2793; x_wconf 88' lang='lat' dir='ltr'><strong>est,</strong></span> <span class='ocrx_word' id='word_1_206' title='bbox 654 2718 834 2796; x_wconf 87' lang='lat' dir='ltr'><strong>oenupantis</strong></span> <span class='ocrx_word' id='word_1_207' title='bbox 851 2716 943 2775; x_wconf 86' lang='lat' dir='ltr'><strong>rodes</strong></span> <span class='ocrx_word' id='word_1_208' title='bbox 955 2715 1075 2775; x_wconf 85' lang='lat' dir='ltr'><strong>animas</strong></span> 
     </span>
     <span class='ocr_line' id='line_1_30' title="bbox 152 2799 1075 2879; baseline 0 -21"><span class='ocrx_word' id='word_1_209' title='bbox 152 2807 291 2879; x_wconf 68' lang='lat' dir='ltr'><strong>nouom,</strong></span> <span class='ocrx_word' id='word_1_210' title='bbox 314 2806 346 2858; x_wconf 89' lang='lat' dir='ltr'><strong>ut</strong></span> <span class='ocrx_word' id='word_1_211' title='bbox 367 2818 423 2860; x_wconf 85' lang='lat' dir='ltr'><strong>sna</strong></span> <span class='ocrx_word' id='word_1_212' title='bbox 446 2799 585 2860; x_wconf 82' lang='lat' dir='ltr'><strong>effioaoia</strong></span> <span class='ocrx_word' id='word_1_213' title='bbox 606 2801 653 2859; x_wconf 87' lang='lat' dir='ltr'><strong>sui</strong></span> <span class='ocrx_word' id='word_1_214' title='bbox 682 2799 757 2860; x_wconf 94' lang='lat' dir='ltr'><strong>idoli</strong></span> <span class='ocrx_word' id='word_1_215' title='bbox 786 2799 955 2860; x_wconf 80' lang='lat' dir='ltr'><strong>eflioaeiam</strong></span> <span class='ocrx_word' id='word_1_216' title='bbox 983 2799 1075 2858; x_wconf 78' lang='lat' dir='ltr'><strong>etiam</strong></span> 
     </span>
     <span class='ocr_line' id='line_1_31' title="bbox 151 2880 1076 2962; baseline 0.001 -21"><span class='ocrx_word' id='word_1_217' title='bbox 151 2901 208 2962; x_wconf 84' lang='lat' dir='ltr'><strong>per</strong></span> <span class='ocrx_word' id='word_1_218' title='bbox 229 2900 287 2942; x_wconf 90' lang='lat' dir='ltr'><strong>nos</strong></span> <span class='ocrx_word' id='word_1_219' title='bbox 306 2880 442 2943; x_wconf 86' lang='lat' dir='ltr'><strong>roboret.</strong></span> <span class='ocrx_word' id='word_1_220' title='bbox 484 2881 517 2942; x_wconf 81' lang='lat' dir='ltr'><strong>Si</strong></span> <span class='ocrx_word' id='word_1_221' title='bbox 543 2884 624 2942; x_wconf 87' lang='lat' dir='ltr'><strong>enim</strong></span> <span class='ocrx_word' id='word_1_222' title='bbox 655 2902 725 2942; x_wconf 83' lang='lat' dir='ltr'><strong>enni</strong></span> <span class='ocrx_word' id='word_1_223' title='bbox 755 2883 868 2943; x_wconf 86' lang='lat' dir='ltr'><strong>iudioio</strong></span> <span class='ocrx_word' id='word_1_224' title='bbox 892 2881 1076 2962; x_wconf 82' lang='lat' dir='ltr'><strong>legerentur,</strong></span> 
     </span>
     <span class='ocr_line' id='line_1_32' title="bbox 153 2963 1076 3045; baseline 0 -21"><span class='ocrx_word' id='word_1_225' title='bbox 153 2971 187 3024; x_wconf 88' lang='lat' dir='ltr'><strong>ut</strong></span> <span class='ocrx_word' id='word_1_226' title='bbox 205 2965 371 3043; x_wconf 86' lang='lat' dir='ltr'><strong>aliquoties</strong></span> <span class='ocrx_word' id='word_1_227' title='bbox 392 2966 486 3045; x_wconf 84' lang='lat' dir='ltr'><strong>aliqui</strong></span> <span class='ocrx_word' id='word_1_228' title='bbox 507 2973 677 3043; x_wconf 83' lang='lat' dir='ltr'><strong>tentarunt,</strong></span> <span class='ocrx_word' id='word_1_229' title='bbox 709 2985 747 3026; x_wconf 90' lang='lat' dir='ltr'><strong>ne</strong></span> <span class='ocrx_word' id='word_1_230' title='bbox 770 2967 845 3026; x_wconf 88' lang='lat' dir='ltr'><strong>bora</strong></span> <span class='ocrx_word' id='word_1_231' title='bbox 866 2965 990 3044; x_wconf 87' lang='lat' dir='ltr'><strong>quidem</strong></span> <span class='ocrx_word' id='word_1_232' title='bbox 1012 2963 1076 3025; x_wconf 74' lang='lat' dir='ltr'><strong>essi-</strong></span> 
     </span>
     <span class='ocr_line' id='line_1_33' title="bbox 153 3048 1076 3128; baseline 0 -20"><span class='ocrx_word' id='word_1_233' title='bbox 153 3065 214 3108; x_wconf 81' lang='lat' dir='ltr'><strong>oax</strong></span> <span class='ocrx_word' id='word_1_234' title='bbox 235 3055 326 3124; x_wconf 81' lang='lat' dir='ltr'><strong>esset,</strong></span> <span class='ocrx_word' id='word_1_235' title='bbox 348 3066 416 3107; x_wconf 84' lang='lat' dir='ltr'><strong>oum</strong></span> <span class='ocrx_word' id='word_1_236' title='bbox 439 3050 561 3128; x_wconf 85' lang='lat' dir='ltr'><strong>saepius</strong></span> <span class='ocrx_word' id='word_1_237' title='bbox 583 3048 875 3126; x_wconf 81' lang='lat' dir='ltr'><strong>sintindootissimn,</strong></span> <span class='ocrx_word' id='word_1_238' title='bbox 896 3048 1076 3127; x_wconf 83' lang='lat' dir='ltr'><strong>impiissima</strong></span> 
     </span>
     <span class='ocr_line' id='line_1_34' title="bbox 153 3131 1076 3211; baseline 0 -21"><span class='ocrx_word' id='word_1_239' title='bbox 153 3140 185 3190; x_wconf 85' lang='lat' dir='ltr'><strong>et</strong></span> <span class='ocrx_word' id='word_1_240' title='bbox 205 3132 370 3211; x_wconf 77' lang='lat' dir='ltr'><strong>sacrilega,</strong></span> <span class='ocrx_word' id='word_1_241' title='bbox 391 3149 471 3210; x_wconf 89' lang='lat' dir='ltr'><strong>quae</strong></span> <span class='ocrx_word' id='word_1_242' title='bbox 493 3132 592 3191; x_wconf 82' lang='lat' dir='ltr'><strong>iucem</strong></span> <span class='ocrx_word' id='word_1_243' title='bbox 615 3141 645 3192; x_wconf 90' lang='lat' dir='ltr'><strong>et</strong></span> <span class='ocrx_word' id='word_1_244' title='bbox 665 3131 811 3192; x_wconf 82' lang='lat' dir='ltr'><strong>iodicium</strong></span> <span class='ocrx_word' id='word_1_245' title='bbox 833 3149 989 3209; x_wconf 84' lang='lat' dir='ltr'><strong>nunquam</strong></span> <span class='ocrx_word' id='word_1_246' title='bbox 1011 3149 1076 3191; x_wconf 75' lang='lat' dir='ltr'><strong>saa</strong></span> 
     </span>
     <span class='ocr_line' id='line_1_35' title="bbox 154 3213 1076 3294; baseline 0.003 -22"><span class='ocrx_word' id='word_1_247' title='bbox 154 3215 250 3273; x_wconf 69' lang='lat' dir='ltr'><strong>tinem</strong></span> <span class='ocrx_word' id='word_1_248' title='bbox 271 3224 445 3294; x_wconf 87' lang='lat' dir='ltr'><strong>potuerunt.</strong></span> <span class='ocrx_word' id='word_1_249' title='bbox 488 3214 556 3275; x_wconf 87' lang='lat' dir='ltr'><strong>Hoo</strong></span> <span class='ocrx_word' id='word_1_250' title='bbox 576 3224 638 3292; x_wconf 88' lang='lat' dir='ltr'><strong>est,</strong></span> <span class='ocrx_word' id='word_1_251' title='bbox 660 3214 743 3294; x_wconf 87' lang='lat' dir='ltr'><strong>qood</strong></span> <span class='ocrx_word' id='word_1_252' title='bbox 765 3223 891 3275; x_wconf 86' lang='lat' dir='ltr'><strong>satanas</strong></span> <span class='ocrx_word' id='word_1_253' title='bbox 913 3216 944 3273; x_wconf 91' lang='lat' dir='ltr'><strong>in</strong></span> <span class='ocrx_word' id='word_1_254' title='bbox 967 3213 1076 3275; x_wconf 78' lang='lat' dir='ltr'><strong>Deure</strong></span> 
     </span>
     <span class='ocr_line' id='line_1_36' title="bbox 153 3296 1074 3378; baseline 0.002 -22"><span class='ocrx_word' id='word_1_255' title='bbox 153 3299 192 3356; x_wconf 87' lang='lat' dir='ltr'><strong>tis</strong></span> <span class='ocrx_word' id='word_1_256' title='bbox 212 3296 272 3357; x_wconf 86' lang='lat' dir='ltr'><strong>illie</strong></span> <span class='ocrx_word' id='word_1_257' title='bbox 293 3300 465 3358; x_wconf 85' lang='lat' dir='ltr'><strong>saoerrimis</strong></span> <span class='ocrx_word' id='word_1_258' title='bbox 487 3300 577 3374; x_wconf 81' lang='lat' dir='ltr'><strong>eavit,</strong></span> <span class='ocrx_word' id='word_1_259' title='bbox 599 3300 629 3356; x_wconf 94' lang='lat' dir='ltr'><strong>in</strong></span> <span class='ocrx_word' id='word_1_260' title='bbox 652 3297 832 3377; x_wconf 89' lang='lat' dir='ltr'><strong>quibnaboo</strong></span> <span class='ocrx_word' id='word_1_261' title='bbox 857 3317 950 3357; x_wconf 87' lang='lat' dir='ltr'><strong>unum</strong></span> <span class='ocrx_word' id='word_1_262' title='bbox 964 3299 1074 3378; x_wconf 74' lang='lat' dir='ltr'><strong>sgitoe,</strong></span> 
     </span>
     <span class='ocr_line' id='line_1_37' title="bbox 154 3379 1076 3461; baseline 0.002 -22"><span class='ocrx_word' id='word_1_263' title='bbox 154 3398 194 3439; x_wconf 88' lang='lat' dir='ltr'><strong>ne</strong></span> <span class='ocrx_word' id='word_1_264' title='bbox 202 3379 562 3461; x_wconf 81' lang='lat' dir='ltr'><strong>lioeatpapsmiudioare‚</strong></span> <span class='ocrx_word' id='word_1_265' title='bbox 575 3381 614 3441; x_wconf 85' lang='lat' dir='ltr'><strong>ad</strong></span> <span class='ocrx_word' id='word_1_266' title='bbox 623 3381 800 3441; x_wconf 88' lang='lat' dir='ltr'><strong>enmeolum</strong></span> <span class='ocrx_word' id='word_1_267' title='bbox 807 3381 981 3460; x_wconf 78' lang='lat' dir='ltr'><strong>Scripturas</strong></span> <span class='ocrx_word' id='word_1_268' title='bbox 987 3381 1076 3441; x_wconf 67' lang='lat' dir='ltr'><strong>inter</strong></span> 
     </span>
     <span class='ocr_line' id='line_1_38' title="bbox 153 3461 1076 3543; baseline 0.002 -20"><span class='ocrx_word' id='word_1_269' title='bbox 153 3463 320 3543; x_wconf 69' lang='lat' dir='ltr'><strong>pretendas</strong></span> <span class='ocrx_word' id='word_1_270' title='bbox 332 3472 364 3524; x_wconf 85' lang='lat' dir='ltr'><strong>et</strong></span> <span class='ocrx_word' id='word_1_271' title='bbox 375 3463 467 3523; x_wconf 86' lang='lat' dir='ltr'><strong>fldem</strong></span> <span class='ocrx_word' id='word_1_272' title='bbox 480 3463 697 3524; x_wconf 81' lang='lat' dir='ltr'><strong>declarandam</strong></span> <span class='ocrx_word' id='word_1_273' title='bbox 715 3463 876 3543; x_wconf 77' lang='lat' dir='ltr'><strong>pertinere,</strong></span> <span class='ocrx_word' id='word_1_274' title='bbox 898 3482 936 3523; x_wconf 90' lang='lat' dir='ltr'><strong>ne</strong></span> <span class='ocrx_word' id='word_1_275' title='bbox 952 3461 1076 3541; x_wconf 77' lang='lat' dir='ltr'><strong>qnando</strong></span> 
     </span>
     <span class='ocr_line' id='line_1_39' title="bbox 154 3546 1075 3626; baseline 0.001 -20"><span class='ocrx_word' id='word_1_276' title='bbox 154 3547 232 3606; x_wconf 81' lang='lat' dir='ltr'><strong>baec</strong></span> <span class='ocrx_word' id='word_1_277' title='bbox 253 3548 388 3626; x_wconf 86' lang='lat' dir='ltr'><strong>nequitia</strong></span> <span class='ocrx_word' id='word_1_278' title='bbox 404 3547 545 3606; x_wconf 83' lang='lat' dir='ltr'><strong>revelatis</strong></span> <span class='ocrx_word' id='word_1_279' title='bbox 556 3546 837 3608; x_wconf 85' lang='lat' dir='ltr'><strong>abominationibus</strong></span> <span class='ocrx_word' id='word_1_280' title='bbox 849 3549 914 3607; x_wconf 89' lang='lat' dir='ltr'><strong>eius</strong></span> <span class='ocrx_word' id='word_1_281' title='bbox 924 3547 1075 3608; x_wconf 82' lang='lat' dir='ltr'><strong>revelare·</strong></span> 
     </span>
     <span class='ocr_line' id='line_1_40' title="bbox 154 3629 1076 3711; baseline 0.001 -20"><span class='ocrx_word' id='word_1_282' title='bbox 154 3637 212 3707; x_wconf 83' lang='lat' dir='ltr'><strong>tur,</strong></span> <span class='ocrx_word' id='word_1_283' title='bbox 231 3632 259 3690; x_wconf 91' lang='lat' dir='ltr'><strong>ai</strong></span> <span class='ocrx_word' id='word_1_284' title='bbox 270 3642 302 3690; x_wconf 90' lang='lat' dir='ltr'><strong>et</strong></span> <span class='ocrx_word' id='word_1_285' title='bbox 311 3630 389 3691; x_wconf 85' lang='lat' dir='ltr'><strong>alius</strong></span> <span class='ocrx_word' id='word_1_286' title='bbox 400 3629 490 3691; x_wconf 84' lang='lat' dir='ltr'><strong>fidem</strong></span> <span class='ocrx_word' id='word_1_287' title='bbox 505 3643 534 3690; x_wconf 89' lang='lat' dir='ltr'><strong>et</strong></span> <span class='ocrx_word' id='word_1_288' title='bbox 546 3629 716 3711; x_wconf 78' lang='lat' dir='ltr'><strong>Boniptnnas</strong></span> <span class='ocrx_word' id='word_1_289' title='bbox 728 3632 865 3711; x_wconf 81' lang='lat' dir='ltr'><strong>eoeperit</strong></span> <span class='ocrx_word' id='word_1_290' title='bbox 875 3630 1076 3710; x_wconf 81' lang='lat' dir='ltr'><strong>interpretari.</strong></span> 
     </span>
    </p>

    <p class='ocr_par' dir='ltr' id='par_1_12' title="bbox 236 3711 1076 3796">
     <span class='ocr_line' id='line_1_41' title="bbox 236 3711 1076 3796; baseline 0.001 -21"><span class='ocrx_word' id='word_1_291' title='bbox 236 3713 315 3775; x_wconf 82' lang='lat' dir='ltr'><strong>Hinu</strong></span> <span class='ocrx_word' id='word_1_292' title='bbox 335 3713 387 3774; x_wconf 88' lang='lat' dir='ltr'><strong>ille</strong></span> <span class='ocrx_word' id='word_1_293' title='bbox 407 3714 549 3794; x_wconf 84' lang='lat' dir='ltr'><strong>pruritus,</strong></span> <span class='ocrx_word' id='word_1_294' title='bbox 570 3713 735 3795; x_wconf 77' lang='lat' dir='ltr'><strong>gratulatio</strong></span> <span class='ocrx_word' id='word_1_295' title='bbox 756 3712 972 3796; x_wconf 83' lang='lat' dir='ltr'><strong>stapostolloa</strong></span> <span class='ocrx_word' id='word_1_296' title='bbox 985 3711 1076 3776; x_wconf 67' lang='lat' dir='ltr'><strong>baso</strong></span> 
     </span>
    </p>
   </div>
   <div class='ocr_carea' id='block_1_11' title="bbox 0 0 1210 4170">
    <p class='ocr_par' dir='ltr' id='par_1_13' title="bbox 0 0 1210 4170">
     <span class='ocr_line' id='line_1_42' title="bbox 0 0 1210 4170; baseline 0 0"><span class='ocrx_word' id='word_1_297' title='bbox 0 0 1210 4170; x_wconf 95' lang='lat' dir='ltr'><strong> </strong></span> 
     </span>
    </p>
   </div>
  </div>
 </body>
</html>
