2392 4170
408 273 492 335 Missa
511 273 621 348 privata
640 274 672 334 D.
693 274 728 335 u.
748 276 774 333 L.
995 273 1058 344 179

134 451 307 531 praeceptis
330 445 476 525 obedivit,
498 448 547 508 ubi
570 448 683 508 Paulus
707 446 854 528 docet*),
877 468 984 510 servos
1008 449 1058 509 de-

133 535 207 594 bere
238 553 277 594 ex
309 531 411 591 animo
435 533 549 591 servire
586 532 717 591 dominis
745 530 927 598 carnalibus.
971 533 1059 594 Prae-

134 620 230 698 ceptis
253 623 354 676 autem
379 614 436 673 Dei
459 615 569 675 cedere
603 615 714 676 debent
747 616 837 675 etiam
868 616 986 696 angeli,
1008 635 1058 677 ne·

133 701 203 761 dum
236 699 346 780 frigida
384 699 443 756 ista
484 698 641 758 hominum
687 698 809 758 traditio
848 697 885 759 de
920 700 1058 779 legendis

132 785 226 846 horis.

131 875 135 883 '
216 865 285 927 Imo
310 883 368 944 ego
391 864 489 944 magis
513 863 605 923 credo
630 882 759 944 peccare
783 883 856 944 eos,
881 866 930 944 qui
953 866 1059 947 legunt

131 949 256 1030 frigidas
278 948 381 1025 horas,
405 966 496 1026 quam
510 948 560 1025 qui
583 950 735 1008 omittunt.
766 947 952 1029 Hypoeritae
977 950 1058 1010 enim
1146 1002 1149 1007 .

133 1040 214 1112 sunt,
236 1032 355 1112 fingunt
377 1050 410 1090 se
432 1047 521 1090 orare
543 1036 575 1092 et
603 1030 687 1110 loqui
716 1050 785 1092 cnm
809 1031 894 1111 Deo,
925 1051 993 1093 cum
1016 1034 1057 1094 ni-

132 1117 174 1176 hil
199 1116 313 1176 faciant
345 1115 459 1192 minus,
490 1112 692 1193 videnturque
725 1121 843 1175 tentare
873 1125 904 1176 et
930 1116 1058 1177 illudere

133 1199 244 1262 Deum.
288 1197 391 1276 Atque
418 1196 447 1256 id
471 1195 615 1256 Satanam
640 1197 775 1258 voluisse
807 1198 865 1259 hac
888 1199 972 1259 larva
1006 1199 1057 1261 Se-

133 1284 246 1359 verini,
279 1289 311 1342 ut
339 1282 399 1340 hoc
421 1298 482 1339 uno
511 1280 672 1340 mendacio
708 1280 840 1340 infinitas
874 1284 1059 1343 tentationes

131 1366 351 1446 illusionesque
381 1364 454 1443 Dei,
483 1369 546 1423 tum
582 1363 710 1443 laqueos
743 1370 780 1424 et
802 1364 896 1424 falsos
926 1384 1058 1446 pavores

133 1451 389 1511 conscientiarum
422 1446 639 1526 multiplicaret
665 1466 720 1527 per
747 1445 873 1529 orbem,
913 1449 994 1528 quod
1028 1456 1059 1509 et

133 1531 274 1596 obtinuit.
323 1531 393 1594 Non
425 1536 472 1590 est
492 1531 573 1590 enim
595 1539 756 1610 peccatum
778 1530 871 1592 hodie
902 1533 933 1592 in
956 1550 1057 1592 saeer-

133 1616 218 1677 dotio
242 1617 410 1696 papistioo,
440 1612 522 1692 quod
545 1615 670 1693 aequari
693 1615 792 1695 possit
821 1615 972 1695 neglectui
1000 1617 1054 1677 lro-

131 1719 243 1778 rarum,
267 1717 334 1758 cum
359 1717 465 1757 revera
488 1699 541 1756 vix
563 1698 602 1756 sit
626 1698 722 1756 maius
745 1706 906 1777 peccatum
930 1700 992 1760 hoo
1016 1699 1056 1759 la-

132 1783 259 1844 borioso
283 1788 437 1841 ettamen
461 1779 603 1840 simulato
626 1780 708 1840 cultu
726 1780 794 1860 Dei,
816 1783 864 1861 qui
888 1800 943 1863 per
965 1783 1057 1843 horas

132 1869 206 1927 istas
230 1864 351 1927 boando
374 1871 406 1924 et
428 1861 644 1924 murmurando
666 1866 831 1945 peragitur,
853 1874 886 1925 ut
903 1867 993 1945 quale
1011 1874 1058 1926 est

132 1948 349 2028 sacerdotium,
372 1948 434 2007 tale
456 1954 487 2006 et
509 1952 681 2028 peccatum.
725 1947 751 2010 0
780 1967 836 2009 uos
861 1951 940 2009 male
963 1957 994 2011 et
1013 1951 1057 2011 in-

131 2033 260 2094 feliciter
282 2032 494 2109 Christianos,
530 2032 580 2110 qui
609 2031 676 2091 sine
711 2030 825 2092 iudicio
853 2033 976 2112 spiritus
1005 2033 1057 2093 Le·

131 2116 248 2198 gendes
260 2115 441 2194 etexempla
457 2113 648 2194 Sanctorum,
661 2117 871 2196 apparitiones
887 2117 1057 2198 spirituum,

131 2208 163 2261 et
185 2201 339 2262 doctrinas
361 2198 518 2258 hominum
542 2199 722 2278 arripimus,
753 2199 930 2279 posthabito
962 2201 1056 2262 verbo

131 2285 204 2363 Dei,
240 2291 270 2343 et
304 2289 482 2360 contempto
518 2283 647 2342 consilio
686 2283 836 2361 spiritus,
870 2284 998 2345 dicentis
1026 2286 1056 2344 in

132 2368 226 2428 Paulo
236 2366 301 2437 ⁶⁶*lz
330 2362 443 2427 Omnia
465 2363 603 2445 probate,
627 2364 709 2443 quod
735 2365 847 2426 bonum
872 2375 919 2427 est
943 2376 1052 2431 tenete.

132 2448 338 2529 Petrus***):
361 2448 449 2508 dicit:
478 2446 508 2507 Si
532 2449 599 2526 quis
621 2447 764 2526 loquitur,
787 2451 873 2528 quasi
896 2469 1053 2512 sermones

133 2537 199 2614 Dei,
222 2536 336 2613 siquis
360 2533 518 2609 ministrat,
543 2530 631 2610 quasi
653 2543 692 2590 'ex
716 2533 834 2612 virtute,
846 2551 936 2611 quam
960 2535 1054 2594 admi·

131 2621 241 2679 nistrat
264 2618 357 2680 Deus.
399 2612 482 2676 Nihil
507 2615 570 2673 vult
593 2613 652 2674 dici
673 2615 703 2672 in
728 2615 870 2690 ecclesia,
891 2619 949 2677 nisi
973 2617 1055 2696 quod

132 2710 247 2763 certum
271 2703 402 2760 sitense
428 2697 554 2758 verbum
583 2697 649 2777 Dei,
693 2698 767 2757 nihil
797 2698 861 2757 lieri
896 2708 949 2759 aut
982 2701 1057 2780 geri,

131 2788 189 2846 nisi
212 2784 293 2864 quod
318 2789 433 2843 certum
465 2783 505 2841 sit
526 2801 545 2841 a
567 2781 635 2842 Deo
662 2781 727 2841 fieri
756 2789 787 2842 et
816 2783 889 2862 geri.
935 2783 1000 2842 Hoc
1028 2791 1059 2844 et

132 2869 244 2930 Paulus
277 2867 350 2946 vult,
373 2865 443 2925 dum
467 2865 541 2925 dicit
562 2864 651 2926 Rom.
675 2867 727 2927 12:
765 2864 836 2925 Sive
864 2867 1057 2948 prophetiam

131 2952 299 3013 secundum
321 2951 472 3010 rationem
494 2947 576 3024 fidei,
599 2948 725 3027 scilicet,
750 2956 783 3009 ut
805 2950 968 3030 exigantur
991 2969 1055 3011 om-

132 3038 214 3097 nium
243 3034 336 3095 verba
365 3034 403 3092 ad
427 3032 563 3112 regulam
586 3031 673 3110 fidei,
696 3039 728 3093 et
750 3031 804 3098 15:
838 3033 920 3094 Nihil
951 3053 1056 3096 eorum

133 3120 238 3193 audet,
261 3137 340 3197 quae
362 3135 423 3176 non
447 3115 542 3176 eflicit
563 3117 594 3177 in
617 3118 685 3196 ipso
709 3116 855 3180 Christus.

215 3200 282 3264 Nos
321 3207 423 3260 autem
461 3208 532 3280 post
564 3205 683 3280 tergum
714 3200 836 3259 reiectis
872 3200 918 3261 his
957 3198 1057 3261 verbls

132 3287 188 3347 Dei
234 3292 352 3346 nostras
387 3283 483 3343 bonas
511 3285 697 3343 intentiones
725 3283 870 3343 audacter
892 3286 1058 3363 sequimur,

132 3369 418 3444 securestatoimus,
428 3365 614 3446 ordinamus,
635 3367 798 3446 credimns,
812 3366 1003 3446 mandamus,
1015 3388 1058 3427 re-

132 3449 836 3532 mandamus,lacimusetomittimus,quidquid
854 3451 1057 3530 visumfuerit,

132 3555 214 3616 quae
235 3537 339 3597 omnia
360 3541 469 3614 postea
490 3533 529 3594 ab
552 3535 683 3595 ecclesia
706 3552 768 3594 non
792 3536 913 3594 errante
935 3540 966 3595 et
988 3533 1057 3615 Spl-

132 3622 191 3681 ritu
213 3626 321 3680 sancto
334 3624 419 3679 recta
440 3618 589 3677 iactamus
612 3636 680 3689 esse
694 3616 786 3698 facta,
809 3625 839 3677 et
861 3617 917 3678 sub
930 3619 1057 3678 nomine
1088 3616 1098 3629 '

418 3738 556 3746 “—

206 3808 236 3879 ⁹)
258 3806 358 3879 Ephes.
369 3810 394 3866 6.
414 3807 471 3865 001.
492 3810 517 3865 3.
547 3808 592 3877 ”J
616 3808 639 3865 t.
648 3805 746 3862 Thess.
758 3806 878 3948 2.12*;*)
898 3809 922 3863 t.
939 3804 1012 3861 Petr'.
1032 3806 1060 3873 2,
1093 3869 1096 3873 ¹
