2392 4170
449 256 532 315 Doct.
550 255 629 315 biart.
647 251 728 314 nuth.
992 250 1055 324 369

130 434 194 489 tum
218 428 370 489 servando
405 427 445 490 de
473 448 535 489 non
561 427 717 490 tradendis
750 427 871 489 filiabus
893 428 973 506 suis,
1002 429 1054 491 lilii

132 522 234 572 tamen
264 512 422 574 Beniamin
455 514 609 593 rapientes
639 530 700 573 non
728 522 948 593 peecaverunt,
985 531 1054 573 cum

133 615 194 655 nou
217 602 321 657 esseut
343 595 424 656 aliae
447 596 604 676 mulieres,
628 613 704 675 quas
727 594 887 674 ducerent,
916 599 1054 676 neganti-

132 677 188 739 bus
211 679 353 760 utrinque
375 676 455 739 fllias
477 698 548 738 suas
571 687 602 739 et
618 679 762 739 Israelitis
786 685 817 738 et
832 677 980 739 silonitis.
1016 681 1056 740 At

132 768 249 840 quanto
282 761 380 822 levius
420 769 468 823 est
499 762 609 822 furtum
647 781 746 823 rerum
778 780 869 841 quam
903 761 1055 823 tiliarum?

132 844 275 926 Stuprum
297 853 328 906 et
349 852 454 925 raptus
478 852 544 906 erat
566 845 625 905 boc
642 845 770 920 facinus,
792 847 817 904 si
835 844 934 924 legem
958 847 1054 925 rigide

132 929 172 989 ad
195 927 300 989 literae
321 929 549 1008 captivitatem,
571 927 632 989 hac
653 939 718 1003 est,
741 928 831 989 stulte
854 936 884 988 et
906 930 1053 1008 supersti-

132 1016 211 1074 tiose
232 1012 449 1092 interpreteris.
508 1009 595 1072 Unde
617 1009 721 1072 attilii
744 1008 837 1072 lsrael
866 1011 945 1071 hauc
966 1013 1054 1092 spiri·
1167 1028 1170 1035 ·

133 1096 245 1157 tualem
268 1093 489 1175 intelligentiae
510 1095 673 1156 sanitatem
697 1095 823 1176 pulchre
845 1094 989 1176 allegant,
1009 1095 1054 1154 di-

133 1186 238 1241 centes
256 1175 409 1240 silonitis:
431 1177 479 1237 Ex
500 1184 586 1260 parte
602 1188 703 1239 restra
727 1185 887 1259 peccatum
903 1183 960 1255 est,
983 1180 1055 1259 quia

133 1259 359 1344 postulantibus
381 1280 444 1322 nou
470 1259 597 1322 dedistis
620 1266 677 1324 eto.

217 1343 297 1420 Quin
320 1363 379 1424 ego
402 1345 516 1425 ausim,
543 1344 603 1405 hac
623 1342 733 1405 Christi
762 1343 857 1404 fretus
879 1345 1054 1425 autoritate,

134 1447 286 1505 asserere,
318 1430 344 1488 si
367 1429 416 1507 qui
439 1426 493 1489 lilii
514 1434 567 1488 aut
588 1425 687 1506 filias,
715 1424 850 1489 castitati
873 1426 992 1504 devoti,
1021 1447 1055 1490 se

133 1515 218 1592 ipsos
241 1511 290 1571 vel
313 1517 466 1590 parentes,
487 1510 572 1572 nulla
592 1509 654 1571 elia
675 1510 794 1572 ratione
815 1511 846 1570 in
877 1529 949 1572 caan
972 1511 1054 1572 alere
1175 1583 1178 1588 ,

135 1594 268 1676 possint,
290 1595 348 1655 uisi
370 1593 470 1673 diviti,
495 1593 547 1674 qui
568 1593 652 1655 alere
670 1595 784 1675 possit,
807 1595 980 1673 nupserint,
1004 1595 1054 1655 de·

134 1679 208 1740 bere
229 1696 284 1739 eos
307 1678 337 1738 iu
355 1676 505 1739 eiusmodi
517 1694 592 1738 assu
615 1684 719 1738 votum
737 1685 768 1738 et
781 1676 942 1739 sabbatum
965 1697 1054 1738 suum

135 1762 267 1824 solvere.
308 1759 391 1821 Nihil
412 1760 463 1822 bio
483 1766 640 1842 moveant,
666 1761 716 1840 qui
737 1761 883 1840 garriunt,
905 1761 1053 1822 castitatis

135 1847 309 1906 thesaurum
331 1843 603 1926 incomparabilem
622 1863 700 1908 esse.
736 1843 846 1904 Nonne
863 1851 894 1905 et
911 1842 1054 1905 obedieu-

135 1930 178 1990 tia
200 1927 277 2007 legis
298 1927 356 1988 Dei
377 1929 408 1989 in
431 1926 562 1989 sabbato
588 1933 619 1988 et
638 1946 719 2008 pane
741 1934 850 1989 sancto
872 1934 920 1988 est
942 1930 1055 1988 incom—
1099 1993 1101 1998 ,

135 2009 302 2094 parabilis?
331 2010 413 2086 Quid
433 2012 515 2072 anim
536 2011 700 2093 pretiosius
723 2009 920 2072 obedientia?
952 2009 991 2071 Et
1012 2019 1055 2072 ta·

136 2116 205 2174 rnen
227 2095 308 2155 hanc
330 2095 375 2155 sic
396 2095 507 2175 exigit,
537 2101 570 2156 ut
590 2112 718 2177 corpus,
740 2092 823 2174 quod
847 2094 976 2171 crearit,
1000 2113 1055 2175 per

135 2187 166 2239 te
187 2178 266 2240 nolit
286 2176 417 2258 destrui,
441 2186 493 2239 aut
514 2197 563 2241 res
585 2188 693 2240 omnes
714 2177 868 2257 comburi,
893 2175 947 2237 sed
970 2182 1003 2237 ut
1023 2178 1054 2238 in

137 2259 312 2322 obedientia
334 2268 526 2342 exerceatur,
546 2260 662 2342 alioqui
684 2280 737 2323 cur
758 2279 821 2322 non
844 2261 946 2341 potius
970 2280 1055 2321 mau-

135 2343 219 2404 davit
240 2360 298 2404 uos
319 2344 404 2424 ipsos
427 2341 583 2420 occidere,
610 2343 724 2406 morbis
751 2351 782 2405 et
802 2343 883 2405 lame
905 2338 1054 2405 cruciarii

135 2426 215 2504 Quid
244 2426 326 2488 enim
353 2423 454 2487 differt
480 2426 627 2488 mandare
646 2427 798 2504 morbum
828 2427 877 2488 vel
899 2428 1054 2489 interitum

134 2509 224 2572 nobis
245 2510 320 2590 ipsis
341 2509 462 2587 inferre,
484 2516 515 2570 et
529 2509 629 2590 legem
646 2512 782 2592 exigere,
805 2529 884 2591 quas
906 2511 1055 2592 praestari

134 2615 196 2657 nou
221 2593 335 2675 possit,
364 2592 422 2654 nisi
444 2591 552 2654 morbo
581 2592 631 2654 vel
652 2594 772 2655 interitu
794 2613 852 2656 uos
874 2595 960 2675 ipsos
983 2613 1054 2655 con·

134 2677 296 2739 flciamusi
338 2674 427 2738 Absit
455 2694 474 2738 a
500 2676 690 2756 (rogitatione
718 2684 824 2739 nostra
853 2677 891 2738 de
915 2677 980 2739 Deo
1009 2678 1054 2739 sic

133 2763 256 2826 sentire.
277 2759 424 2836 ‘Quanto
453 2759 552 2841 magis
580 2760 611 2820 in
639 2759 761 2820 animae
788 2760 957 2841 periculum
979 2760 1054 2822 nibil

136 2845 218 2907 valet
237 2852 436 2927 praeceptum
459 2849 490 2905 st
511 2848 617 2905 votum
639 2850 782 2905 exactum
805 2842 954 2924 intelligi?

217 2927 360 3010 Summa,
387 2928 418 2989 in
440 2927 499 2990 bac
520 2927 622 3008 legum
645 2926 769 3007 lipiilria
795 2931 827 2987 ct
849 2945 925 2988 sana
945 2927 1053 2989 intelli·

134 3014 238 3094 gentis
271 3019 392 3094 praeter
419 3012 578 3074 cantatam
606 3009 738 3072 iudicem
768 3009 841 3071 nihil
867 3015 965 3071 tutum
998 3019 1055 3089 eat,

134 3095 282 3177 quidquid
304 3096 386 3158 enirn
408 3095 556 3158 adversus
578 3095 736 3158 caritatem
756 3100 812 3175 est,
835 3093 1004 3173 dispensari
1025 3101 1056 3154 et

133 3181 327 3261 interpretari
355 3179 440 3241 nullo
468 3199 542 3242 casu
564 3184 683 3261 potest,
714 3196 782 3239 cum
805 3177 845 3239 sit
865 3177 1071 3257 impossibile.

134 3282 239 3324 casum
270 3263 462 3325 necessitatis
494 3264 524 3325 in
553 3265 711 3325 caritatem
740 3260 885 3325 incidere.
939 3260 1055 3321 Rursus

133 3345 281 3428 quidquid
304 3351 412 3408 contra
433 3348 590 3408 caritatem
612 3364 674 3408 non
698 3352 755 3423 est,
776 3344 837 3405 boc
858 3343 997 3424 liberum,
1022 3343 1054 3404 li·

132 3433 225 3493 citum
249 3435 280 3489 et
301 3428 540 3511 dispensandum
563 3436 624 3508 est,
651 3428 831 3511 praesertim
854 3429 884 3488 iu
907 3446 980 3489 casu
1002 3445 1054 3488 ne·

132 3514 294 3580 cessitstis.
355 3511 421 3573 Stat
455 3513 535 3574 euim
568 3513 680 3575 Paulus
713 3512 849 3587 fortiter,
881 3508 1053 3586 dicens*):

131 3598 255 3661 Nemini
276 3594 441 3678 quidquam
462 3595 610 3678 debeatis,
632 3597 688 3658 nisi
706 3605 738 3658 ut
756 3595 887 3657 invicem
911 3594 1053 3678 diligatis.

207 3769 238 3839 ⁸)
259 3769 338 3826 Rom.
358 3768 402 3826 14.

161 3871 249 3918 Lanos
263 3882 313 3924 opp.
330 3874 353 3917 V.
366 3873 394 3914 A·
410 3845 439 3915 a'd
452 3869 494 3917 rst-
504 3868 558 3916 tua.
572 3870 588 3916 l.
603 3881 628 3925 p.
643 3869 696 3916 rot.
709 3869 752 3915 Vi.
860 3837 910 3906 Ἃ
