2392 4170
132 241 196 309 112
407 244 448 299 m
467 242 545 314 capr.
563 245 657 313 sanyr.
675 244 814 299 aeneam

132 406 163 458 et
184 397 274 457 eimul
296 396 475 478 videbimus,
499 416 591 477 quam
620 398 693 459 nihil
715 417 753 459 ea
774 398 1058 473 observaverintii,

132 482 184 560 qui
205 488 399 541 sacramenta
421 491 580 542 auxerunt.

237 563 369 623 Primum
389 565 415 624 ei
436 584 541 624 verum
564 570 673 644 putant
694 572 724 624 et
745 563 948 641 servandum,
975 562 1056 643 quod

131 646 291 726 apostolus
315 647 403 723 dicit,
433 666 494 726 qua
515 649 678 707 autoritate
702 653 819 706 mutant
841 655 871 707 et
893 644 1057 709 resistunt?

133 728 194 790 Cur
215 730 330 790 faciunt
350 732 408 810 ipsi
431 740 599 790 extremam
624 737 654 790 et
675 730 860 809 singularem
884 730 1057 790 unctionem

133 833 173 873 ex
185 832 231 890 ea,
254 832 344 892 quam
357 814 516 893 apostolus
530 813 626 874 voluit
648 832 716 872 esse
732 811 930 892 generalem?
951 812 1056 893 Neque

133 897 213 957 enirn
237 896 396 977 apostulus
418 906 584 957 extremam
608 915 677 957 ease
702 896 806 974 voluit,
829 903 861 956 et
880 895 983 956 solum
997 912 1057 957 mo·

133 980 233 1039 rituris
255 980 398 1059 dandam,
420 981 475 1040 sed
498 980 639 1040 absolute
662 980 748 1039 dicit:
778 978 809 1041 si
838 976 1058 1059 quis'iuflrmt·

132 1070 196 1140 tur,
218 1081 278 1122 non
303 1063 391 1123 dicit:
421 1062 452 1123 ui
474 1065 541 1142 quis
566 1064 700 1125 moritur.
743 1062 851 1140 Neque
872 1063 953 1122 enim
977 1078 1058 1139 curo,

133 1146 204 1225 quid
228 1147 366 1226 Dionysii
380 1145 590 1207 ecclesiastica
611 1145 780 1206 hierarchia
796 1145 845 1205 hic
858 1146 969 1225 sapiat,
991 1145 1056 1227 ipra

133 1229 266 1309 apostoli
289 1229 382 1289 verba
403 1238 510 1310 aperta
532 1240 611 1307 sunt,
634 1227 743 1308 quibua
765 1236 796 1288 et
816 1228 867 1289 ille
892 1235 922 1288 et
935 1228 987 1291 lati
1008 1244 1057 1309 pa·

131 1314 202 1372 riter
225 1313 368 1391 nituntur,
391 1322 422 1372 et
443 1320 620 1373 tamennon
643 1321 828 1395 sequuntur:
852 1318 886 1373 ut
909 1316 1056 1391 appareat

131 1414 195 1473 ece,
218 1414 280 1456 nou
303 1398 467 1455 autoritate
489 1395 559 1471 ulla,
583 1394 636 1455 sed
662 1413 718 1454 suo
742 1394 866 1455 arbitrio
891 1413 932 1455 ex
953 1392 1054 1455 verbio

134 1479 266 1559 apostoli
291 1479 370 1538 male
393 1479 556 1540 intellectis
586 1485 809 1539 sacramentum
833 1484 864 1538 et
885 1478 1058 1538 unctionem

132 1569 301 1622 extremam
323 1561 443 1640 senisse,
466 1562 655 1621 cuminiuria
677 1569 846 1621 ceterorum
859 1558 1057 1636 infirmorum,

133 1645 242 1724 quibus
272 1646 299 1703 vi
332 1645 457 1725 propria
488 1644 677 1704 abstulerunt
715 1643 847 1723 ungendi
876 1641 1055 1705 beneficium

133 1728 172 1789 ab
193 1728 337 1807 apostolo
360 1728 516 1789 statutum.

217 1810 276 1871 Sed
312 1810 385 1870 illud
419 1811 590 1891 pulchrius,
624 1808 706 1889 quod
739 1811 903 1890 promissio
925 1808 1055 1890 apostoli

132 1912 279 1973 expresse
307 1894 393 1954 dicit:
428 1893 535 1955 Oratio
564 1891 635 1953 fidei
665 1892 795 1954 salvabit
824 1892 997 1972 infirmum,
1029 1900 1058 1953 et

132 1977 288 2038 alleviabit
308 1997 378 2036 eum
390 1976 539 2036 Dominus
552 1986 610 2037 ete.
654 1976 742 2053 Vide,
765 1976 926 2056 apostolus
943 1976 976 2036 in
999 1975 1057 2037 hoe

134 2061 205 2141 ungi
228 2070 258 2120 et
280 2062 359 2120 orari
382 2061 545 2140 praecipit,
575 2065 608 2119 ut
627 2057 763 2118 infirmus
786 2070 912 2119 sanetur
934 2064 967 2119 et
988 2056 1056 2121 alle-

134 2146 241 2219 vietur,
264 2143 324 2203 hoo
345 2152 401 2221 est,
423 2161 486 2203 non
509 2144 663 2218 moriatur,
686 2162 744 2201 nec
766 2144 803 2202 sit
826 2150 966 2203 extrema
987 2158 1056 2203 unc

132 2229 185 2304 tio,
208 2226 290 2305 quod
313 2234 344 2286 et
372 2245 468 2305 usque
489 2226 581 2285 hodie
603 2226 733 2306 probant
762 2244 869 2305 preces
886 2223 976 2285 ¹inter
1005 2243 1056 2286 uu·

132 2309 266 2390 gendum
291 2309 407 2388 dictae,
435 2328 514 2388 quae
536 2307 686 2369 infirmum
715 2311 830 2368 restitui
853 2316 968 2388 petunt.
1013 2306 1057 2369 llli

133 2403 239 2454 contra
268 2393 387 2471 dicunt,
421 2412 484 2453 non
512 2411 581 2452 esse
614 2391 748 2453 dandam
778 2393 972 2469 unctionem,
1001 2390 1057 2451 nisi

122 2475 323 2555 discessuris,
345 2477 405 2537 hoc
427 2484 488 2554 eet,
512 2485 543 2535 ut
566 2495 626 2536 non
649 2485 795 2535 sanentur
817 2483 847 2535 et
869 2475 1057 2553 allevientur,

133 2561 190 2619 uisi
219 2579 267 2620 ree
295 2562 338 2620 ita
366 2567 448 2620 esset
477 2561 573 2634 seria,
605 2560 673 2639 quis
702 2560 794 2618 risum
823 2566 917 2637 queat
943 2564 1058 2633 lenem

131 2663 223 2723 super
246 2655 308 2704 tam
332 2643 428 2719 bellis,
451 2645 545 2724 aptis,
569 2651 598 2703 et
621 2643 703 2702 sanie
725 2642 968 2722 apostolicorum
992 2660 1057 2702 ver·

132 2726 240 2788 borum
263 2726 397 2807 glossis?
426 2726 537 2786 Nonne
558 2726 608 2785 hic
630 2728 736 2805 aperte
759 2724 997 2805 deprehenditur
1015 2724 1057 2785 in·

132 2811 275 2890 sipientia
296 2811 480 2891 sophistica,
517 2828 596 2889 quae
626 2818 658 2868 ut
679 2809 739 2868 hoc
767 2809 853 2883 loco,
887 2809 931 2868 ita
955 2806 1057 2867 multis

133 2893 200 2954 aliis
223 2894 283 2953 hoc
305 2894 451 2971 affirmat,
473 2892 556 2971 quod
578 2898 672 2971 negat
692 2891 856 2971 Scriptura,
879 2891 1056 2971 bocnegul,

133 2978 214 3056 quod
238 2976 289 3036 illa
311 2974 462 3036 affirmat?
487 2973 567 3049 Quin
594 2977 685 3054 igitur
713 2977 826 3055 gratias
854 2975 974 3055 agimus
996 2982 1057 3035 tam

133 3062 253 3121 eximiis
267 3060 420 3139 Magistrie
442 3056 576 3118 nostris?
598 3058 693 3118 Recte
705 3059 797 3139 igitur
811 3058 884 3136 dixi,
907 3075 1057 3137 nusquam

131 3145 280 3223 insignius
302 3162 371 3203 esee
393 3142 553 3202 deliratum
576 3141 614 3201 ab
636 3141 706 3219 illie,
730 3161 821 3221 quam
844 3140 1010 3206 hocloco.

216 3226 357 3302 Ulterius,
380 3227 405 3285 si
429 3227 531 3286 unctio
553 3227 612 3285 ieta
634 3234 859 3286 sacramentum
882 3232 945 3301 eat,
968 3224 1059 3285 debet

133 3312 199 3370 sine
225 3309 319 3370 dubio
354 3328 422 3370 esse
453 3314 503 3384 (ut
525 3308 646 3384 dicunt)
682 3308 795 3369 efficax
827 3310 948 3387 signum
983 3308 1059 3385 eius,

132 3393 215 3473 quod
238 3395 340 3472 signat
362 3400 392 3453 et
414 3393 571 3472 promittit.
605 3392 646 3451 At
666 3393 828 3452 sanitatem
851 3400 882 3451 et
895 3390 1059 3451 restitutio·

132 3496 202 3537 nem
225 3476 334 3536 inlirmi
358 3477 515 3555 promittit,
539 3482 571 3534 ul
593 3481 675 3536 etant
696 3483 803 3555 aperta
820 3473 925 3533 verba:
949 3472 1058 3535 Oratio

132 3558 203 3621 lidei
226 3559 357 3621 salvabit
377 3558 546 3636 infirmum,
576 3565 607 3618 et
628 3557 781 3618 alleviabit
803 3576 873 3616 eum
897 3556 1058 3619 Dominus.

134 3641 209 3719 Quis
233 3654 335 3704 autem
358 3664 419 3706 nou
443 3642 526 3704 videt
542 3642 621 3703 hanc
635 3642 869 3721 promissionem
886 3642 917 3700 in
940 3640 1059 3721 paucis,

132 3729 195 3789 imo
217 3729 308 3790 nullis
328 3726 468 3811 impleri?
489 3726 571 3788 Inter
594 3725 675 3786 mille
696 3725 776 3786 enim
799 3725 851 3785 vix
874 3743 952 3785 unua
975 3724 1059 3787 resti·
