2392 4170
391 250 515 302 Rationis
533 249 711 303 Latomlunse
730 253 780 304 etc.
992 228 1062 313 48ΊΪ

136 401 336 482 continentia,
359 411 389 463 et
411 402 770 483 quidquid'oeturulidm,
794 404 965 483 moralium,
989 410 1056 484 spe-

136 486 311 547 culubilium
334 493 379 547 est
401 486 569 566 bonorum,
603 489 633 547 iu
665 488 774 567 qulbus
803 487 918 549 nullum
948 488 1054 548 vitium

136 571 271 632 omui'dm
294 569 452 631 homindm
482 572 653 631 communis
687 590 796 631 sensus
828 570 1056 652 deprehendere

135 655 250 735 possit,
287 653 383 730 odeo,
423 661 456 713 ut
484 653 576 714 hodie
605 655 696 715 etiem
727 657 823 716 nostri
844 653 997 735 Theologi
1019 660 1057 714 ee

134 739 217 798 iuter
247 736 329 797 bonu
361 743 536 813 numerent,
570 733 643 796 nibil
682 736 741 797 illis
774 738 844 798 meli
879 737 1067 814 tribuentes,‘

135 827 227 900 qus'm
251 820 333 898 quud
356 827 444 897 extre
466 821 595 900 gretiam
630 820 710 881 lecte
737 834 865 902 regnum
898 821 1055 882 coelorum

135 922 197 964 non
221 910 410 980 mereantur,
442 922 560 964 rursum
579 920 581 924 ·
600 911 701 964 tumen
735 921 793 965 uec
824 904 974 964 infernum
997 899 1058 964 nec¹

136 996 269 1068 poenum
293 992 484 1058 mercentur,
506 987 604 1066 peretl
627 985 719 1066 plene
741 1002 896 1064 asserere,
927 1005 965 1049 ee
986 1005 1055 1048 eoe-

135 1070 197 1130 lum
221 1070 312 1130 etiein
335 1072 443 1130 mereri
467 1088 579 1150 posse,
604 1070 662 1130 nisi
683 1069 836 1149 quendum
859 1069 995 1132 ruditum
1018 1069 1056 1131 de

136 1152 235 1232 gretie
255 1153 430 1212 necessaris
446 1154 672 1232 concepissent,
695 1172 755 1213 nou
780 1155 859 1214 euim
882 1153 990 1214 deesse
1012 1153 1066 1214 eis·

136 1235 310 1316 quidquem*
327 1242 443 1316 putent,
465 1235 547 1314 quod
560 1235 623 1296 Lex
644 1236 788 1314 requiret,
811 1235 864 1296 sed
880 1237 964 1316 quod
985 1249 1055 1316 gru·

136 1320 177 1380 tie'
199 1319 314 1397 exiget,
336 1319 410 1398 Legi
433 1319 620 1379 satisfactum
642 1318 769 1398 docent,
792 1319 931 1380 sednon
955 1319 1055 1379 Even-

131 1424 133 1428 >
173 1401 227 1463 llo.

136 1415 174 1482 ge
218 1482 344 1544 Addunt
366 1482 498 1563 deniqne
520 1489 605 1569 tonte
626 1503 696 1544 esse
719 1484 797 1545 haec
823 1483 916 1563 bone,
936 1490 969 1545 ut
990 1502 1056 1566 gre-

136 1569 208 1628 riom
231 1572 405 1627 mereantur
426 1566 466 1627 de
488 1584 625 1646 congruo
649 1575 680 1626 et
701 1565 915 1645 infallibiliter,
950 1573 980 1628 et
1012 1567 1070 1627 sic'

135 1651 232 1732 p‘le'n'e
250 1648 438 1724 bone-flent,
460 1651 485 1709 si
509 1668 570 1709 nou
586 1651 715 1729 proprio
734 1651 853 1727 merito,
875 1652 978 1712 temen
1001 1669 1056 1732 per

135 1734 292 1814 proprium
316 1733 465 1792 meritum.
515 1732 645 1792 Accedit
674 1733 736 1810 his,
771 1732 853 1812 quod
875 1733 959 1795 Deus
988 1735 1055 1815 ipse

135 1817 214 1877 heec
236 1827 298 1876 non
320 1821 414 1896 negot
435 1833 504 1874 esse
519 1814 613 1895 bons,
636 1816 714 1875 sient
735 1821 851 1877 revers'
864 1818 970 1898 nefgori
993 1832 1054 1877 non

135 1904 274 1981 possunt,
297 1899 351 1958 sed
373 1905 546 1958 remuneret
569 1905 600 1957 et
621 1905 711 1959 ornet
722 1898 943 1979 temporalibus
965 1898 1068 1960 bene·

135 1981 222 2060 liciis,
243 1989 277 2041 ut
298 1983 419 2061 reguis,
436 1980 555 2061 opibus,
577 1981 686 2061 glorie,
702 1981 798 2060 fautu,
822 1981 980 2064 dignitate,
1002 1982 1055 2043 ho·

136 2083 229 2142 nore,
252 2064 425 2144 voluptate,
449 2072 478 2124 et
499 2065 535 2124 iis
558 2058 723 2145 similibus,
758 2067 801 2125 ite
822 2065 939 2127 utnon
961 2065 1055 2126 modo

135 2147 250 2229 speciei
272 2148 431 2228 propriae,
464 2145 518 2206 sed
542 2155 572 2207 et
592 2146 801 2209 retributionis
824 2148 952 2210 divinae
969 2149 1060 2228 oper-²

134 2231 240 2292 culum
260 2229 390 2291 accedet
414 2230 543 2290 naturali
567 2230 718 2307 caecitati,
740 2239 819 2310 quse
840 2233 963 2312 ignoret
984 2241 1065 2291 vers‘

133 2313 232 2391 bone,
268 2319 302 2373 ut
333 2328 440 2373 secure
472 2314 531 2372 iste
563 2319 594 2372 et
614 2309 859 2393 pertinacissime
880 2314 964 2376 bonu
986 2330 1055 2375 esse

133 2395 319 2472 contendet,
348 2413 527 2476 superque
554 2413 586 2455 re
613 2396 807 2475 potissimum
830 2396 992 2478 prophetie
1014 2397 1068 2457 la-'

133 2479 265 2556 borurit,
288 2486 318 2539 et
340 2498 447 2540 omnes
471 2478 642 2558 prophetae
658 2481 751 2539 occisi
770 2485 850 2556 sunt,
872 2480 956 2559 quod
977 2481 1056 2541 haec

132 2568 296 2642 serperent
330 2568 361 2622 et
392 2562 512 2621 veriora
544 2559 626 2621 boue
666 2562 835 2641 exigerent.
890 2560 1066 2642 Prophetis

132 2647 215 2706 euim
237 2643 311 2704 nibil
334 2644 416 2705 uliud
440 2642 707 2723 quemexpolitio',
730 2652 761 2704 et
776 2648 829 2720 (ut
844 2646 889 2705 uic
905 2644 1052 2716 dixerim)

131 2728 292 2809 preteriret
312 2726 479 2807 applicatio
500 2726 590 2806 Legit
612 2725 677 2802 tuit,
700 2746 764 2802 seu,
788 2726 869 2806 quod
892 2726 1003 2787 dicitur
1024 2729 1057 2787 iu‘

132 2809 345 2892 syllogismis,
381 2809 590 2890 subsumptio,
623 2817 718 2889 quee,
740 2821 774 2870 ut
796 2808 955 2890 quodlibet
976 2816 1054 2891 opus

132 2894 249 2955 bouum
270 2893 429 2968 incideret,
452 2893 678 2972 pronunciaret,
701 2912 740 2953 on
764 2913 835 2954 vere
859 2893 977 2953 meleve
1004 2892 1067 2954 bo·

132 2996 206 3037 num
231 2981 322 3039 e'eeet.
366 2975 445 3036 Hinc
467 2975 562 3035 multe
584 2974 712 3058 legimus
734 2975 893 3057 reprobari
915 2977 945 3035 in
970 2974 1054 3036 libris

132 3060 278 3138 antiquis,
301 3073 381 3138 quse
404 3058 660 3138 obstupescimus.
694 3059 774 3120 Hinc
795 3058 949 3140 prohibuit
963 3058 1074 3138 Deus„

132 3162 174 3202 ne
196 3160 284 3202 suum
307 3156 430 3201 sensum
454 3148 670 3222 sequerentur,
704 3143 757 3202 sed
788 3161 896 3203 vocem
920 3143 984 3201 eius
1006 3145 1074 3203 su?

132 3226 241 3286 direut.
293 3223 367 3285 Ideo
397 3225 441 3284 eis
471 3242 592 3303 semper
619 3224 752 3304 providit
789 3225 970 3307 prophetes,
994 3222 1060 3305 ‘qui'

132 3309 245 3389 legem
269 3309 474 3387 prsoticsrent
501 3307 531 3365 iu
561 3305 607 3366 his
638 3306 726 3393 bouis
759 3308 810 3388 (u't
839 3309 884 3368 sic
907 3306 1054 3389 dixerim)

133 3391 272 3451 velutin
295 3389 445 3470 exemplis
469 3388 678 3465 monstrando,
701 3390 774 3470 quid
795 3397 877 3451 esset
899 3389 972 3451 Lex.
1036 3399 1038 3404 '

216 3473 292 3534 Sole
313 3474 403 3554 igitur
425 3472 487 3531 Lex
512 3471 655 3548 ostendit,
678 3474 738 3531 nou
761 3472 883 3553 quidem
907 3492 976 3533 esse
998 3474 1056 3533 ista

133 3557 218 3619 mele
240 3574 295 3636 per
316 3575 360 3633 se,
384 3574 453 3614 cum
476 3555 537 3614 sint
557 3553 639 3614 done
661 3554 728 3632 Dei,
750 3555 803 3615 sed
829 3575 897 3617 esse
920 3557 949 3616 iu
973 3551 1054 3617 melo

132 3660 203 3718 usu,
226 3645 352 3720 propter
373 3636 507 3698 radicale
530 3636 603 3698 illud
625 3645 786 3717 peceatum
806 3638 1055 3715 occultissimum,
1164 3646 1167 3652 '

132 3742 196 3804 quo
219 3728 248 3784 in
272 3721 331 3783 illis
354 3718 559 3800 confidebant,
582 3719 755 3805 placebant,
777 3721 988 3806 gloriabantur
1009 3723 1053 3790 in.
