2392 4170
138 818 186 914 Ε.
213 815 395 917 soom
421 815 605 916 sussen
631 818 867 942 soporos
893 786 1061 945 ΕΜ.

138 948 320 1070 poraria
360 951 416 1047 ad
454 949 672 1063 articulos,
711 977 816 1075 quos
852 949 1062 1073 Magistri

136 1088 239 1154 nostri
260 1108 302 1155 ex
312 1088 511 1176 Babylonioa
531 1095 565 1155 et
577 1090 817 1157 Assertionibus
839 1091 909 1156 eins
930 1109 1062 1177 exoerp-

138 1200 257 1278 serant,
269 1215 350 1282 quos
359 1196 502 1263 venienti
510 1195 723 1262 Wormatinm
736 1195 987 1284 adlmmrialem
998 1195 1061 1261 illio

138 1301 342 1375 &uvantum
347 1301 523 1368 obiioersnt
534 1308 687 1389 tanquam
699 1302 889 1386 haereticos,
899 1322 1060 1389 nunquam

252 1412 361 1472 tamon
383 1425 425 1473 ex
447 1407 619 1495 seripturis
640 1406 722 1474 talos
743 1407 947 1496 probatos*).

295 1545 352 1612 Ex
371 1529 621 1635 Babylonica
643 1548 904 1635 Captivitate.

221 1663 422 1730 Oollootores.
442 1667 545 1751 Negat
555 1676 673 1751 septem
690 1688 759 1732 ease
772 1668 982 1748 Saoramenta,
1003 1667 1059 1733 aod

139 1756 256 1813 tantum
278 1751 337 1811 tria
357 1765 413 1833 pro
435 1757 573 1833 tempore
594 1753 749 1836 ponenda,
765 1753 964 1834 Baptismum,
985 1752 1060 1814 Poe·

137 1834 307 1915 nitentium,
329 1834 454 1899 Panem.
695 1832 699 1842 '

218 1916 285 1979 imo
308 1937 371 1979 non
394 1918 452 1979 nisi
473 1937 568 1979 unum
592 1937 661 1980 esse
683 1918 927 2000 Saoramentnm,
950 1924 982 1980 et
1003 1919 1060 1980 tria

135 2000 226 2082 signa
252 2000 506 2082 sacramentalia,
537 2003 562 2062 si
595 2000 693 2084 rigido
721 2001 805 2082 loqui
828 2001 974 2079 velimus,
997 2001 1058 2064 dno

137 2090 254 2145 tantum
272 2083 304 2144 in
325 2083 458 2146 eoolesia
470 2083 527 2145 Dei
550 2104 619 2146 esse
636 2085 845 2166 flammeam,
869 2085 1058 2167 Baptismnm

137 2172 169 2227 et
189 2165 315 2231 Panem.
359 2165 649 2244 confirmationem,
670 2168 915 2246 Matrimonium,
937 2188 1056 2229 snorum

135 2247 303 2328 Ordinem,
325 2256 493 2312 extremam
515 2251 700 2314 Uootionem
732 2270 927 2331 nequaquam
959 2270 1057 2313 soora-

136 2339 240 2393 menta
261 2351 339 2397 esse.

218 2414 377 2479 botherus.
414 2415 500 2478 Haeo
521 2416 595 2496 dixi,
618 2435 679 2477 non
704 2418 883 2498 simplieiter
905 2417 1059 2499 negando,

135 2496 191 2560 sed
212 2497 331 2578 addidi,
364 2498 446 2580 qnod
479 2498 647 2561 seeundum
676 2502 841 2581 scripturas
869 2509 993 2562 sanetas
1015 2502 1059 2562 sio

134 2601 183 2644 res
204 2581 346 2660 haberet,
368 2582 442 2644 iioet
468 2602 530 2644 non
554 2582 695 2644 damnem
721 2604 807 2646 usum
836 2589 868 2645 et
888 2604 1006 2645 morem
1028 2586 1056 2643 in

134 2666 334 2728 sacramentis
356 2666 506 2727 eooleaiee
529 2685 611 2727 nnno
627 2666 824 2746 celebratum,
848 2673 881 2726 ut
902 2667 984 2727 clare
1007 2686 1057 2748 pa-

134 2755 178 2809 tet
198 2749 229 2810 in
251 2750 320 2830 ipso
342 2748 457 2814 libello.

217 2831 346 2895 collant.
388 2832 503 2894 Verum
532 2851 643 2913 panem
679 2852 845 2915 rerumque
883 2833 985 2893 vinum
1017 2854 1059 2893 re·

135 2934 259 2978 manere
281 2916 312 2977 in
334 2921 527 2978 sacramento
555 2914 659 2976 aitaris
687 2922 761 2996 post
783 2918 1058 2990 commotionem,

134 3018 194 3060 nee
221 2997 592 3061 transsubstantiationem
623 2998 715 3060 ullam
741 2998 827 3074 iieri,
859 2999 913 3059 sed
947 3020 1057 3081 panem

133 3082 232 3163 ipsam
256 3100 326 3144 esse
349 3100 460 3163 oorpns
483 3081 602 3144 Christi.

206 3247 220 3277 ⁸
253 3248 288 3303 Hi
299 3246 416 3314 articuli,
429 3244 932 3317 quosHioronymusAleander,
943 3247 1061 3302 Nuntius

131 3319 212 3375 Ponti
234 3320 308 3386 nius,
334 3334 369 3376 ox
391 3319 468 3375 libris
491 3318 604 3375 Lutheri
627 3323 820 3388 exoerpserat‚
849 3334 943 3374 mense
968 3317 1060 3389 Aprili

132 3405 159 3446 a.
181 3393 249 3450 1521
274 3391 302 3446 in
326 3389 451 3448 comitiis
476 3390 722 3449 wormatiensssrus
741 3389 863 3447 Lntharo
887 3389 923 3444 ad
946 3405 1059 3460 respon·

132 3462 252 3520 dandum
270 3463 407 3534 propositi
426 3478 488 3521 asso
511 3462 640 3519 dicuntur
660 3461 713 3528 (of.
733 3461 868 3518 Seokend.
887 3461 959 3516 Hist.
978 3461 1059 3517 Loth.

132 3537 152 3602 l,
172 3539 187 3601 t
207 3534 256 3591 011
274 3553 302 3607 p.
321 3537 401 3601 168).
439 3534 506 3592 (ium
530 3533 617 3591 editio
635 3534 780 3605 originalis
804 3532 887 3589 huius
906 3534 1058 3602 Respon-

130 3606 237 3663 sionis
258 3606 340 3664 nobis
366 3611 479 3679 praesto
502 3622 558 3662 non
577 3612 659 3674 asset,
684 3622 736 3661 nos
760 3612 864 3660 textum
889 3603 1059 3663 reddidimus

131 3678 283 3749 ”tundam
302 3679 368 3746 edit·
388 3677 460 3762 Opp·
479 3677 559 3740 Loth.
581 3680 720 3745 lonensem
740 3693 765 3735 a.
786 3678 864 3744 1557.
