2392 4170
182 251 246 318 322
412 254 570 324 asponam
588 253 621 306 ιι,
638 253 673 307 ιι.
690 243 721 306 ι,
740 253 775 306 ιιι
793 254 896 307 uum

185 407 272 469 bitur.
315 406 440 481 Quare?
473 407 553 484 Quia
581 409 631 467 via
658 409 801 467 vanitatis
830 425 936 467 eorum
958 403 1109 482 laudatur,

185 490 265 549 siout
286 488 396 550 Psslm.
421 494 469 557 10.
494 491 582 551 dicit:
605 490 760 566 Quoniam
783 490 923 551 laudatur
942 489 1055 568 impius
1074 488 1108 547 iu

184 571 343 632 desideriis
366 575 490 634 animae
509 592 601 650 suae,
628 584 658 634 et
684 575 806 653 iniquus
835 570 1028 654 applaudens
1049 569 1110 630 sibi

184 653 411 735 blasphemavit
431 657 606 718 Dominum.
649 655 749 732 Quam
778 665 902 716 strenue
933 672 1008 734 ergo
1028 655 1111 715 hans

183 738 377 818 prophetiam
411 740 505 800 hodie
543 741 648 819 implet
686 742 839 820 papistica
869 741 929 799 ists
966 736 1111 812 ecclesia,

186 838 266 900 quae
287 829 483 883 consummat
505 826 626 901 omnia,
655 841 736 901 quae
762 825 877 902 scripta
897 821 1018 881 suntin
1040 836 1111 900 pro-

184 901 284 983 phetis
307 903 346 964 de
367 904 495 977 dolosis,
517 906 612 983 salsis,
635 905 834 965 mendacibus
855 903 1024 984 prophetis,
1046 918 1110 965 mo·

184 987 298 1066 gistris,
319 988 504 1067 pastoribus,
525 990 711 1064 iustitiariis,
743 1006 871 1067 quorum
899 986 1017 1046 infinita
1039 992 1112 1045 suut

186 1072 327 1146 nomina,
357 1069 397 1129 sd
418 1070 510 1130 finem
538 1073 618 1132 euim
641 1072 747 1130 mundi
770 1072 906 1151 oportuit
933 1087 988 1130 eos
1014 1068 1110 1128 abun·

187 1152 309 1212 dantim
330 1171 469 1233 regnare.

267 1235 306 1294 Et
328 1237 359 1295 in
375 1239 505 1296 avaritia
516 1235 594 1295 lictis
617 1235 715 1295 verbis
729 1255 785 1296 ros
798 1231 1110 1314 cauponabuutur⁸),

184 1317 245 1378 hoo
265 1325 329 1378 tam
351 1319 466 1379 clarum
494 1326 543 1378 est
573 1318 637 1377 lieri
660 1338 715 1398 per
736 1319 855 1387 Bullas,
883 1318 1018 1393 ludulta,
1050 1315 1111 1376 oe

183 1408 278 1478 oreta,
301 1401 514 1482 stationarios,
536 1401 742 1477 Quaestores,
763 1401 987 1477 Terminarios,
1010 1398 1112 1460 Sauri-

183 1483 304 1561 ficulos,
327 1493 360 1544 ut
381 1487 441 1544 iam
465 1485 570 1564 glossa
592 1504 654 1543 non
676 1484 823 1564 indigeat.
866 1483 946 1559 Quid
958 1483 1039 1542 enim
1061 1488 1111 1542 est

184 1566 276 1627 hodie
296 1569 388 1627 totius
411 1568 507 1627 ferme
536 1568 608 1627 cleri
631 1568 847 1643 ministerium,
876 1568 933 1625 nisi
956 1563 1110 1626 avaritia?

182 1650 276 1729 idque
297 1668 360 1710 non
388 1652 445 1710 nisi
468 1650 547 1710 lictis
570 1650 686 1727 verbis,
717 1669 778 1709 non
809 1657 925 1710 tantum
948 1652 1111 1729 praetexta

184 1734 288 1813 specie
310 1734 448 1814 pietatis,
477 1733 532 1793 sed
555 1733 654 1794 verbis
678 1733 734 1792 Dei
762 1733 949 1794 adulteratis.
992 1730 1111 1792 Omnes

184 1818 265 1874 enim
287 1816 453 1877 abutuntur
473 1817 520 1877 his
542 1817 657 1876 verbis:
679 1817 772 1893 Deus,
795 1815 944 1892 Christus,
967 1814 1110 1895 Spiritus,

184 1898 332 1974 ecclesia,
361 1900 490 1976 iustitia,
527 1902 656 1974 veritas,
690 1918 768 1978 opus
791 1897 925 1976 bonum,
958 1898 1110 1957 meritum.

183 1980 253 2040 Non
276 1983 357 2040 enim
379 1981 461 2057 fidei,
482 1982 536 2042 sed
559 1984 622 2041 suis
644 1983 751 2042 studiis
764 2001 801 2041 ea
824 1988 941 2062 aptant,
964 1986 998 2040 ut
1018 1979 1112 2061 louge

185 2062 267 2123 aliud
289 2065 349 2123 iam
374 2066 505 2144 populus
530 2085 585 2144 per
609 2066 685 2125 haec
707 2065 875 2144 intelligat,
898 2083 989 2142 quam
1011 2061 1112 2143 Scrip-

185 2155 252 2206 tura
276 2146 377 2206 habet.
423 2147 538 2207 Fictum
561 2158 607 2208 est
629 2150 725 2225 enim,
754 2147 899 2228 quidquid
923 2145 1113 2225 praedicant,

186 2229 259 2307 quia
281 2227 372 2289 fldem
396 2249 457 2289 uon
482 2231 670 2312 praedicant.
714 2231 744 2290 Si
777 2232 856 2290 enim
879 2229 970 2289 fide‘m
994 2226 1115 2309 praedi-

186 2318 309 2392 carent,
347 2314 448 2372 statim
483 2322 586 2374 sectae
615 2332 721 2374 eorum
751 2320 980 2372 evanescerent.
1022 2311 1113 2372 Nube

186 2402 287 2454 autem
312 2405 434 2475 captum
458 2397 605 2477 populum
629 2396 805 2456 dementant
832 2395 1024 2456 illusionibus
1044 2394 1113 2454 istis

187 2478 440 2557 speciosissimis,
468 2487 498 2539 et
520 2480 654 2559 spoliant
676 2479 816 2540 omnibus
838 2479 929 2539 rebus
951 2479 1030 2556 suis,
1051 2477 1111 2557 ipsi

184 2560 303 2620 interim
316 2564 421 2640 saturi,
440 2564 540 2638 otiosi,
564 2564 682 2641 divites,
695 2569 848 2642 potentes,
870 2562 1023 2638 honorati,
1043 2561 1112 2640 glo·

186 2644 267 2720 mosi,
291 2652 321 2703 et
343 2654 444 2705 tamen
459 2648 556 2705 sancti
579 2653 609 2705 st
622 2646 769 2726 religiosi,
792 2646 943 2705 serviente
955 2644 1002 2704 his
1024 2660 1110 2705 mon·

184 2727 253 2785 stris
276 2746 381 2788 eorum
405 2736 513 2788 sancto
536 2731 659 2788 nomine
682 2729 749 2790 Dei.

270 2808 329 2870 Sed
353 2813 390 2870 ad
404 2810 625 2893 Danielem**)
650 2812 814 2890 aliquando
832 2812 1000 2885 veniamus,
1022 2810 1112 2889 plura

187 2892 225 2951 de
247 2891 307 2951 boc
329 2893 526 2954 abominabili
555 2914 650 2973 regno
680 2895 825 2970 audituri,
857 2896 931 2953 satis
954 2893 1032 2953 haec
1052 2910 1109 2973 pro

183 2977 355 3055 prooemio
398 2977 535 3037 Mirabile
558 2988 658 3037 autem
688 2987 718 3037 et
751 2983 957 3037 monstrosum
979 2994 1108 3055 regnum

184 3056 274 3117 nobis
295 3062 454 3140 proponit,
484 3061 565 3138 quod
587 3079 712 3140 prorsus
735 3079 803 3119 cum
826 3059 910 3120 nullo
933 3077 1110 3138 regnorum,

185 3144 411 3221 quaesseculo
435 3143 564 3219 inerunt,
586 3162 687 3223 neque
702 3152 799 3222 erunt,
822 3145 1001 3218 conveniat,
1025 3141 1109 3222 quod

184 3223 272 3283 novis
295 3232 325 3284 et
347 3226 490 3285 inauditis
513 3229 603 3286 armis
632 3235 663 3287 et
686 3226 798 3285 viribus
823 3225 920 3300 valet,
951 3244 1049 3287 novas
1077 3232 1110 3286 et

183 3305 336 3368 inauditas
358 3327 407 3368 res
433 3310 527 3388 gerit,
557 3311 647 3389 plane
675 3311 778 3370 omnia
806 3327 887 3369 nova
917 3314 948 3368 et
970 3306 1109 3369 inaudita

183 3396 263 3450 suut.
306 3390 388 3450 Dicit
409 3410 498 3471 ergo:

239 3656 269 3726 ·)
290 3657 316 3711 a.
338 3657 393 3712 Pet.
412 3658 437 3713 2.
475 3657 523 3725 ··)
545 3659 615 3711 nan.
634 3659 658 3716 s.
