2392 4170
392 233 427 291 D,
446 233 481 290 Π.
504 234 584 290 Loth.
603 234 786 291 Praeiudinm.
1016 235 1057 302 97

153 387 215 449 ralla
234 388 400 449 traditione
422 388 578 449 hominurn
602 389 672 449 iicet
695 389 852 466 deserere,
875 391 946 470 quia
989 411 1056 452 rae·

150 479 219 552 capta
239 478 287 533 est
306 471 417 533 aDeo.
452 471 547 533 Multo
571 472 669 552 magis
687 471 737 532 hic
758 474 802 533 ita
823 471 884 552 flet,
908 479 940 534 ut
962 412 1054 535 ddem

150 555 221 633 priori
241 560 355 631 servet,
378 573 448 615 cum
471 556 632 635 posteriori
655 556 785 615 nonnisi
808 556 947 617 mendaci
961 557 1054 618 corde

149 637 202 698 dua
220 639 365 717 potuerit,
387 656 426 697 ao
448 657 503 718 per
525 638 585 699 hoc
607 658 667 699 nou
691 637 816 716 dederit,
839 640 892 700 sed
914 640 1054 702 fefellerit

149 722 297 799 proximam
320 740 409 781 suam
432 722 661 783 contraDeum.
705 721 807 797 Quare
830 725 939 783 erroris
962 725 1057 802 impe·

149 803 293 865 timentum
315 804 367 865 hic
388 803 491 865 locum
515 805 621 883 habet,
644 806 695 884 qui
717 805 800 884 facit,
823 813 855 865 ut
877 807 1055 885 posterioris

148 888 249 967 nuptiae
271 887 346 949 nihil
369 885 486 964 sintll.

208 968 465 1050 impedimentum
495 968 610 1029 ordinis
640 989 762 1050 quoque
793 991 907 1032 merum
932 979 979 1032 est
1000 973 1053 1033 ho-

150 1052 240 1113 uiuum
270 1061 497 1129 commentum,
530 1055 707 1131 praesertim
737 1074 805 1114 cum
835 1057 986 1135 garriant,
1018 1075 1055 1115 eo

149 1134 224 1196 dirimi
256 1137 350 1197 etiam
381 1140 586 1210 contractum,
626 1156 748 1216 semper
769 1157 841 1197 suas
874 1138 1054 1199 traditiones

149 1235 218 1298 uper
228 1219 284 1279 Dei
306 1219 453 1281 mandata
464 1218 645 1280 exaltantes.
681 1219 749 1301 Ego
764 1220 885 1300 quidem
901 1221 939 1280 de
952 1241 1053 1281 sacer·

150 1299 204 1362 lotii
223 1302 331 1363 ordine
353 1322 414 1363 non
435 1302 548 1379 indico,
573 1302 673 1381 qualis
695 1302 787 1364 hodie
810 1310 866 1382 est,
889 1304 942 1365 sed
963 1305 1053 1366 video

148 1382 251 1445 lanium
273 1385 388 1461 iubere,
411 1387 590 1465 episcopum
613 1387 701 1446 unius
725 1388 830 1448 uxoris
853 1388 950 1446 virum
973 1406 1052 1467 esse,

148 1465 199 1528 ileo
218 1487 279 1531 non
302 1487 397 1548 posse
419 1468 518 1529 dirimi
541 1470 765 1530 matrimonium
790 1469 927 1550 diaconi,
957 1489 1057 1531 sacer-

150 1548 220 1631 dotis,
241 1552 390 1631 episcopi,
413 1571 467 1612 seu
490 1551 697 1631 cuiuscunque
721 1552 845 1630 ordinis,
869 1571 1054 1632 quamquam

149 1630 194 1693 hoo
210 1653 305 1714 genus
327 1634 522 1695 sacerdotum
553 1642 584 1692 et
615 1654 669 1696 eos
691 1635 814 1696 ordines
844 1633 920 1696 non
937 1639 1056 1699 noverit

149 1713 250 1792 Paulus,
272 1736 352 1796 quos
373 1715 642 1778 hodiehabemus.
689 1719 819 1779 Pereunt
836 1719 941 1798 itaque
964 1720 1055 1779 mals-

149 1795 227 1860 diciae
246 1802 323 1862 istac
344 1800 503 1861 hominum
525 1799 720 1877 traditiones,
749 1820 828 1880 quae
850 1821 912 1862 non
936 1804 992 1862 nisi
1015 1803 1054 1863 ad

148 1881 354 1963 udhplicanda
367 1885 516 1966 pericula,
538 1892 677 1963 peccata,
702 1885 833 1945 malain
858 1883 989 1945 ecclesia
1011 1887 1051 1944 in·

147 1963 278 2031 troicrunt.
331 1967 387 2028 Est
415 1986 488 2046 ergo
520 1967 599 2026 inter
631 1967 822 2029 sacerdotem
860 1974 891 2027 et
925 1986 1053 2028 uxorem

92 2118 94 2127 Ι
148 2064 228 2109 rernm
252 2059 283 2111 et
303 2050 509 2130 inseparabile
524 2051 761 2127 matrimonium,
778 2051 929 2111 mandatis
943 2051 1053 2111 divinis

147 2131 294 2208 probatum.
339 2131 418 2209 Quid
441 2134 466 2192 si
488 2133 573 2214 impii
602 2133 744 2195 homines
772 2134 846 2193 iliud
870 2134 1052 2214 prohibeant

147 2219 186 2274 rut
200 2215 338 2277 dirimant
360 2236 444 2277 mera
465 2216 627 2296 tyrannide
649 2217 726 2276 sua?
749 2216 835 2298 Este,
858 2220 898 2276 sit
914 2218 1050 2278 illicitum

147 2299 206 2376 spur
226 2300 377 2377 homines,
401 2300 514 2359 licitum
537 2307 638 2359 tamen
663 2307 710 2359 est
731 2300 813 2381 apud
832 2299 941 2380 Deum,
965 2303 1051 2360 cuius

149 2382 312 2461 mandatum,
334 2385 360 2442 si
382 2390 489 2444 contra
512 2383 668 2444 hominum
690 2390 808 2464 pugnet
830 2383 984 2464 mandata,
1008 2391 1055 2445 est

150 2465 366 2540 preferendum.

206 2551 315 2630 Aeque
352 2555 558 2610 commentum
596 2556 642 2608 est
682 2548 934 2629 impedimentum
975 2551 1051 2611 illud

145 2629 263 2708 publicae
285 2635 472 2705 honestatis,
496 2651 556 2712 quo
571 2632 750 2692 dirimuntur
773 2639 940 2694 contracta.
987 2633 1053 2694 Urit

117 2711 121 2719 '
144 2730 181 2775 na
197 2715 299 2777 audax
320 2718 379 2777 ista
400 2717 540 2795 impietas
565 2723 625 2774 tarn
638 2724 760 2794 promta
782 2715 821 2775 ad
835 2716 1053 2796 separandum,

142 2797 208 2873 uod
229 2800 312 2861 Deus
334 2800 507 2875 coniunxit,
536 2808 569 2858 ut
596 2797 806 2859 antichristum
829 2800 858 2858 in
883 2818 919 2858 ea
937 2817 1051 2878 cogno·

142 2895 206 2958 teas,
226 2902 307 2962 quae
329 2884 509 2944 adversatur
531 2880 689 2962 omnibus,
718 2901 797 2961 quae
820 2882 958 2942 Christus
985 2883 1056 2942 tecit

141 2964 289 3028 atdocuit.
334 2964 422 3041 Quae
444 2983 521 3044 rogo
548 2971 595 3024 est
621 2983 730 3042 causa,
767 2973 799 3025 ut
830 2966 935 3045 sponsi
966 2984 1054 3044 prae-

141 3050 235 3109 mortui
258 3049 359 3110 nullus
383 3050 629 3128 consanguineus
654 3067 750 3127 usque
772 3047 810 3107 ad
825 3059 964 3128 quartum
986 3066 1053 3126 gra·

139 3126 198 3191 dum
220 3134 319 3214 possit
340 3131 452 3191 ducere
474 3130 642 3211 sponsam?
672 3130 741 3191 Non
765 3131 893 3191 esthon
915 3131 1056 3210 publicae

137 3209 293 3277 honestatis
315 3216 440 3294 iustitia,
462 3214 517 3274 sed
538 3216 667 3274 inscitia.
711 3214 772 3274 Cur
794 3233 855 3273 non
883 3214 913 3273 in
938 3213 1053 3294 populo

136 3293 228 3373 lsrael,
252 3300 376 3379 optimis
399 3317 437 3357 ac
459 3299 568 3359 divinis
592 3298 709 3378 legibus
731 3298 886 3375 instituto,
909 3301 975 3375 erat
996 3298 1055 3356 ista

135 3379 267 3458 publicae
300 3381 472 3442 honestatis
508 3380 644 3442 iustitia?
678 3379 731 3440 sed
766 3381 858 3439 etiam
887 3387 1054 3460 praecepto

135 3459 184 3525 bei
211 3466 372 3546 proximus
404 3463 573 3544 cogebatur
603 3481 730 3524 uxorem
758 3464 890 3543 proximi
918 3463 1053 3522 relictam

141 3593 483 3603 ——.-——..-...-..-.
496 3596 559 3602 ..-

179 3648 207 3715 1)
225 3646 259 3701 In
278 3648 321 3700 ed.
339 3648 402 3702 dan.
426 3655 454 3700 et
473 3642 582 3700 witichi
607 3645 692 3697 verba
717 3643 817 3696 desunt
840 3642 905 3695 inde
925 3659 952 3696 a:
980 3643 1057 3697 Oen-

129 3725 240 3789 ratur,
261 3735 351 3790 nsque
371 3722 422 3774 adr
441 3719 530 3772 nihil
549 3719 625 3770 sint.

153 3821 735 3874 hammavsmrsruuaspvonv.
871 3791 890 3855 7
