2392 4170
453 215 729 279 Doct.i1art.Luth.
893 203 898 217 ’
995 223 1065 293 439(

137 389 426 469 consequentiarum
447 392 506 452 iliis
534 391 731 477 familiarem,
755 413 834 474 quae
856 404 985 458 vocatur
1006 419 1057 480 pe·
1163 464 1165 471 ,

137 475 203 534 titio
225 473 375 553 principii.
407 475 485 535 Nam
510 477 592 555 quod
616 480 830 557 neceesarium
844 480 884 540 sit
905 480 961 541 sub
985 501 1056 561 peo-

137 564 205 618 oato
235 558 372 635 mortali,
405 560 484 618 sumi
513 579 531 619 a
572 560 782 623 sacerdotibus
821 573 1057 646 sacramentum,

136 641 203 701 Rex
231 642 361 722 primum
398 643 529 722 probare
558 643 669 709 debuit.
718 645 786 726 Ego
820 648 899 706 enim
927 647 1056 716 liberum

136 743 205 785 esse
227 723 312 803 dioc,
336 726 415 785 sumi
438 733 469 787 et
499 745 560 788 non
584 729 662 787 sumi
692 729 954 796 asaoerdotibus.
997 732 1056 793 Ns-

136 809 301 875 cessarium
332 816 433 872 autem
457 818 503 870 est
534 830 589 891 per
620 808 800 872 traditiones
830 813 988 875 bominum
1027 823 1058 878 et

135 911 221 953 usum
263 892 438 955 multorum.
492 893 595 969 Quare
624 895 830 957 Tbomisticus
864 897 932 958 Rex
965 899 1057 973 vaide

134 974 214 1035 bene
235 976 344 1055 probat
374 977 553 1037 traditiones
587 997 642 1057 per
675 978 877 1058 traditiones,
911 989 1056 1062 negatum

135 1079 189 1139 per
210 1068 365 1141 negatum,
394 1060 505 1121 talibus
528 1061 619 1140 enim,
644 1081 706 1123 non
731 1063 798 1123 aliis
820 1063 1055 1143 probationibus

135 1144 188 1203 niti
213 1143 302 1205 debet
335 1145 465 1215 assertio
489 1144 756 1206 Sacramentorum
799 1154 830 1206 et
865 1152 929 1207 tota
950 1148 1057 1209 Heari-

135 1228 208 1287 caiis
230 1228 373 1290 ecclesia.
417 1227 561 1290 Secundo
585 1229 642 1288 sio:

217 1310 353 1372 Christus
377 1311 606 1373 Sacramentum
636 1314 848 1390 consecravit,
885 1332 946 1374 non
978 1319 1054 1394 a'po·

135 1394 216 1472 stoli,
239 1415 313 1476 ergo
330 1414 393 1456 non
411 1395 514 1455 licebit
523 1395 672 1473 apostolis
695 1403 748 1456 aut
759 1395 970 1457 sacerdotibus
984 1416 1055 1459 oon-

132 1498 273 1557 secrare,
306 1479 378 1558 quis
411 1499 473 1539 non
496 1479 574 1539 iicet
596 1478 678 1539 aliud
706 1486 841 1540 statuere
871 1488 922 1540 aut
943 1480 1055 1562 iacere,

133 1581 223 1642 quam
247 1562 404 1642 Scriptura
426 1561 525 1624 habet.
817 1588 821 1593 ¹

217 1645 353 1721 Quodsi
376 1647 468 1706 miser
494 1644 546 1705 iile
567 1644 715 1706 Lutberus
749 1645 798 1705 bio
825 1645 899 1706 velit
921 1645 1055 1727 effugere

134 1735 165 1790 et
187 1729 302 1790 dicere:
332 1728 468 1789 Christus
499 1727 655 1789 mandavit
691 1727 841 1808 apostolis
863 1747 1054 1810 consecrare,

134 1813 184 1874 ubi
208 1812 294 1873 dicit:
319 1813 385 1874 Hoc
406 1812 506 1890 facite,
530 1813 945 1892 praeoccupatimpropitius
968 1833 1055 1875 meus

132 1898 282 1957 Dominus
305 1896 463 1974 Henricus,
488 1895 608 1956 dicens:
631 1894 699 1956 Hoc
721 1915 789 1956 esse
812 1896 924 1958 dictum
948 1896 988 1958 de
1010 1917 1054 1958 re·

133 1980 293 2061 oipiendo,
325 2000 386 2041 noo
421 1979 464 2040 de
482 1978 705 2041 consecrando.
751 1977 872 2042 Christe
899 1979 1054 2057 servator,

132 2084 223 2144 quarn
247 2065 385 2126 inaudita
407 2064 540 2123 caecitas
564 2070 594 2121 et
616 2062 750 2122 amentia
780 2068 827 2122 est
860 2063 978 2124 inistis
1002 2063 1055 2125 ho·

135 2147 292 2208 minibus?
335 2147 367 2208 Si
395 2147 445 2207 hio
470 2145 881 2224 interrogavero:·Domine
912 2146 1055 2222 Henrice,
1164 2167 1167 2170 ·

135 2248 195 2309 qua
218 2232 416 2307 grammatica
438 2229 544 2290 didicit
565 2229 733 2289 dominatio
755 2228 881 2290 vestra?
904 2231 972 2309 quis
994 2231 1057 2291 Vo-

135 2311 309 2373 oabuiarius
331 2311 418 2372 vobis
441 2313 536 2387 dixit,
566 2313 628 2372 hoo
649 2312 758 2389 facite,
795 2313 824 2372 id
848 2331 937 2391 esse,
972 2312 1055 2393 quod

134 2394 285 2476 accipite?
309 2393 533 2474 Respondebit:
547 2391 678 2474 Oportet
689 2397 733 2454 sic
748 2415 826 2475 esse,
845 2397 916 2475 quia
930 2399 1056 2458 nomina

135 2478 257 2541 suntad
278 2478 431 2558 placitum.
466 2476 527 2538 Sed
547 2475 679 2537 dimissis
701 2479 768 2538 istis
786 2483 886 2557 porcis
900 2480 1055 2543 dieamus:

218 2563 355 2624 Christus
378 2560 519 2620 sumendi
543 2578 629 2639 usum
653 2561 791 2635 instituit,
815 2561 940 2640 quando
963 2563 1055 2626 dixit:

133 2647 274 2726 Accipite
296 2651 327 2706 et
351 2643 553 2722 manducate,
581 2649 614 2703 ut
647 2641 740 2703 verba
769 2645 836 2723 ipsa
862 2647 1056 2725 apertissima

133 2738 293 2806 testantur,
316 2748 377 2789 nou
401 2726 523 2807 quidem
546 2725 684 2787 Henricis
714 2727 779 2785 istis
802 2735 832 2786 et
854 2730 978 2803 truncis,
1000 2728 1054 2789 sed

135 2813 292 2893 quibusvis
314 2811 416 2891 pueris
439 2817 470 2871 et
490 2811 590 2871 fatuis.
632 2808 674 2872 At
696 2809 897 2871 consecrandi
920 2810 1053 2873 officium

133 2898 272 2974 instituit,
296 2895 366 2956 dum
389 2893 476 2954 dicit:
512 2893 580 2953 Hoc
600 2892 702 2954 facite.
745 2894 861 2954 Facere
896 2895 976 2955 enim
1010 2902 1056 2956 est

133 2980 194 3040 hoc
215 2986 312 3040 totum
334 2979 456 3055 imitari,
479 2975 562 3055 quod
584 2977 652 3056 ipse
672 2982 745 3037 tune
765 2976 846 3041 feeit.

216 3062 256 3123 Et
277 3060 350 3142 quid
372 3060 471 3121 dicam
494 3061 560 3121 istis
576 3058 733 3140 sacrilegis
751 3061 911 3140 portentis,
935 3061 987 3140 qui
1009 3067 1054 3122 ta·

132 3146 211 3207 libus
235 3146 420 3226 argumentis
442 3144 593 3220 indicant,
623 3161 712 3223 quam
736 3163 775 3203 ex
798 3141 1056 3222 impotentissime

133 3230 246 3290 invidia
265 3230 309 3289 sic
331 3229 530 3308 scripserint,
554 3233 586 3286 ut
608 3226 681 3286 nihii
702 3227 835 3306 ineptius
858 3234 887 3287 et
911 3228 1055 3289 insulsius

132 3312 206 3394 fingi
228 3312 353 3392 possit?
396 3311 427 3373 Si
450 3313 530 3372 enim
553 3295 614 3371 boo
636 3317 847 3387 argumentum
871 3311 972 3371 stoiidi
998 3311 1056 3372 Re·

132 3398 179 3476 gis
203 3395 316 3473 ualet,
347 3397 377 3455 in
411 3396 496 3456 nullo
528 3414 561 3454 re
593 3391 700 3453 licebit
738 3392 890 3455 Christum
932 3395 1052 3455 imitari.

132 3480 228 3560 Finge
251 3480 330 3541 anim
355 3478 505 3540 Christum
529 3477 772 3538 noninstituisse
794 3495 976 3538 consecrare
1000 3476 1052 3539 Sa·

132 3569 319 3625 aramentum
336 3560 437 3643 (quod
457 3559 647 3642 impossibiie
663 3558 739 3642 est),
763 3565 864 3620 tamen
878 3561 1053 3641 exemplum

133 3647 334 3715 consecrandi
347 3644 481 3709 ostendit
503 3653 533 3706 et
555 3642 645 3705 scribi
658 3643 764 3725 voluit,
788 3644 845 3705 uisi
858 3644 927 3707 Rex
949 3651 1055 3707 noster

132 3731 165 3793 id
186 3730 362 3813 contendat,
384 3748 443 3792 noe
464 3747 567 3810 nsque
592 3745 698 3807 orare,
734 3746 835 3808 neque
862 3726 1053 3811 benefacere,
