2392 4170
138 237 200 303 bit)
429 240 591 296 Oonlntffio
609 242 796 296 lantberlana..

138 413 247 456 eonem
270 393 410 473 fidelem,
443 398 554 477 repetit
585 405 617 457 et
636 397 770 457 inenleat
789 394 1061 477 diligenterr¹velnt

139 477 236 558 digito
252 488 425 539 monstrans
447 480 521 540 illud
538 481 682 542 verbumr
704 480 735 541 Si
750 492 851 541 autem
868 478 1060 559 quon-noto,

139 562 372 642 quiasuperius
395 562 554 624 videbatur
575 562 735 623 obscurius
759 563 892 640 dietum,
916 562 966 622 nbi
987 579 1060 621 eum

138 645 267 704 dixisset
287 645 440 705 similiter:
472 644 504 707 Si
526 653 628 707 autem
649 646 734 724 quod
763 647 852 724 nalo,
887 647 949 706 boo
967 645 1061 725 labio,

138 735 303 806 antequem
320 729 456 790 inferret:
478 730 543 790 lam
566 749 628 790 non
643 748 702 809 ego
717 748 839 810 operor,
860 729 1059 808 interposuit:

138 809 306 871 Consentio
318 813 402 893 Legi,
423 815 568 891 quoniam
592 813 674 873 bona
691 823 747 873 est.
778 813 835 873 llio
856 820 960 874 autem
984 829 1060 871 nox

137 893 241 955 infert:
264 893 296 955 Si
318 913 377 975 ego
400 896 509 956 uolens
530 895 622 973 lesio,
643 905 725 956 eerte
749 898 812 956 hoe
832 896 916 956 nolle
937 893 1060 974 probat,

137 977 221 1056 quod
243 995 306 1037 uon
328 996 388 1056 ego
410 979 471 1039 iam
487 997 599 1059 operor
612 978 696 1056 illud,
720 987 866 1040 ettamen
888 977 923 1039 llt
944 980 976 1037 in
998 996 1059 1058 me,

137 1079 211 1139 orgo
234 1062 410 1121 neeessario
427 1072 599 1143 peceatum,
621 1063 704 1140 quod
718 1061 880 1123 habitatin
904 1080 963 1137 me,
984 1060 1059 1121 illuri

137 1152 292 1223 operatur,
313 1154 346 1204 ut
367 1163 457 1205 nemo
480 1148 580 1225 possit
601 1146 683 1205 hune
703 1146 805 1206 loeum
830 1148 886 1205 nisi
909 1143 948 1204 de
970 1144 1059 1224 spiri·

137 1227 211 1288 tuali
232 1228 356 1287 homine
375 1227 562 1308 intelligere,
595 1247 695 1308 neque
725 1228 762 1289 de
790 1230 844 1306 iis,
876 1229 928 1308 qui
951 1246 1059 1307 perpe

94 1366 96 1371 .
136 1317 223 1372 trent.
239 1328 335 1391 opera
356 1311 446 1373 mala.
491 1310 627 1372 Alterum
655 1313 736 1371 enim
763 1312 813 1372 hio
845 1311 918 1371 dieit
939 1329 995 1390 per
1017 1311 1059 1370 al·

130 1402 233 1454 terum
254 1393 405 1474 impediri,
424 1395 469 1454 sio
492 1401 595 1455 tamen
617 1400 651 1454 ut
671 1396 795 1477 spiritus
816 1393 1006 1474 praevaleat,
1028 1402 1059 1452 et

136 1476 179 1536 illi
202 1476 351 1539 tribuatur
372 1478 455 1556 quod
478 1497 539 1538 non
563 1486 723 1558 operetur,
753 1496 813 1538 non
838 1477 909 1537 velit
934 1476 1057 1537 malum.

135 1559 205 1622 bion
228 1562 308 1620 enim
332 1563 422 1620 vertit
442 1562 644 1636 sententiam,
667 1567 700 1620 ut
722 1561 850 1621 dioeret:
881 1560 952 1621 Non
976 1560 1057 1621 enim

137 1643 250 1703 malum
273 1643 356 1722 quod
380 1644 461 1719 volo,
484 1645 543 1705 hoe
565 1644 655 1720 leeio,
678 1644 732 1704 sed
750 1645 864 1705 bonum
888 1643 972 1722 quod
994 1660 1057 1702 non

115 1727 208 1787 'uolo
229 1727 291 1787 hoe
317 1727 416 1804 faeio,
450 1729 478 1786 si
510 1737 611 1788 eutem
645 1727 728 1806 quod
757 1727 831 1788 nolo
860 1727 975 1787 bonnm
997 1725 1058 1786 hoe

135 1811 232 1887 lanio,
254 1811 314 1869 iam
337 1827 400 1871 non
422 1828 481 1889 ego
503 1829 615 1890 operor
641 1809 732 1886 illud,
754 1811 809 1870 sed
831 1812 946 1891 gratia,
978 1827 1058 1886 qnae

136 1893 304 1954 habitatin
327 1912 385 1955 me.
411 1893 497 1954 Haeo
521 1896 602 1954 enim
626 1912 698 1954 earo
721 1894 846 1972 dioeret,
868 1895 894 1951 si
915 1901 1060 1972 regnaret·

134 1996 227 2056 suuper
254 1978 393 2056 spiritum
421 1977 477 2037 sibi
506 1976 663 2039 rebellem.
711 1977 800 2037 Nune
833 1996 903 2036 eum
927 1975 1057 2055 Spiritus

135 2059 309 2139 queruletur
330 2066 361 2119 et
376 2067 502 2120 aeonset
523 2080 656 2138 earnem,
678 2067 773 2140 patet,
796 2060 880 2139 quod
897 2078 960 2120 non
983 2077 1055 2119 earo

134 2144 320 2211 dominetur,
342 2142 396 2203 sed
418 2142 588 2204 dominanti
611 2143 735 2223 Spiritui
758 2145 886 2204 molesta
910 2158 940 2203 er
960 2140 1054 2202 rebel·

134 2226 171 2285 lis
193 2228 241 2288 sit.
284 2225 366 2285 Nihil
395 2227 475 2286 enim
499 2247 554 2306 pro
578 2247 684 2306 earne,
719 2226 773 2287 sed
800 2234 908 2287 eontra
932 2244 1054 2286 earnem

134 2309 284 2388 loquitur,
317 2308 401 2387 qnod
431 2328 494 2370 non
516 2311 589 2370 saell
609 2311 702 2371 bomo
726 2309 857 2371 earnalis
880 2317 969 2369 extra
989 2327 1056 2389 gra·

134 2394 207 2453 tiam
240 2395 432 2456 constitutus.
476 2393 545 2455 Non
575 2413 649 2472 ergo
681 2396 753 2453 sinit
785 2396 886 2473 gratia
907 2393 965 2452 Dei
995 2393 1054 2452 boo

135 2495 213 2556 opus
235 2477 355 2555 peeoati
377 2476 436 2536 sibi
457 2478 616 2557 imputari,
647 2479 717 2556 quia
740 2496 847 2537 revera
869 2495 931 2537 non
956 2477 1054 2555 ipsum

134 2567 289 2640 operatur,
311 2568 342 2620 et
364 2568 465 2620 tamen
488 2562 518 2621 in
538 2579 576 2619 eo
589 2567 645 2639 est,
668 2580 738 2620 vere
756 2578 879 2639 quoque
901 2561 969 2639 ipse
984 2577 1055 2639 ope·

133 2652 227 2721 ratur,
249 2652 281 2703 ut
303 2644 376 2703 satis
399 2650 447 2703 est
468 2643 592 2704 dietum.

216 2727 342 2788 Invenio
364 2728 456 2807 igitur
478 2727 595 2788 volenti
617 2727 690 2785 mihi
712 2727 813 2786 faeere
833 2727 957 2801 bonum,
980 2744 1053 2804 qno·

133 2814 214 2873 niam
237 2813 310 2871 mihi
331 2811 445 2871 malurn
467 2810 596 2874 adiaoet.
629 2809 699 2870 Non
722 2819 768 2869 est
790 2811 870 2869 enim
893 2809 981 2886 alius,
1003 2811 1054 2886 qni

135 2897 199 2956 vult
231 2896 332 2956 faeere
365 2894 495 2970 bonum,
529 2900 560 2953 et
593 2894 670 2953 elius
702 2895 749 2953 oui
779 2893 893 2952 malum
923 2892 1052 2953 adiacet.

133 2979 304 3060 spiritualis
338 2978 401 3039 vult
428 2978 529 3038 faeere
557 2978 670 3038 bonum
705 2983 802 3050 totus,
836 2976 888 3035 sed
923 2975 1054 3037 earnalis

132 3063 254 3124 adiacet
275 3061 372 3123 malus
394 3063 461 3141 ipse
478 3063 577 3123 minus
601 3067 693 3122 totus.
743 3060 949 3121 Condeleetor
970 3060 1052 3120 enim

133 3147 192 3226 legi
218 3147 274 3206 Dei
295 3146 463 3207 seeundum
486 3145 660 3205 interiorem
683 3143 853 3222 hominem,
890 3143 981 3203 video
1002 3161 1054 3202 au·

133 3237 194 3289 tem
216 3230 307 3291 aliem
330 3230 430 3309 legem
465 3229 495 3287 in
524 3226 670 3295 membris
704 3228 796 3302 meis,
830 3234 1052 3306 repugnantem

133 3313 193 3393 legi
216 3315 325 3374 mentis
351 3332 448 3388 meae,
471 3318 502 3373 et
516 3313 722 3391 captivantem
746 3329 795 3369 me
811 3313 842 3369 in
859 3310 961 3390 legem
984 3328 1051 3390 pee-

133 3398 208 3476 eati,
241 3416 320 3476 quae
352 3405 399 3457 est
428 3398 458 3457 in
493 3395 636 3455 membris
671 3395 756 3454 meis.
798 3391 859 3455 Hie
885 3394 1054 3454 clarissime

132 3499 201 3541 sese
223 3481 366 3561 explieat.
413 3480 567 3540 Delectari
595 3478 727 3537 enimin
751 3477 818 3556 lege
843 3477 898 3536 Dei
922 3496 984 3536 non
1006 3486 1054 3537 est

131 3567 189 3627 nisi
212 3565 253 3645 pii
276 3572 307 3625 et
316 3565 386 3625 iusti
398 3564 542 3634 hominis,
562 3581 620 3623 nee
637 3568 787 3640 repugnet
804 3579 861 3621 neo
876 3579 1051 3640 repugnare

132 3656 219 3709 eurat
241 3648 301 3728 legi
322 3648 545 3726 membrorum,
578 3648 628 3724 qui
653 3647 748 3704 iustus
772 3664 832 3704 non
856 3652 919 3721 est,
953 3644 1050 3724 legem

131 3741 234 3794 autem
257 3733 367 3794 mentis
389 3751 450 3793 non
480 3737 572 3790 voeat
605 3729 705 3809 legem
738 3729 926 3807 naturalem,
959 3744 1051 3807 qnam
