2392 4170
388 244 515 300 Rabonio
537 242 716 298 Latomianu
730 237 795 294 ›atc'
988 230 1051 301 505

129 399 373 480 imperiosum)
397 396 564 461 secundum
584 395 942 472 interioremhom'nen,
964 392 1054 457 vidcc

134 491 242 545 antem
260 482 352 544 aliam
373 482 478 561 legem
500 480 548 557 tid
570 489 632 560 est,
668 482 820 562 poenam)
850 479 885 540 in
910 477 1054 539 membris

131 567 224 663 maia·
240 565 536 709 repugnarrtpmltidi
556 561 1055 716 ⁰⁸f1’115ffinmfflmiplffi

131 657 353 814 prpe-ritrgempiqe
374 647 434 809 dit,
449 668 776 812 ⁰;gefflfflhmemq
786 732 821 793 in
828 665 1056 809 legeffgeccati

132 817 250 894 (idest,
272 815 475 896 inpomram),
495 834 575 895 quae
596 823 644 876 cst
664 814 860 878 inmembris
876 813 964 874 mais.
1010 813 1055 872 ln·

131 899 204 960 lelix
226 918 286 978 ego
309 899 421 973 bomo,
443 900 511 978 quis
533 919 582 958 mo
603 898 745 960 liberabit
766 897 805 961 de
825 907 958 977 corpore
977 914 1055 957 mor·

132 984 170 1044 ῆι
204 982 294 1043 buius
314 980 359 1062 (id
383 990 445 1056 est,
479 1001 581 1061 poena
609 983 715 1056 huius)
729 983 760 1042 lv'
779 981 888 1043 Gratia
909 980 977 1041 Dso
999 998 1055 1059 per

133 1064 239 1128 lesum
263 1065 415 1126 Christum
427 1066 593 1137 Dominum
616 1072 765 1128 nostrum.
807 1066 902 1144 Igitur
916 1082 975 1142 ego
989 1064 1057 1142 ipae
1125 1113 1128 1119 .

134 1150 236 1210 servio
259 1155 360 1209 mente
382 1149 442 1228 legi
464 1149 522 1209 Dei
545 1148 589 1230 (id
613 1157 668 1228 est,
690 1148 831 1210 subditur
848 1167 915 1207 sum
929 1147 1057 1226 impuni-

134 1234 215 1309 tati),
239 1251 330 1293 carne
344 1231 527 1311 autem-lagi
542 1233 661 1312 peccati
678 1232 727 1314 (id
749 1239 805 1307 est,
827 1228 964 1292 subditus
987 1248 1055 1290 sum
1122 1301 1126 1310 ι

133 1317 283 1396 poenae).
325 1314 407 1376 Nihil
429 1334 503 1394 argo
527 1315 732 1376 damnationis
754 1323 803 1377 est
823 1322 903 1375 etc.¹
972 1344 975 1351 ·

128 1436 148 1484 ,⁸
165 1432 179 1442 ··
217 1397 272 1458 Est
294 1397 494 1460 hocPaulum
508 1399 673 1478 elucidare,
695 1406 728 1460 nt
749 1397 910 1459 dambene
928 1398 1058 1456 ¹et<¹vcre

134 1483 180 1542 aio
202 1481 282 1542 dici?
307 1483 348 1542 Δι
370 1480 475 1541 Patres
498 1482 543 1542 sic
564 1481 717 1560 dixerunt,
738 1481 792 1542 sed
814 1478 951 1559 nunquid
974 1498 1059 1558 pras·

134 1573 282 1645 ceperunt
296 1571 349 1627 aut
361 1566 538 1644 praecipere
553 1572 719 1645 potuerunt
731 1567 776 1631 aio
790 1562 952 1626 dicendum
969 1561 1059 1624 asae?

135 1648 247 1710 Nonne
270 1646 475 1709 obediendum
497 1656 544 1708 est
566 1650 664 1728 magia
686 1649 769 1724 Deo,
805 1668 897 1729 quam
930 1645 1058 1707 homini

135 1731 217 1792 bus?
239 1731 350 1791 Paulus
373 1732 523 1810 praecipit
546 1739 576 1791 et
597 1731 804 1812 praecipiendi
824 1733 873 1791 ina
887 1729 1007 1807 babuit‚²
1026 1736 1058 1788 ut

134 1816 247 1874 vitares
269 1814 414 1894 profanas
438 1833 547 1874 vocum
570 1817 739 1891 novitates,
768 1822 798 1874 et
820 1813 1003 1892 loquereris,
1025 1817 1059 1871 nt

135 1900 203 1978 ipse
221 1897 372 1976 loquitur,
396 1905 427 1957 et
448 1899 544 1958 sacris
569 1908 679 1958 vocum
702 1896 934 1977 antiquitatibus
955 1895 1059 1954 inbae-

134 1986 227 2043 rerea
270 1979 348 2055 Quid
373 1982 452 2041 enim
473 1981 659 2060 profanum?
686 2000 789 2042 nonne
819 1979 902 2058 quod
923 1985 1057 2039 non·eat

134 2062 278 2124 sacrum?
310 2063 537 2125 Athamanum
560 2084 621 2125 nou
645 2072 692 2125 est
713 2083 850 2134 sacrum,
872 2061 1058 2122 deindepo—

136 2164 216 2225 vam,
240 2147 396 2224 quianon
419 2147 458 2206 ab
471 2148 619 2226 apostolis
629 2149 774 2228 positum.
817 2147 952 2208 Neo-est
974 2143 1057 2222 quod

136 2230 209 2290 mihi
226 2230 410 2289 homousion
440 2229 514 2289 illud
552 2230 687 2291 obiectes
710 2231 857 2291 adversus
881 2226 1054 2302 Arianosl]
1133 2251 1134 2256 ¹

135 2314 301 2392 receptum.
345 2312 415 2372 Non
438 2313 494 2373 luit
507 2320 663 2394 receptum
687 2314 828 2386 amultis,
849 2314 948 2392 iisque
972 2330 1059 2391 prae·

88 2469 91 2472 Α
135 2396 326 2472 clarissimis,
366 2395 448 2474 quod
481 2403 511 2455 et
538 2396 744 2476 Hieronymus
777 2397 895 2476 optavit
931 2394 1056 2466 aboleri„

133 2479 277 2558 adeoque
299 2498 361 2538 non
383 2478 555 2558 effugerunt
577 2480 753 2559 periculum,
775 2480 836 2540 boc
856 2480 981 2539 invento
1004 2496 1056 2537 vo

134 2562 268 2636 cabalo,.
296 2569 335 2622 ut
354 2561 560 2641 Hieronymus
585 2570 728 2641 queratur
749 2563 884 2634 nescire,
912 2560 985 2639 quid
1007 2580 1057 2621 ve·

135 2646 205 2706 ueni
221 2644 324 2705 *lateat
345 2645 376 2704 in
398 2643 525 2725 syllabis
557 2652 588 2706 et
609 2646 719 2724 literis,
753 2644 832 2706 adeo
852 2643 928 2703 illud
950 2644 1056 2703 Ariani

135 2729 233 2807 magis
257 2746 348 2807 quam
368 2726 541 2808 Scripturas
563 2729 654 2788 etiam
677 2726 887 2807 exagitabant.
930 2725 1056 2786 Neclli·

134 2812 230 2873 larius
251 2810 301 2870 hic
320 2809 401 2870 aliud
414 2810 520 2872 habuit
532 2811 836 2891 quadrespondoret
858 2827 949 2890 quam
974 2807 1055 2887 quod

135 2894 217 2955 idem
236 2913 291 2973 per
311 2891 342 2952 id
363 2892 508 2954 vocabuli
531 2893 764 2973 significaretur,
781 2892 870 2973 quod
892 2911 942 2953 ras
964 2897 1055 2966 essct,

135 2981 165 3037 st
187 2984 253 3036 tota
276 2974 432 3056 Scriptura
454 2976 582 3038 haberat
602 2977 644 3054 id,
666 2978 755 3057 quod,
771 2977 970 3057 inpraesenti
993 2982 1054 3034 uon

135 3060 232 3120 datur.
274 3056 368 3119 Nullo
398 3060 479 3119 enim
515 3060 586 3120 loco
615 3059 772 3141 Scriptura
809 3065 969 3141 peccatum
999 3076 1055 3136 pro

134 3162 238 3222 poena
258 3143 331 3217 ista,
365 3141 419 3202 sed
443 3151 551 3203 contra
578 3143 690 3222 ubique
722 3163 778 3226 pro
800 3144 883 3203 malo
916 3142 976 3222 legi
997 3140 1055 3200 Dei

134 3225 313 3286 adversario
336 3226 465 3304 accipit,
497 3233 530 3285 ut
551 3227 718 3287 similitudo
752 3228 844 3286 etiam
870 3226 949 3306 (qua
969 3224 1058 3284 Lato·

134 3328 201 3368 mua
214 3307 270 3367 ¹vel
294 3307 362 3367 sola
376 3308 543 3388 theologus
565 3307 630 3387 cst)
651 3308 701 3369 hic
723 3328 783 3370 non
806 3308 919 3369 babeat
942 3308 1054 3368 locum.

160 3413 166 3422 ·
219 3391 281 3451 lam
311 3391 337 3450 si
359 3398 442 3450 esset
468 3391 634 3453 similitudo
672 3399 704 3454 et
731 3393 905 3472 exemplum
927 3391 1055 3462 valeret,

134 3485 238 3537 tamen
262 3493 323 3533 non
347 3481 430 3535 essct
452 3475 632 3535 trahendum
654 3477 685 3535 in
710 3476 978 3554 consequentiam,
1001 3473 1054 3533 sed

133 3557 355 3637 indulgendum
374 3556 533 3634 Patribus,
569 3560 618 3637 qui
641 3559 736 3618 semel
759 3563 847 3618 extra
869 3556 1056 3636 Scripturtat

209 3728 238 3796 t)
259 3727 290 3782 ln
310 3728 352 3784 ed.
372 3728 441 3797 orig.
460 3727 505 3781 hic
523 3733 550 3782 ot
568 3742 605 3782 a:
625 3726 764 3782 Arrianus
784 3732 835 3786 stc
939 3746 944 3777 ι
990 3735 995 3777 ι
