2392 4170
131 260 193 328 128
411 261 572 335 Anauros
591 263 625 319 n.
643 263 722 320 usn
740 210 851 319 nuum

131 426 331 505 imperatore,
353 423 429 485 hora
451 427 607 486 tertiarum
631 424 683 486 vel
697 425 795 504 quasi,
817 425 846 484 in
862 422 1057 505 ospellnoot·

131 509 215 589 poris
238 507 364 584 Christi,
385 509 415 567 in
434 508 619 588 paroehialis
641 509 752 569 ibidem
766 510 924 568 cimeterio
939 508 1057 587 situata,

132 591 344 672 praesentibus
366 591 478 652 ibidem
513 590 704 653 christoforo
727 590 841 669 Beebr,
862 591 959 651 sacris
988 606 1057 671 spu

133 675 242 735 stolice
264 681 294 734 et
320 676 467 754 imperiali
496 677 678 736 auctoritate
707 676 889 734 vicecomite
912 673 1058 734 Constitu

134 760 233 837 tiensi,
255 767 285 817 et
298 757 487 838 Hieronymo
510 758 634 838 Papias,
659 759 813 818 Ouriensis
835 757 971 818 diocesis
994 754 1057 819 Cle·

134 845 199 919 ric,
224 840 350 901 testibus
373 842 411 900 ad
434 845 605 922 praemissa
625 842 762 920 vocetis,
782 843 961 921 rugatisque
982 840 1057 923 peel*

133 935 178 985 ter
199 932 229 984 et
249 925 411 1004 requisitis.

217 1007 383 1087 Postquam
404 1015 506 1068 autem
529 1006 707 1087 praedictus
728 1006 790 1067 Leo
805 1007 941 1066 decimus
964 1009 995 1066 i
1006 1004 1057 1067 im·

134 1094 185 1173 pin
200 1110 256 1150 sue
270 1090 431 1171 tyrannide
446 1090 604 1150 induratus
627 1096 815 1171 perseverat,
838 1098 868 1150 et
888 1089 920 1150 in
941 1090 1056 1150 tuntitn

13 1203 17 1212 ·
135 1177 254 1252 crescit,
276 1182 310 1234 ut
331 1193 380 1234 me
401 1173 533 1255 quadam
550 1174 647 1253 Bulla,
671 1183 702 1234 ut
724 1174 825 1256 fertur,
848 1191 949 1252 neque
969 1188 1057 1235 vous

136 1266 198 1318 tum
222 1275 322 1336 neque
344 1257 490 1334 nuditum,
512 1273 611 1337 neque
629 1259 802 1318 convictum
815 1260 844 1316 iu
860 1256 971 1316 libellis
985 1256 1057 1317 neti

135 1342 301 1419 damnarit,
317 1340 356 1401 ad
379 1342 455 1402 baec
473 1341 635 1400 concilium
666 1341 908 1400 ecclesiasticum
938 1356 1010 1401 esse
1023 1342 1057 1401 =in

134 1444 233 1486 rerum
257 1433 365 1484 natura
387 1434 488 1504 neget,
510 1424 607 1503 fugiat
628 1432 658 1483 et
676 1426 842 1503 vituperet,
861 1431 1008 1502 tauquam
1018 1420 1061 1483 io·

135 1507 233 1569 fidelis
255 1515 285 1568 et
306 1514 464 1588 apostate,
486 1525 636 1586 suamque
659 1507 849 1586 tyrannidem
875 1506 956 1567 illius
978 1512 1059 1587 poto·

136 1593 207 1665 stati
229 1592 407 1671 impiissime
427 1591 589 1671 praeterat,
611 1591 774 1669 iubeatque
788 1590 1060 1669 impudentissime,
1097 1664 1104 1669 -

136 1683 170 1735 ut
191 1675 341 1754 abnegem
365 1673 457 1734 fidem
473 1673 584 1735 Obristi
595 1676 625 1733 in
640 1676 840 1735 sacramentis
857 1672 1059 1753 percipiendis

136 1761 359 1836 necessariam,
384 1766 485 1837 utque,
510 1767 542 1817 ut
564 1757 636 1817 nibil
660 1758 788 1834 omittat,
813 1756 895 1837 qnod
918 1754 1059 1816 antiobri·

139 1849 218 1903 stum
233 1840 360 1917 referet,
373 1860 492 1901 sacram
515 1840 700 1920 Scriptorum
715 1840 770 1900 sibi
781 1841 933 1916 subiiciat,
951 1850 982 1900 et
992 1854 1060 1902 cott-

37 1975 39 1981 ,
138 1925 237 1985 culcet
257 1924 426 1985 incredibili
449 1923 655 2003 blasphemie,
678 1925 796 2003 simque
817 1924 864 1983 bis
884 1920 1061 2003 ¹intolerabi-

137 2008 215 2070 libus
237 2007 465 2088 gravnminibue
487 2009 666 2086 gravissime
688 2009 798 2068 laesus.

219 2091 288 2171 Ego
312 2090 485 2170 praedictus
508 2089 653 2151 Martinus
677 2091 818 2151 omnibus
841 2099 871 2150 et
890 2089 1061 2170 singulitic
1104 2170 1106 2175 Ι

136 2175 269 2236 Domino
292 2183 399 2234 notum
418 2173 510 2250 lucio,
534 2192 582 2232 me
605 2174 770 2234 edhncuiti
784 2181 815 2234 et
831 2173 1060 2255 inhaerere‘dp
1103 2184 1106 2203 ²

138 2258 296 2339 pellationi
318 2257 419 2317 fectae
442 2268 473 2317 et
494 2253 681 2338 praedictae,
703 2276 833 2338 eamque
854 2257 992 2337 legitime
1013 2272 1061 2317 uo·

135 2361 200 2402 rom
223 2341 350 2401 Notario
373 2351 402 2400 et
424 2339 485 2400 lide
508 2341 607 2421 dignis
630 2341 757 2402 testibus
779 2341 941 2419 innovavi,
964 2349 996 2400 et
1016 2338 1060 2401 bt·

137 2421 436 2504 scriptisinuovo¹¹t
453 2427 673 2484 etiuuovetem
696 2425 880 2505 pronuncio,
903 2433 932 2484 et
955 2424 986 2484 in
1008 2422 1060 2484 vir·

139 2517 203 2568 tute
225 2508 361 2568 eiusdem
386 2507 486 2569 adbuc
509 2526 683 2588 persevero,
705 2509 864 2589 appellens
887 2512 918 2567 et
941 2516 1060 2587 sponte·

137 2591 185 2652 loe
207 2600 315 2671 petens
337 2593 402 2652 iure
425 2599 455 2653 et
478 2591 587 2669 modo,
615 2592 724 2670 quibus
748 2591 811 2651 lieri
833 2599 939 2672 potest
961 2601 993 2651 et
1013 2589 1059 2652 de

136 2675 198 2754 bet,
215 2674 401 2755 melioribus,
423 2694 527 2736 coram
542 2676 629 2736 vobis
642 2675 776 2735 Domino
789 2676 918 2736 Notario
929 2675 1060 2755 publico,

136 2771 169 2818 et
196 2760 371 2819 authentica
400 2776 551 2840 persons,
578 2767 610 2819 et
630 2759 677 2819 his
707 2760 833 2820 testibus
862 2758 902 2819 ed
929 2760 1058 2821 futurum

141 2841 311 2903 Concilium
335 2863 354 2903 a
375 2843 533 2923 praedicto
554 2842 668 2906 Leone.

223 2943 354 3003 Primum
377 2953 522 3024 tunquam
545 2944 584 3004 nb
607 2945 728 3024 iniquo,
758 2947 938 3024 temerario,
962 2953 1059 3027 tyreu·

140 3029 272 3106 nicoque
292 3027 403 3108 iudice,
424 3029 455 3088 in
477 3029 547 3108 hoc,
563 3029 646 3109 quod
669 3048 718 3088 me
739 3047 800 3089 non
819 3029 996 3090 convictum
1008 3042 1063 3088 nco

140 3113 273 3171 ostensis
295 3113 396 3173 causis
425 3118 478 3173 aut
499 3111 763 3173 informationibus
798 3132 883 3174 mero
911 3117 1062 3193 potestate
1096 3110 1099 3115 ’

138 3194 265 3257 iudicat.
308 3193 467 3276 secundo,
498 3203 642 3277 tanquam
672 3197 711 3257 eb
737 3215 885 3275 erroneo,
914 3192 1063 3273 indurato,

140 3297 195 3358 per
217 3277 388 3359 Scripturas
406 3287 529 3344 sanctes
543 3280 687 3342 damnato
700 3281 856 3342 haeretico
869 3290 899 3343 et
912 3278 1063 3360 apoetnta,

140 3363 170 3421 in
193 3363 263 3441 boc,
286 3364 368 3443 quod
392 3365 463 3424 milri
486 3365 612 3426 mandat
638 3363 729 3425 iidem
757 3363 944 3425 catholicam
968 3362 999 3425 in
1020 3376 1063 3425 tt·

140 3449 304 3509 crementis
325 3450 530 3510 necessariam
560 3449 724 3531 abnegare.
767 3447 891 3530 Tertio,
920 3458 1064 3528 tanqum

196 3719 246 3789 11)
284 3719 315 3774 ln
335 3721 378 3777 sd.
395 3726 478 3797 erip:
498 3729 601 3781 munio.
