2392 4170
181 230 244 298 378
410 236 567 305 Responsio
585 238 615 292 Ι).
631 236 666 293 1
687 238 715 292 l..
734 237 771 290 ad
789 233 891 301 latram

181 391 270 468 panis
290 398 321 450 et
342 391 446 453 vinum
468 411 561 452 uuum
582 393 622 452 sit
643 399 888 468 sacramentum,
920 400 953 452 et
977 393 1107 459 alume

181 480 298 552 partem
320 493 384 535 non
406 476 465 534 nisi
486 475 527 534 ad
554 475 715 536 ludibrium
744 477 891 538 relictam.
934 475 993 552 Qui
1023 477 1105 537 euim

181 557 212 615 in
239 577 301 616 uus
329 566 416 636 parte
444 569 552 619 contra
580 559 679 619 Deum
709 566 832 638 peccat,
866 562 1002 641 omnium
1035 579 1106 621 reus

181 648 241 712 est,
265 642 320 698 nisi
343 641 421 700 forte
445 641 527 700 Dens
550 643 668 719 aliquot
690 644 814 703 occulto
841 643 954 703 iudicio
975 644 1106 706 seruerit

180 723 210 780 in
233 721 294 782 fide
315 725 424 802 integri
448 727 643 800 sacramenti,
666 726 824 804 quomodo
847 745 972 784 servare
1003 736 1134 804 potest-

182 805 356 885 multosqne
378 810 512 867 servavit
532 809 562 867 in
587 807 647 867 lide
670 809 786 887 absque
809 808 987 886 ullaspecie
1005 827 1105 870 sacra·

181 891 285 948 menti.
335 890 430 967 igitur
463 892 564 969 potius
597 898 664 952 erat
693 899 833 951 neutram
866 900 982 970 partem
1012 910 1106 969 quam

181 971 307 1030 alteram
329 975 486 1052 accipere,
516 993 578 1052 quo
600 976 693 1034 tutius
724 975 925 1035 evaderemus
953 976 1107 1054 praevari-

180 1055 334 1114 cationem
357 1056 483 1116 instituti
508 1057 628 1117 Christi.

262 1138 413 1200 Non'isto
435 1140 536 1199 lurore
557 1149 732 1215 contentus,
753 1140 864 1217 laqueo
878 1140 1017 1199 omnium
1040 1158 1106 1199 cru·

179 1221 338 1280 eutissimo
365 1233 396 1282 et
417 1223 667 1282 animicidiasimo
701 1223 960 1282 conscientiarum
992 1224 1106 1301 posito,

179 1322 240 1362 non
285 1307 430 1382 permittit
473 1307 656 1365 sacramenti
701 1307 790 1365 huius
837 1305 964 1364 liberum
1005 1323 1105 1381 usum,

178 1386 285 1446 sedin
310 1390 483 1447 universum
513 1407 620 1447 omnes
649 1399 733 1448 certa
754 1387 803 1449 die
837 1387 933 1448 semel
966 1390 995 1446 in
1020 1407 1103 1451 auco

179 1472 263 1548 cogit
285 1473 523 1531 communicare.
555 1472 614 1531 Hic
627 1480 658 1531 te
669 1472 811 1547 obsecro,
834 1472 925 1530 frater
936 1469 1105 1550 chistiana,

179 1552 262 1630 quod
276 1563 365 1631 putas
380 1556 606 1615 communicare
618 1555 714 1614 solius
727 1555 883 1634 praecepti
899 1554 988 1612 huius
1001 1573 1106 1616 neces·

181 1637 281 1711 sitate,
304 1639 353 1714 qui
366 1657 474 1696 revera
486 1658 526 1696 ex
539 1638 632 1697 corde
645 1638 770 1697 mallent
781 1656 841 1696 non
856 1637 1107 1696 communicare?

179 1719 221 1778 At
242 1717 272 1776 hi
295 1738 404 1778 omnes
427 1730 567 1800 peccant,
590 1723 662 1798 quia
683 1740 745 1780 non
768 1720 885 1799 spiritu,
908 1719 937 1777 id
960 1728 1023 1793 est,
1046 1739 1106 1780 nec

178 1799 254 1877 lide,
286 1821 344 1862 nec
372 1804 546 1877 voluntate,
579 1804 633 1863 sed
668 1805 851 1862 necessitate
877 1802 967 1861 huius
997 1802 1105 1864 literae

179 1887 424 1956 communicant,
446 1905 515 1946 curn
539 1887 589 1948 hic
610 1889 699 1965 panis
721 1887 851 1946 esuriem
874 1894 1018 1963 quaerat,
1042 1906 1106 1946 non

176 1969 385 2046 saturitatem,
416 1970 510 2029 multo
535 1971 633 2028 minus
656 1969 809 2028 fastidium
832 1976 886 2027 aut
906 1967 1021 2028 odium.
1067 1969 1107 2028 Et

180 2052 315 2110 omnium
340 2051 448 2110 horum
470 2061 667 2130 peccatorum
691 2060 780 2111 autor
802 2059 849 2110 est
862 2070 953 2129 papa,
974 2070 1031 2110 sna
1046 2051 1107 2110 hac

178 2135 388 2194 cruentissima
430 2134 498 2212 lege
539 2153 647 2193 omues
681 2138 711 2194 in
745 2135 947 2213 perditionem
982 2153 1105 2213 urgens,

178 2234 246 2274 cnm
270 2214 408 2275 debuerit
432 2216 555 2276 liberam
578 2219 741 2297 unicuique
768 2218 939 2294 relinquere
966 2235 1104 2277 commu-

177 2299 311 2371 nionem,
334 2307 365 2359 et
386 2307 500 2358 tantum
525 2319 636 2360 vocare
659 2312 690 2359 et
711 2301 882 2372 exhortari,
905 2318 966 2358 non
990 2318 1105 2379 cogere

154 2448 157 2452 Α
177 2386 209 2440 et
229 2381 395 2460 impellere.
439 2383 516 2443 Vide
541 2404 579 2442 an
602 2385 748 2458 non,lrino
771 2392 852 2442 totus
876 2381 1019 2457 mundns,
1032 2402 1104 2462 pec

179 2463 256 2522 catis
280 2483 374 2542 nsque
397 2465 435 2524 ad
458 2466 578 2525 coelum
606 2468 756 2544 repletus,
786 2466 834 2524 vel
862 2466 922 2524 hoc
945 2484 1006 2525 nno
1029 2466 1105 2525 dilu-

178 2546 228 2606 vio
251 2549 325 2606 satis
346 2547 511 2626 perdatur?
535 2549 586 2609 Sic
609 2569 669 2609 non
684 2550 783 2608 solum
807 2550 906 2627 privat
929 2567 986 2607 nos
1002 2567 1105 2609 sacra·

104 2626 114 2635 ”
179 2636 282 2689 mento
307 2639 432 2709 nostro,
453 2634 508 2691 sed
531 2641 561 2692 et
583 2633 658 2692 illud
680 2632 762 2710 quod
785 2632 928 2708 relinquit
955 2651 1016 2690 non
1040 2631 1104 2692 alio

177 2714 308 2774 consilio
332 2715 489 2792 relinquit,
519 2734 609 2793 quarn
634 2726 665 2775 ut
689 2715 793 2773 orbem
824 2715 911 2772 huius
934 2717 1105 2775 occasione

179 2798 316 2874 peccatis
339 2797 464 2857 infinitis
488 2799 605 2877 repleat
627 2808 657 2857 et
679 2797 796 2876 perdat.

260 2879 444 2939 sacrificulis
467 2901 539 2940 vero
564 2882 659 2940 multo
687 2880 843 2960 peioribus
872 2878 970 2937 modis
993 2879 1103 2952 illudit,

176 2962 318 3040 primurn,
340 2963 475 3034 Missam,
498 2983 566 3023 curn
590 2967 629 3022 sit
649 2971 873 3023 sacramentum
897 2973 928 3020 et
939 2970 1100 3023 testamen·

179 3052 252 3120 turn,
280 3045 350 3104 loco
374 3046 511 3105 beneficii
534 3047 763 3125 accipiendum,
786 3047 875 3105 vertit
897 3047 926 3102 in
950 3063 1028 3122 opus
1052 3045 1103 3104 bo-

177 3146 268 3203 nnm,
303 3146 364 3205 quo
387 3129 576 3188 satisfaciant
604 3149 659 3208 pro
688 3131 840 3208 peccatis,
864 3137 1105 3206 succurrantque

177 3209 350 3269 viventibus
372 3221 401 3270 et
430 3211 578 3271 defunctis
608 3213 637 3270 in
672 3213 753 3271 omni
786 3210 989 3270 tribulatione.
1034 3208 1104 3271 Hoc

177 3302 352 3352 commento
375 3312 483 3352 ornnes
506 3314 597 3373 opes,
629 3295 760 3373 glorias,
795 3300 962 3373 potestates
999 3294 1103 3352 mundi

177 3374 234 3433 sibi
259 3375 453 3450 vindicando,
477 3386 508 3435 ut
531 3397 655 3455 prorsus
678 3378 790 3438 inutilis
813 3380 872 3436 iam
896 3376 1042 3435 sitldissa
1064 3377 1103 3435 ad

177 3456 322 3535 salntem,
344 3458 399 3518 sed
423 3467 539 3519 tantum
563 3461 600 3519 ad
624 3471 782 3539 quaestum
808 3460 907 3519 valeat
929 3458 985 3516 sub
1007 3459 1105 3519 incre·

177 3539 262 3603 dibili
284 3542 342 3600 hac
363 3543 563 3622 perversitate
586 3551 615 3602 et
627 3545 791 3622 impietate.
836 3540 952 3602 Deinde
970 3548 1001 3600 et
1012 3543 1104 3602 sacri·

177 3621 280 3684 ficium
304 3644 343 3684 ex
367 3644 404 3684 ea
425 3624 549 3704 faciunt,
573 3644 633 3704 quo
658 3626 724 3685 Deo
747 3628 860 3704 gratias
881 3632 976 3702 agunt
998 3632 1028 3683 el
1051 3623 1102 3684 be·

176 3707 347 3787 uelociuut,
375 3699 526 3792 'unquam
557 3710 659 3791 egenti
689 3709 839 3788 bonorum
862 3713 1054 3791 nostrorum,
1083 3727 1103 3769 a
