2340 4162
390 262 423 316 D.
442 263 477 316 ll.
494 263 577 318 Luth.
594 263 779 322 Praeludium.
1009 265 1050 332 67

121 424 149 476 te
170 418 240 476 sive
264 418 559 496 perpceniteutiam,
582 420 648 478 sive
659 437 713 497 per
730 437 945 500 quamcunque
960 421 1051 481 aliam

121 501 203 559 mam
226 501 344 576 redire,
365 502 425 560 nisi
453 501 492 560 ad
520 503 581 560 vim
609 502 767 581 baptismi,
796 521 834 561 ac
856 502 956 563 denuc
978 504 1052 564 illud

120 584 232 657 iacere,
256 584 341 662 quod
365 583 534 662 baptisatus
556 604 589 644 es
612 594 645 643 ut
661 587 787 661 laceres,
809 586 955 664 quodque
978 587 1051 666 bap·

120 669 228 725 murus
267 676 339 726 tuus
367 666 571 745 significabat.
625 667 787 746 Nunquam
820 667 855 727 fit
883 668 1051 748 baptismus

120 750 230 825 irritus,
253 749 357 809 donec
378 752 544 829 desperans
566 749 665 810 redire
694 751 883 810 adsalutem
906 753 1050 830 uolueris,

120 831 265 892 absume
285 835 410 912 quidem
424 836 537 912 poteris
560 835 597 893 ad
621 844 741 912 tempus
765 835 895 914 asigno,
917 835 1048 895 sednon

119 914 188 976 ideo
214 917 335 976 irritum
365 928 413 976 est
439 919 570 995 signum.
612 917 658 976 Ita
686 917 780 976 semel
812 936 845 977 es
880 917 1050 997 baptisatus

119 1000 395 1074 mammutius,
417 1003 472 1058 sed
485 1020 607 1080 semper
625 999 823 1079 baptisandus
836 1000 906 1081 fide,
928 1021 1051 1080 semper

120 1081 327 1161 moriendum,
349 1103 531 1163 semperque
542 1083 718 1144 vivendum.
761 1084 934 1163 Baptismus
952 1092 1048 1143 totum

119 1183 230 1246 corpus
254 1166 432 1243 absorbuit,
454 1180 484 1225 et
504 1185 607 1226 rursus
630 1166 738 1244 edidit,
767 1168 811 1226 ita
837 1187 886 1226 res
909 1167 1050 1247 baptismi

119 1257 211 1309 totam
234 1251 332 1308 vitam
359 1257 443 1310 tuam
466 1268 535 1310 cum
558 1267 688 1330 corpore
710 1257 740 1308 et
760 1251 863 1310 anima
884 1251 1049 1310 absorbere

121 1331 227 1412 debet,
264 1341 299 1392 et
325 1332 454 1392 reddere
476 1335 506 1392 iu
536 1334 704 1394 novissimo
736 1333 784 1391 die
811 1332 947 1393 indutam
970 1333 1050 1393 stola

120 1415 265 1476 claritatis
304 1420 337 1476 et
370 1416 623 1494 immortalitatis,
659 1417 762 1493 itaque
800 1434 955 1494 uunquam
983 1419 1050 1476 sine

120 1499 261 1578 baptismi
284 1509 349 1558 tam
372 1502 461 1578 signo
485 1518 575 1578 quam
599 1519 631 1557 re
653 1501 720 1579 ipsa
742 1518 864 1580 sumus,
885 1500 947 1559 imo
970 1519 1048 1558 sem·

121 1600 171 1661 per
190 1601 301 1641 sumus
318 1582 491 1660 baptisandi
504 1585 601 1660 magis
625 1601 663 1641 ac
676 1584 783 1660 magis,
806 1581 907 1642 donec
928 1585 1047 1662 siguum

128 1665 255 1744 perlecto
276 1665 463 1744 impleamus
484 1669 515 1725 in
538 1667 706 1725 novissimo
730 1666 788 1725 die.

204 1747 354 1828 intelligis
386 1767 478 1826 ergo,
515 1749 660 1828 quidquid
682 1750 712 1806 in
740 1748 799 1808 bac
820 1749 883 1807 vita
906 1749 1049 1829 gerimus,

127 1830 203 1910 quod
228 1832 270 1890 ad
311 1831 579 1892 mortificationem
612 1833 713 1891 carnis
748 1840 779 1890 et
811 1828 1048 1890 vivificationem

123 1915 242 1993 spiritus
266 1914 362 1990 valet,
384 1915 423 1974 ad
447 1915 630 1995 baptismum
653 1916 819 1993 pertinere,
843 1923 873 1973 et
895 1932 957 1994 quo
981 1913 1049 1974 bre·
1095 1937 1101 1942 ·

122 1999 182 2057 rins
204 2017 226 2058 a
248 1995 315 2058 vita
337 1995 535 2075 absolvimur,
558 2017 596 2058 eo
618 1999 705 2057 citius
717 1997 900 2076 baptismum
912 2006 1049 2056 nostrum

121 2080 314 2160 impleamus,
337 2087 369 2139 et
389 2098 451 2158 quo
465 2083 618 2140 atrociora
629 2083 769 2160 patimur,
792 2099 830 2141 eo
847 2080 964 2139 felicius
977 2081 1049 2160 bap·

122 2163 206 2222 tiemo
229 2162 487 2242 respondeamus.
529 2164 665 2242 Ideoque
683 2165 845 2222 ecclesiam
869 2164 1047 2223 tuucfuisse

120 2246 340 2323 felicissimam,
364 2247 486 2324 quando
511 2256 658 2326 martyres
682 2246 941 2306 mortificabantur
963 2250 1046 2307 omni

122 2329 163 2389 die
196 2337 229 2389 et
264 2329 508 2390 aestimabantur
546 2333 624 2389 siout
655 2345 729 2389 oves
763 2332 942 2408 occisionis,
977 2339 1049 2388 tunc

121 2415 194 2472 euim
230 2413 384 2491 regnabat
412 2415 441 2471 in
476 2415 608 2472 ecclesia
647 2414 739 2472 virtus
774 2413 917 2492 baptismi
955 2414 1047 2491 pleno

121 2497 258 2575 imperio,
284 2514 375 2573 quam
399 2496 489 2555 bodie
512 2500 689 2576 ignoramus
712 2498 819 2571 etiam,
850 2515 924 2574 prae
953 2497 1048 2554 multi·

121 2580 223 2639 tudine
255 2598 383 2658 operum
414 2590 444 2637 et
470 2580 674 2640 doctrinarum
703 2579 912 2641 humanarum.
957 2579 1049 2653 Quid·

122 2664 186 2739 quid
211 2663 295 2720 enirn
309 2663 449 2739 vivimus,
474 2663 643 2742 baptismus
666 2682 735 2722 esse
759 2662 858 2739 debet,
881 2671 911 2721 et
928 2663 1047 2740 signum

123 2764 169 2803 seu
193 2754 422 2804 sacramentum
453 2746 594 2825 baptismi
623 2746 766 2825 implere,
801 2764 869 2804 cum
900 2746 1049 2803 aoeteris

123 2828 262 2888 omnibus
285 2827 405 2888 liberati
430 2831 478 2886 uui
500 2836 619 2888 tantum
642 2829 793 2908 baptismo
806 2829 900 2886 simus
923 2827 1048 2902 addicti,

122 2911 145 2969 id
168 2920 227 2986 est,
252 2912 342 2971 morti
365 2919 395 2971 et
417 2915 640 2973 resurrectioni.

199 2994 291 3054 Hanc
312 2995 441 3073 gloriam
465 2995 611 3056 libertatis
634 3001 758 3054 nostrae
787 3001 817 3052 et
840 2994 919 3051 banc
951 2994 1047 3051 scieu-

122 3079 189 3138 tiam
215 3077 360 3156 baptismi
389 3097 458 3136 esse
486 3079 578 3138 hodie
606 3080 777 3156 captivam,
805 3077 856 3135 cui
885 3094 1049 3155 possumus

122 3162 229 3220 referre
259 3167 436 3240 acceptum,
469 3181 564 3240 ,quam
593 3164 643 3220 uni
675 3159 825 3239 tyrannidi
849 3159 938 3219 Rom.
972 3158 1049 3217 Porr-

123 3243 229 3304 titicis?
254 3245 306 3322 qui
329 3253 361 3303 ut
373 3252 526 3323 pastorem
550 3247 679 3324 primum
695 3243 793 3322 decet,
816 3261 893 3300 unus
912 3242 1047 3300 omnium

124 3330 255 3386 maxime
283 3325 389 3386 debuit
418 3347 486 3386 esse
514 3328 708 3408 praedicator
735 3332 765 3384 et
798 3332 932 3384 assertor
960 3324 1050 3381 huius

123 3408 268 3469 libertatis
296 3416 327 3469 et
356 3413 517 3488 scientiae,
556 3414 635 3470 siout
665 3410 776 3469 Paulus
807 3409 829 3468 l.
861 3405 999 3469 Corinth.
1023 3407 1051 3465 t.

124 3492 206 3552 dicit:
229 3493 282 3554 Sic
304 3512 361 3553 nos
384 3496 538 3554 existimet
554 3495 647 3554 homo
671 3495 749 3553 sicut
763 3493 917 3550 ministros
931 3488 1053 3562 Christi,

125 3584 150 3634 et
185 3578 416 3655 dispensatores
451 3580 664 3657 mysteriorum
702 3595 756 3634 seu
789 3578 1052 3632 sacramentorum

125 3657 193 3736 Dei,
216 3662 284 3739 ipse
307 3660 406 3719 solum
429 3661 459 3719 id
482 3663 561 3740 agit,
585 3666 618 3719 ut
645 3660 707 3718 suis
731 3658 861 3715 decretis
885 3662 915 3713 et
936 3652 1053 3711 iuribus

125 3743 285 3822 opprimat,
307 3745 388 3804 etin
412 3746 573 3825 potestatis
596 3761 671 3803 suae
693 3739 889 3822 tyrannidem
912 3736 1053 3816 captivos

843 3823 887 3891 ὃ*
