2392 4170
136 228 201 302 1oe
527 238 668 310 Aiolou*

134 411 230 494 pbats
250 412 349 474 iurare
368 411 401 472 in
422 414 553 492 virtute,
573 412 688 475 iudioio
721 418 753 475 et
771 414 898 488 iustitia,
918 412 983 476 boo
1001 420 1059 493 est,

137 497 166 559 si
187 502 272 560 reate
292 514 449 577 exponas,
483 499 604 561 mentiri
625 503 712 559 vetat
748 503 779 558 et
800 499 901 559 iurare
931 497 1061 580 indigus

136 600 192 643 seu
219 581 310 644 matu.
364 579 481 658 Porro,
509 585 535 644 si
562 582 709 643 dixissem
737 581 933 643 iureiurando
966 581 1060 643 ouati-

135 663 252 745 batum,
275 664 525 745 quandoquidem
548 667 707 728 continere
728 684 791 726 non
813 667 916 745 potui,
937 665 1060 745 quibus,

135 768 227 827 quarn
249 749 405 811 atrouibus
426 769 475 812 me
497 750 623 830 flagitiis
645 748 889 814 obstrinxissem.
916 749 1059 810 Ermum
1112 778 1116 785 ·

136 836 186 894 est
205 833 325 912 semet,
348 833 441 894 stulte
462 833 688 916 promittendo,
726 832 840 893 diutius
869 852 919 893 ma
945 852 1060 909 errare,

8 926 21 953 ·
134 915 198 978 imo
219 935 351 997 peaosre
384 917 491 979 rotent
517 916 678 999 episeopi?
721 916 769 977 Au
796 935 859 977 uon
888 916 962 977 lieet
981 917 1060 977 sius

135 999 220 1061 modi
240 1001 411 1061 iuramenta
434 1008 602 1082 recantare,
625 1000 847 1080 quaeinoautis
867 999 1059 1073 exciderunt,

136 1101 217 1160 quae
231 1084 298 1144 sine
307 1085 507 1145 atrooissimis
519 1086 655 1166 peeoutis
665 1084 814 1164 praestari
825 1103 887 1144 non
902 1083 1059 1163 possunt?

135 1165 323 1250 Dispensaut
343 1167 525 1229 Pontifloum
547 1170 614 1230 iura
635 1168 674 1229 de
695 1166 824 1248 Regula,
846 1165 938 1228 etde
959 1173 1059 1228 trans·

133 1249 276 1312 euntibus
303 1250 343 1312 ad
359 1250 550 1332 religionem,
573 1252 612 1314 de
632 1249 829 1313 iureiurando
855 1249 1059 1331 impuberum,

135 1332 241 1415 quod,
271 1354 341 1395 euru
372 1355 410 1396 ea
437 1343 523 1398 aetas
551 1335 689 1397 noudum
718 1333 869 1412 inteiligat
888 1333 1059 1395 ooelibatus

135 1435 231 1495 onus,
259 1419 384 1480 inoauts
406 1438 440 1480 se
461 1421 701 1482 obstrinxerunt.
744 1417 850 1478 Laudo
872 1416 1058 1478 Pontifioum

133 1503 328 1579 senteutiam,
350 1502 433 1582 quod
446 1502 612 1565 absolvunt
632 1523 652 1564 u
673 1507 757 1580 voto,
779 1519 841 1562 uon
855 1500 959 1579 laudo,
974 1499 1058 1581 quod

131 1583 223 1646 istum
243 1589 361 1647 tantum
386 1594 519 1648 aetatem
542 1587 723 1666 absolvunt,
753 1584 819 1645 fieri
841 1585 922 1644 enim
945 1588 1059 1665 potest,

133 1673 167 1729 ut
187 1687 227 1729 us
247 1669 428 1746 virquidem
444 1672 519 1731 sutis
536 1672 619 1732 norit
638 1690 683 1744 se,
706 1676 816 1731 etoum
832 1665 941 1728 eadem
964 1685 1059 1728 uuusa

133 1749 334 1832 dispensandi
360 1752 401 1814 de
423 1760 497 1815 roto
515 1755 683 1835 impuberis
716 1771 753 1813 se
774 1750 899 1832 puberis
921 1750 1059 1811 inuidere

135 1835 244 1916 possit,
266 1854 320 1896 our
341 1856 403 1899 uon
426 1838 565 1900 similiter
586 1837 748 1899 iudioatur.

216 1918 365 1981 Videmus
391 1922 421 1982 in
450 1924 546 1983 saeris
566 1922 664 1984 literis
690 1917 842 2000 quaedam
865 1917 959 1978 stulta
980 1918 1058 1977 iura

133 2008 237 2063 menta
263 2002 395 2065 deuotus
426 2005 599 2068 rescidisse.
644 2001 743 2064 David
781 2001 874 2079 piane
902 2000 1059 2061 iuraverat

133 2102 168 2146 se
188 2092 365 2147 necaturum
388 2086 498 2164 Nubat,
520 2088 653 2149 ooenrrit
678 2086 722 2146 illi
746 2083 890 2164 Abigsil,
915 2090 945 2144 et
965 2084 1058 2144 inter·

133 2168 224 2229 vertit
245 2169 404 2230 eonsilium
427 2171 565 2249 Davidis,
589 2189 650 2249 qno
673 2169 743 2230 loeo
761 2165 862 2227 David
884 2167 950 2228 Deo
975 2185 1057 2248 mag-

132 2250 240 2311 nitioas
268 2253 333 2332 agit
361 2256 491 2334 gratiss,
521 2254 603 2335 quod
625 2275 644 2315 a
666 2252 819 2313 destinata
850 2250 947 2310 ouede
968 2269 1058 2311 revo-

133 2340 249 2411 oasset,
275 2336 416 2398 nimirum
447 2357 620 2418 agnoscens
643 2354 794 2414 errorem,
818 2353 887 2393 oum
909 2334 967 2393 ait:
998 2332 1058 2409 Qui

132 2417 288 2497 probibuit
308 2439 368 2495 me,
390 2441 428 2483 ne
451 2423 566 2483 rnatum
588 2422 731 2481 facerem.

216 2500 268 2563 flio
278 2522 349 2583 ego,
365 2524 433 2565 eum
448 2507 514 2567 sine
531 2511 661 2585 peoonto
678 2508 836 2581 praestare
853 2518 914 2559 uon
929 2517 1056 2579 possem

133 2589 250 2661 votum,
272 2605 310 2646 en
332 2608 396 2651 non
420 2588 511 2650 debui
534 2590 626 2650 etium
649 2593 767 2647 mutare
789 2581 1004 2664 propositum?

217 2669 375 2732 Consulite
399 2679 518 2734 vestros
537 2672 699 2745 canones,
725 2687 804 2747 quoe
827 2667 866 2726 sit
887 2664 957 2725 talis
978 2666 1058 2726 inra-

132 2752 229 2813 menti
255 2754 310 2817 vis.
353 2754 432 2816 Nam
463 2756 493 2815 in
516 2756 566 2818 22.
596 2753 775 2832 quaestione
798 2751 827 2813 3.
851 2753 882 2808 et
904 2748 934 2810 4.
964 2766 1056 2826 quam

133 2833 228 2897 multa
249 2843 330 2913 suut,
355 2855 434 2916 quae
458 2858 558 2899 meam
581 2836 765 2898 sententiam
788 2831 982 2896 confirmant.

214 2917 249 2979 Iu
272 2918 362 2983 Num.
386 2940 454 3001 usp.
477 2923 527 2986 30.
558 2919 709 2999 quaedam
733 2923 804 2977 vota
827 2913 972 2975 rescindit
994 2933 1058 2976 vox

133 2999 246 3076 diviua,
268 3007 303 3064 ut
323 3004 348 3063 si
371 3004 599 3066 materfamilias
621 3002 778 3083 quippiam
803 2998 976 3069 devoverit,
999 3016 1059 3060 neo

132 3084 288 3230 bittit
308 3089 644 3249 dimittimini
665 3080 1059 3243 tt‘tttttttffltt

960 3209 969 3239 b

132 3267 245 3327 rerum,
267 3253 293 3311 si
315 3270 395 3331 quae
410 3220 609 3328 devove’ntur,
631 3255 817 3332 potestatem
830 3246 938 3307 mulier
953 3246 1058 3311 habet.

132 3329 249 3394 Eadem
280 3353 330 3396 me
357 3338 478 3398 retioa
507 3343 581 3399 voto
604 3334 790 3412 absolverit,
820 3328 902 3411 quod
933 3332 1060 3393 nonsit

132 3414 163 3474 in
185 3421 340 3495 potestate
361 3419 622 3482 bumanedonnm
645 3416 853 3479 continentiae
875 3421 1057 3494 perpetuae.

215 3497 247 3560 si
275 3500 378 3562 Moses
405 3503 521 3565 irritum
553 3521 621 3565 esse
648 3497 859 3561 iusiurandum
888 3498 970 3574 eius,
1005 3499 1057 3577 qui

131 3598 197 3643 rem
219 3582 249 3643 iu
272 3582 373 3645 aliena
395 3592 549 3666 potestate
578 3586 709 3666 positam
732 3580 901 3658 devoverit,
923 3597 1058 3660 pronun-

132 3664 204 3741 οἱοί,
226 3683 280 3727 our
301 3668 434 3748 exigitur
454 3669 531 3732 tides
548 3666 715 3731 iusiurandi
738 3664 777 3728 eb
799 3682 848 3741 eo,
870 3663 921 3742 qui
943 3663 1057 3743 impru-

132 3747 209 3813 dens
231 3749 417 3815 ooelibutum
439 3755 535 3836 vovit,
557 3771 621 3816 rem
644 3751 724 3814 adeo
746 3747 875 3811 alienam
897 3744 937 3808 ab
958 3745 1056 3808 homi·
