<?xml version="1.0" encoding="UTF-8"?>
<!DOCTYPE html PUBLIC "-//W3C//DTD XHTML 1.0 Transitional//EN"
    "http://www.w3.org/TR/xhtml1/DTD/xhtml1-transitional.dtd">
<html xmlns="http://www.w3.org/1999/xhtml" xml:lang="en" lang="en">
 <head>
  <title>
</title>
<meta http-equiv="Content-Type" content="text/html;charset=utf-8" />
  <meta name='ocr-system' content='tesseract 3.04.00' />
  <meta name='ocr-capabilities' content='ocr_page ocr_carea ocr_par ocr_line ocrx_word'/>
</head>
<body>
  <div class='ocr_page' id='page_1' title='image "./dmartinilutheri03luthgoog_0391.png"; bbox 0 0 2392 4170; ppageno 0'>
   <div class='ocr_carea' id='block_1_1' title="bbox 134 235 845 310">
    <p class='ocr_par' dir='ltr' id='par_1_1' title="bbox 134 235 845 310">
     <span class='ocr_line' id='line_1_1' title="bbox 134 235 845 310; baseline 0 -16"><span class='ocrx_word' id='word_1_1' title='bbox 134 235 200 302; x_wconf 82' lang='lat'><strong>380</strong></span> <span class='ocrx_word' id='word_1_2' title='bbox 364 237 845 310; x_wconf 57' lang='lat' dir='ltr'><strong>memnona-suum</strong></span> 
     </span>
    </p>
   </div>
   <div class='ocr_carea' id='block_1_2' title="bbox 128 392 1057 3458">
    <p class='ocr_par' dir='ltr' id='par_1_2' title="bbox 129 392 1057 3128">
     <span class='ocr_line' id='line_1_2' title="bbox 132 392 1055 474; baseline -0.002 -18"><span class='ocrx_word' id='word_1_3' title='bbox 132 414 204 474; x_wconf 68' lang='lat' dir='ltr'><strong>gam</strong></span> <span class='ocrx_word' id='word_1_4' title='bbox 227 394 376 470; x_wconf 78' lang='lat' dir='ltr'><strong>confiteri,</strong></span> <span class='ocrx_word' id='word_1_5' title='bbox 396 396 459 454; x_wconf 89' lang='lat' dir='ltr'><strong>imo</strong></span> <span class='ocrx_word' id='word_1_6' title='bbox 480 395 559 454; x_wconf 82' lang='lat' dir='ltr'><strong>liaeo</strong></span> <span class='ocrx_word' id='word_1_7' title='bbox 579 397 716 456; x_wconf 89' lang='lat' dir='ltr'><strong>omnium</strong></span> <span class='ocrx_word' id='word_1_8' title='bbox 740 397 892 471; x_wconf 73' lang='lat' dir='ltr'><strong>maxim,</strong></span> <span class='ocrx_word' id='word_1_9' title='bbox 914 392 955 454; x_wconf 81' lang='lat' dir='ltr'><strong>ad</strong></span> <span class='ocrx_word' id='word_1_10' title='bbox 974 393 1055 454; x_wconf 79' lang='lat' dir='ltr'><strong>liaeo</strong></span> 
     </span>
     <span class='ocr_line' id='line_1_3' title="bbox 133 476 1055 559; baseline -0.003 -20"><span class='ocrx_word' id='word_1_11' title='bbox 133 487 181 539; x_wconf 88' lang='lat' dir='ltr'><strong>tot</strong></span> <span class='ocrx_word' id='word_1_12' title='bbox 210 486 407 557; x_wconf 83' lang='lat' dir='ltr'><strong>peecatorum</strong></span> <span class='ocrx_word' id='word_1_13' title='bbox 441 478 633 550; x_wconf 78' lang='lat' dir='ltr'><strong>differentiis,</strong></span> <span class='ocrx_word' id='word_1_14' title='bbox 665 479 845 559; x_wconf 73' lang='lat' dir='ltr'>speciebus,</span> <span class='ocrx_word' id='word_1_15' title='bbox 881 476 1055 558; x_wconf 78' lang='lat' dir='ltr'><strong>generibus,</strong></span> 
     </span>
     <span class='ocr_line' id='line_1_4' title="bbox 134 559 1056 640; baseline -0.002 -19"><span class='ocrx_word' id='word_1_16' title='bbox 134 560 265 633; x_wconf 76' lang='lat' dir='ltr'><strong>filiabus,</strong></span> <span class='ocrx_word' id='word_1_17' title='bbox 290 561 462 640; x_wconf 86' lang='lat' dir='ltr'><strong>nepotibus,</strong></span> <span class='ocrx_word' id='word_1_18' title='bbox 485 565 588 638; x_wconf 91' lang='lat' dir='ltr'><strong>ramis,</strong></span> <span class='ocrx_word' id='word_1_19' title='bbox 610 564 856 636; x_wconf 86' lang='lat' dir='ltr'><strong>circumstantiis,</strong></span> <span class='ocrx_word' id='word_1_20' title='bbox 878 570 910 620; x_wconf 87' lang='lat' dir='ltr'><strong>et</strong></span> <span class='ocrx_word' id='word_1_21' title='bbox 928 559 1056 620; x_wconf 81' lang='lat' dir='ltr'><strong>infinitis</strong></span> 
     </span>
     <span class='ocr_line' id='line_1_5' title="bbox 131 644 1056 724; baseline -0.002 -20"><span class='ocrx_word' id='word_1_22' title='bbox 131 644 199 704; x_wconf 78' lang='lat' dir='ltr'><strong>aliis</strong></span> <span class='ocrx_word' id='word_1_23' title='bbox 221 645 511 715; x_wconf 78' lang='lat' dir='ltr'><strong>abominationibus,</strong></span> <span class='ocrx_word' id='word_1_24' title='bbox 533 656 566 704; x_wconf 92' lang='lat' dir='ltr'><strong>ut</strong></span> <span class='ocrx_word' id='word_1_25' title='bbox 588 645 635 704; x_wconf 86' lang='lat' dir='ltr'><strong>vel</strong></span> <span class='ocrx_word' id='word_1_26' title='bbox 646 647 907 724; x_wconf 88' lang='lat' dir='ltr'><strong>spiritualissimus</strong></span> <span class='ocrx_word' id='word_1_27' title='bbox 927 645 1056 720; x_wconf 78' lang='lat' dir='ltr'><strong>incipiat</strong></span> 
     </span>
     <span class='ocr_line' id='line_1_6' title="bbox 134 726 1056 806; baseline -0.001 -19"><span class='ocrx_word' id='word_1_28' title='bbox 134 727 185 787; x_wconf 84' lang='lat' dir='ltr'><strong>bie</strong></span> <span class='ocrx_word' id='word_1_29' title='bbox 206 747 337 806; x_wconf 91' lang='lat' dir='ltr'><strong>peccare</strong></span> <span class='ocrx_word' id='word_1_30' title='bbox 358 738 390 787; x_wconf 87' lang='lat' dir='ltr'><strong>et</strong></span> <span class='ocrx_word' id='word_1_31' title='bbox 410 729 519 805; x_wconf 79' lang='lat' dir='ltr'><strong>perire,</strong></span> <span class='ocrx_word' id='word_1_32' title='bbox 541 729 570 785; x_wconf 91' lang='lat' dir='ltr'><strong>id</strong></span> <span class='ocrx_word' id='word_1_33' title='bbox 593 737 650 803; x_wconf 89' lang='lat' dir='ltr'><strong>est,</strong></span> <span class='ocrx_word' id='word_1_34' title='bbox 672 731 783 789; x_wconf 87' lang='lat' dir='ltr'><strong>inritus</strong></span> <span class='ocrx_word' id='word_1_35' title='bbox 795 727 945 788; x_wconf 85' lang='lat' dir='ltr'><strong>confiteri.</strong></span> <span class='ocrx_word' id='word_1_36' title='bbox 987 726 1056 788; x_wconf 76' lang='lat' dir='ltr'><strong>sat</strong></span> 
     </span>
     <span class='ocr_line' id='line_1_7' title="bbox 132 810 1052 888; baseline 0.001 -19"><span class='ocrx_word' id='word_1_37' title='bbox 132 811 214 869; x_wconf 87' lang='lat' dir='ltr'><strong>euim</strong></span> <span class='ocrx_word' id='word_1_38' title='bbox 239 810 350 888; x_wconf 86' lang='lat' dir='ltr'><strong>ubique</strong></span> <span class='ocrx_word' id='word_1_39' title='bbox 371 813 523 870; x_wconf 89' lang='lat' dir='ltr'><strong>sententia</strong></span> <span class='ocrx_word' id='word_1_40' title='bbox 545 810 646 870; x_wconf 82' lang='lat' dir='ltr'><strong>firma:</strong></span> <span class='ocrx_word' id='word_1_41' title='bbox 669 811 728 887; x_wconf 74' lang='lat' dir='ltr'><strong>Qui</strong></span> <span class='ocrx_word' id='word_1_42' title='bbox 750 814 864 870; x_wconf 86' lang='lat' dir='ltr'><strong>invitus</strong></span> <span class='ocrx_word' id='word_1_43' title='bbox 886 811 969 882; x_wconf 73' lang='lat' dir='ltr'><strong>iacit,</strong></span> <span class='ocrx_word' id='word_1_44' title='bbox 989 827 1052 870; x_wconf 89' lang='lat' dir='ltr'><strong>non</strong></span> 
     </span>
     <span class='ocr_line' id='line_1_8' title="bbox 134 893 1054 972; baseline -0.001 -18"><span class='ocrx_word' id='word_1_45' title='bbox 134 894 221 969; x_wconf 79' lang='lat' dir='ltr'><strong>lacit3</strong></span> <span class='ocrx_word' id='word_1_46' title='bbox 243 904 274 952; x_wconf 86' lang='lat' dir='ltr'><strong>et</strong></span> <span class='ocrx_word' id='word_1_47' title='bbox 294 895 418 952; x_wconf 86' lang='lat' dir='ltr'><strong>iterum:</strong></span> <span class='ocrx_word' id='word_1_48' title='bbox 442 894 508 952; x_wconf 86' lang='lat' dir='ltr'><strong>Deo</strong></span> <span class='ocrx_word' id='word_1_49' title='bbox 530 914 591 952; x_wconf 91' lang='lat' dir='ltr'><strong>non</strong></span> <span class='ocrx_word' id='word_1_50' title='bbox 606 894 729 972; x_wconf 90' lang='lat' dir='ltr'><strong>placent</strong></span> <span class='ocrx_word' id='word_1_51' title='bbox 743 893 895 964; x_wconf 84' lang='lat' dir='ltr'><strong>coacta¹t</strong></span> <span class='ocrx_word' id='word_1_52' title='bbox 919 893 1054 954; x_wconf 77' lang='lat' dir='ltr'><strong>servitia.</strong></span> 
     </span>
     <span class='ocr_line' id='line_1_9' title="bbox 134 976 1055 1057; baseline -0.001 -20"><span class='ocrx_word' id='word_1_53' title='bbox 134 977 211 1037; x_wconf 74' lang='lat' dir='ltr'><strong>(lum</strong></span> <span class='ocrx_word' id='word_1_54' title='bbox 234 995 309 1057; x_wconf 86' lang='lat' dir='ltr'><strong>ergo</strong></span> <span class='ocrx_word' id='word_1_55' title='bbox 331 996 432 1054; x_wconf 88' lang='lat' dir='ltr'><strong>papae</strong></span> <span class='ocrx_word' id='word_1_56' title='bbox 454 976 536 1036; x_wconf 88' lang='lat' dir='ltr'><strong>nulla</strong></span> <span class='ocrx_word' id='word_1_57' title='bbox 558 979 596 1034; x_wconf 90' lang='lat' dir='ltr'><strong>sit</strong></span> <span class='ocrx_word' id='word_1_58' title='bbox 618 977 724 1036; x_wconf 86' lang='lat' dir='ltr'><strong>harum</strong></span> <span class='ocrx_word' id='word_1_59' title='bbox 749 978 850 1057; x_wconf 85' lang='lat' dir='ltr'><strong>legum</strong></span> <span class='ocrx_word' id='word_1_60' title='bbox 872 978 1055 1053; x_wconf 82' lang='lat' dir='ltr'><strong>necessitas,</strong></span> 
     </span>
     <span class='ocr_line' id='line_1_10' title="bbox 132 1057 1055 1140; baseline -0.001 -21"><span class='ocrx_word' id='word_1_61' title='bbox 132 1059 189 1119; x_wconf 80' lang='lat' dir='ltr'><strong>nisi</strong></span> <span class='ocrx_word' id='word_1_62' title='bbox 210 1059 411 1120; x_wconf 71' lang='lat' dir='ltr'><strong>stabiliendae</strong></span> <span class='ocrx_word' id='word_1_63' title='bbox 433 1069 464 1118; x_wconf 92' lang='lat' dir='ltr'><strong>et</strong></span> <span class='ocrx_word' id='word_1_64' title='bbox 486 1057 733 1138; x_wconf 75' lang='lat' dir='ltr'><strong>augendaesua&#39;e</strong></span> <span class='ocrx_word' id='word_1_65' title='bbox 756 1059 936 1140; x_wconf 72' lang='lat' dir='ltr'><strong>tyrannidis,</strong></span> <span class='ocrx_word' id='word_1_66' title='bbox 960 1067 1055 1139; x_wconf 83' lang='lat' dir='ltr'><strong>patet,</strong></span> 
     </span>
     <span class='ocr_line' id='line_1_11' title="bbox 131 1141 1054 1221; baseline 0 -19"><span class='ocrx_word' id='word_1_67' title='bbox 131 1141 214 1220; x_wconf 86' lang='lat' dir='ltr'><strong>qnod</strong></span> <span class='ocrx_word' id='word_1_68' title='bbox 237 1153 326 1202; x_wconf 89' lang='lat' dir='ltr'><strong>autor</strong></span> <span class='ocrx_word' id='word_1_69' title='bbox 346 1152 394 1202; x_wconf 88' lang='lat' dir='ltr'><strong>est</strong></span> <span class='ocrx_word' id='word_1_70' title='bbox 414 1142 599 1203; x_wconf 88' lang='lat' dir='ltr'><strong>infinitorum</strong></span> <span class='ocrx_word' id='word_1_71' title='bbox 624 1153 837 1221; x_wconf 80' lang='lat' dir='ltr'><strong>pennatorum,</strong></span> <span class='ocrx_word' id='word_1_72' title='bbox 867 1141 1054 1202; x_wconf 81' lang='lat' dir='ltr'><strong>infinitarum</strong></span> 
     </span>
     <span class='ocr_line' id='line_1_12' title="bbox 131 1224 1054 1305; baseline -0.001 -19"><span class='ocrx_word' id='word_1_73' title='bbox 131 1224 351 1305; x_wconf 81' lang='lat' dir='ltr'><strong>perditionum,</strong></span> <span class='ocrx_word' id='word_1_74' title='bbox 373 1227 444 1285; x_wconf 91' lang='lat' dir='ltr'><strong>dum</strong></span> <span class='ocrx_word' id='word_1_75' title='bbox 469 1224 586 1304; x_wconf 83' lang='lat' dir='ltr'><strong>legibus</strong></span> <span class='ocrx_word' id='word_1_76' title='bbox 608 1227 717 1303; x_wconf 88' lang='lat' dir='ltr'><strong>positis</strong></span> <span class='ocrx_word' id='word_1_77' title='bbox 746 1246 871 1286; x_wconf 90' lang='lat' dir='ltr'><strong>causam</strong></span> <span class='ocrx_word' id='word_1_78' title='bbox 894 1226 1054 1285; x_wconf 79' lang='lat' dir='ltr'><strong>efficacem</strong></span> 
     </span>
     <span class='ocr_line' id='line_1_13' title="bbox 132 1309 1056 1387; baseline 0.001 -19"><span class='ocrx_word' id='word_1_79' title='bbox 132 1315 267 1387; x_wconf 81' lang='lat' dir='ltr'><strong>praestat</strong></span> <span class='ocrx_word' id='word_1_80' title='bbox 292 1309 393 1368; x_wconf 83' lang='lat' dir='ltr'><strong>invitis</strong></span> <span class='ocrx_word' id='word_1_81' title='bbox 422 1311 635 1380; x_wconf 79' lang='lat' dir='ltr'><strong>conscientiis,</strong></span> <span class='ocrx_word' id='word_1_82' title='bbox 669 1328 748 1386; x_wconf 85' lang='lat' dir='ltr'><strong>quae</strong></span> <span class='ocrx_word' id='word_1_83' title='bbox 770 1319 872 1368; x_wconf 87' lang='lat' dir='ltr'><strong>tamen</strong></span> <span class='ocrx_word' id='word_1_84' title='bbox 901 1311 999 1368; x_wconf 87' lang='lat' dir='ltr'><strong>teneri</strong></span> <span class='ocrx_word' id='word_1_85' title='bbox 1021 1327 1056 1369; x_wconf 84' lang='lat' dir='ltr'><strong>se</strong></span> 
     </span>
     <span class='ocr_line' id='line_1_14' title="bbox 131 1391 1055 1470; baseline 0.001 -20"><span class='ocrx_word' id='word_1_86' title='bbox 131 1392 259 1452; x_wconf 89' lang='lat' dir='ltr'><strong>credunt</strong></span> <span class='ocrx_word' id='word_1_87' title='bbox 280 1392 415 1452; x_wconf 90' lang='lat' dir='ltr'><strong>eiusdem</strong></span> <span class='ocrx_word' id='word_1_88' title='bbox 440 1391 568 1470; x_wconf 83' lang='lat' dir='ltr'><strong>legibus.</strong></span> <span class='ocrx_word' id='word_1_89' title='bbox 611 1392 744 1452; x_wconf 86' lang='lat' dir='ltr'><strong>Credere</strong></span> <span class='ocrx_word' id='word_1_90' title='bbox 757 1395 838 1452; x_wconf 88' lang='lat' dir='ltr'><strong>enirn</strong></span> <span class='ocrx_word' id='word_1_91' title='bbox 855 1411 925 1452; x_wconf 85' lang='lat' dir='ltr'><strong>sese</strong></span> <span class='ocrx_word' id='word_1_92' title='bbox 946 1393 1055 1466; x_wconf 85' lang='lat' dir='ltr'><strong>teneri,</strong></span> 
     </span>
     <span class='ocr_line' id='line_1_15' title="bbox 131 1475 1056 1551; baseline 0.001 -18"><span class='ocrx_word' id='word_1_93' title='bbox 131 1483 162 1534; x_wconf 90' lang='lat' dir='ltr'><strong>et</strong></span> <span class='ocrx_word' id='word_1_94' title='bbox 182 1475 212 1536; x_wconf 90' lang='lat' dir='ltr'><strong>id</strong></span> <span class='ocrx_word' id='word_1_95' title='bbox 236 1495 297 1534; x_wconf 91' lang='lat' dir='ltr'><strong>nou</strong></span> <span class='ocrx_word' id='word_1_96' title='bbox 320 1495 359 1535; x_wconf 88' lang='lat' dir='ltr'><strong>ex</strong></span> <span class='ocrx_word' id='word_1_97' title='bbox 382 1476 485 1535; x_wconf 89' lang='lat' dir='ltr'><strong>animo</strong></span> <span class='ocrx_word' id='word_1_98' title='bbox 507 1475 624 1551; x_wconf 83' lang='lat' dir='ltr'><strong>lacere,</strong></span> <span class='ocrx_word' id='word_1_99' title='bbox 657 1486 705 1534; x_wconf 87' lang='lat' dir='ltr'><strong>est</strong></span> <span class='ocrx_word' id='word_1_100' title='bbox 732 1477 799 1535; x_wconf 89' lang='lat' dir='ltr'><strong>siue</strong></span> <span class='ocrx_word' id='word_1_101' title='bbox 828 1476 1056 1536; x_wconf 78' lang='lat' dir='ltr'><strong>intermissione</strong></span> 
     </span>
     <span class='ocr_line' id='line_1_16' title="bbox 131 1557 1055 1637; baseline 0 -19"><span class='ocrx_word' id='word_1_102' title='bbox 131 1577 272 1637; x_wconf 89' lang='lat' dir='ltr'><strong>peccare,</strong></span> <span class='ocrx_word' id='word_1_103' title='bbox 296 1561 374 1618; x_wconf 89' lang='lat' dir='ltr'><strong>sicut</strong></span> <span class='ocrx_word' id='word_1_104' title='bbox 395 1559 483 1618; x_wconf 87' lang='lat' dir='ltr'><strong>Rom.</strong></span> <span class='ocrx_word' id='word_1_105' title='bbox 508 1560 555 1620; x_wconf 77' lang='lat'><strong>14.</strong></span> <span class='ocrx_word' id='word_1_106' title='bbox 578 1560 666 1617; x_wconf 91' lang='lat' dir='ltr'><strong>dicit:</strong></span> <span class='ocrx_word' id='word_1_107' title='bbox 689 1557 748 1632; x_wconf 80' lang='lat' dir='ltr'><strong>Qui</strong></span> <span class='ocrx_word' id='word_1_108' title='bbox 770 1557 900 1634; x_wconf 88' lang='lat' dir='ltr'><strong>iudicat,</strong></span> <span class='ocrx_word' id='word_1_109' title='bbox 921 1561 946 1616; x_wconf 93' lang='lat' dir='ltr'><strong>si</strong></span> <span class='ocrx_word' id='word_1_110' title='bbox 969 1577 1055 1618; x_wconf 90' lang='lat' dir='ltr'><strong>man-</strong></span> 
     </span>
     <span class='ocr_line' id='line_1_17' title="bbox 131 1640 1056 1719; baseline -0.001 -19"><span class='ocrx_word' id='word_1_111' title='bbox 131 1640 233 1718; x_wconf 87' lang='lat' dir='ltr'><strong>ducat,</strong></span> <span class='ocrx_word' id='word_1_112' title='bbox 255 1641 478 1701; x_wconf 89' lang='lat' dir='ltr'><strong>condemnatus</strong></span> <span class='ocrx_word' id='word_1_113' title='bbox 499 1650 555 1716; x_wconf 88' lang='lat' dir='ltr'><strong>est,</strong></span> <span class='ocrx_word' id='word_1_114' title='bbox 578 1661 669 1700; x_wconf 87' lang='lat' dir='ltr'><strong>omne</strong></span> <span class='ocrx_word' id='word_1_115' title='bbox 691 1643 789 1716; x_wconf 91' lang='lat' dir='ltr'><strong>enim,</strong></span> <span class='ocrx_word' id='word_1_116' title='bbox 819 1641 901 1719; x_wconf 84' lang='lat' dir='ltr'><strong>quod</strong></span> <span class='ocrx_word' id='word_1_117' title='bbox 924 1660 985 1700; x_wconf 89' lang='lat' dir='ltr'><strong>non</strong></span> <span class='ocrx_word' id='word_1_118' title='bbox 1009 1648 1056 1701; x_wconf 89' lang='lat' dir='ltr'><strong>est</strong></span> 
     </span>
     <span class='ocr_line' id='line_1_18' title="bbox 131 1722 1055 1804; baseline -0.002 -21"><span class='ocrx_word' id='word_1_119' title='bbox 131 1743 172 1783; x_wconf 84' lang='lat' dir='ltr'><strong>ex</strong></span> <span class='ocrx_word' id='word_1_120' title='bbox 188 1722 263 1802; x_wconf 80' lang='lat' dir='ltr'><strong>ilde,</strong></span> <span class='ocrx_word' id='word_1_121' title='bbox 286 1731 447 1804; x_wconf 88' lang='lat' dir='ltr'><strong>peccatum</strong></span> <span class='ocrx_word' id='word_1_122' title='bbox 470 1733 526 1784; x_wconf 89' lang='lat' dir='ltr'><strong>est.</strong></span> <span class='ocrx_word' id='word_1_123' title='bbox 581 1726 621 1783; x_wconf 83' lang='lat' dir='ltr'><strong>At</strong></span> <span class='ocrx_word' id='word_1_124' title='bbox 648 1724 709 1783; x_wconf 89' lang='lat' dir='ltr'><strong>boc</strong></span> <span class='ocrx_word' id='word_1_125' title='bbox 736 1724 861 1784; x_wconf 88' lang='lat' dir='ltr'><strong>credere</strong></span> <span class='ocrx_word' id='word_1_126' title='bbox 888 1744 970 1803; x_wconf 89' lang='lat' dir='ltr'><strong>papa</strong></span> <span class='ocrx_word' id='word_1_127' title='bbox 992 1724 1055 1783; x_wconf 86' lang='lat' dir='ltr'><strong>exi·</strong></span> 
     </span>
     <span class='ocr_line' id='line_1_19' title="bbox 129 1807 1055 1887; baseline 0 -22"><span class='ocrx_word' id='word_1_128' title='bbox 129 1808 174 1886; x_wconf 82' lang='lat' dir='ltr'><strong>git</strong></span> <span class='ocrx_word' id='word_1_129' title='bbox 194 1808 224 1866; x_wconf 94' lang='lat' dir='ltr'><strong>in</strong></span> <span class='ocrx_word' id='word_1_130' title='bbox 248 1809 310 1867; x_wconf 90' lang='lat' dir='ltr'><strong>suis</strong></span> <span class='ocrx_word' id='word_1_131' title='bbox 332 1808 462 1887; x_wconf 85' lang='lat' dir='ltr'><strong>legibus,</strong></span> <span class='ocrx_word' id='word_1_132' title='bbox 484 1816 515 1866; x_wconf 91' lang='lat' dir='ltr'><strong>et</strong></span> <span class='ocrx_word' id='word_1_133' title='bbox 537 1815 638 1868; x_wconf 89' lang='lat' dir='ltr'><strong>tamen</strong></span> <span class='ocrx_word' id='word_1_134' title='bbox 662 1808 796 1867; x_wconf 89' lang='lat' dir='ltr'><strong>animum</strong></span> <span class='ocrx_word' id='word_1_135' title='bbox 819 1807 949 1867; x_wconf 81' lang='lat' dir='ltr'><strong>faciendi</strong></span> <span class='ocrx_word' id='word_1_136' title='bbox 965 1825 1055 1886; x_wconf 89' lang='lat' dir='ltr'><strong>prae·</strong></span> 
     </span>
     <span class='ocr_line' id='line_1_20' title="bbox 129 1889 1054 1969; baseline -0.001 -20"><span class='ocrx_word' id='word_1_137' title='bbox 129 1896 211 1950; x_wconf 85' lang='lat' dir='ltr'><strong>stare</strong></span> <span class='ocrx_word' id='word_1_138' title='bbox 239 1908 300 1950; x_wconf 91' lang='lat' dir='ltr'><strong>uon</strong></span> <span class='ocrx_word' id='word_1_139' title='bbox 323 1901 441 1969; x_wconf 89' lang='lat' dir='ltr'><strong>potest,</strong></span> <span class='ocrx_word' id='word_1_140' title='bbox 470 1900 530 1949; x_wconf 90' lang='lat' dir='ltr'><strong>tam</strong></span> <span class='ocrx_word' id='word_1_141' title='bbox 554 1889 668 1949; x_wconf 90' lang='lat' dir='ltr'><strong>nullam</strong></span> <span class='ocrx_word' id='word_1_142' title='bbox 693 1893 908 1950; x_wconf 88' lang='lat' dir='ltr'><strong>necessitatem</strong></span> <span class='ocrx_word' id='word_1_143' title='bbox 931 1899 984 1948; x_wconf 91' lang='lat' dir='ltr'><strong>aut</strong></span> <span class='ocrx_word' id='word_1_144' title='bbox 1007 1891 1054 1950; x_wconf 87' lang='lat' dir='ltr'><strong>ius</strong></span> 
     </span>
     <span class='ocr_line' id='line_1_21' title="bbox 129 1971 1057 2052; baseline -0.002 -20"><span class='ocrx_word' id='word_1_145' title='bbox 129 1971 246 2033; x_wconf 85' lang='lat' dir='ltr'><strong>habens</strong></span> <span class='ocrx_word' id='word_1_146' title='bbox 267 1973 341 2033; x_wconf 92' lang='lat' dir='ltr'><strong>illud</strong></span> <span class='ocrx_word' id='word_1_147' title='bbox 363 1972 517 2052; x_wconf 87' lang='lat' dir='ltr'><strong>exigendi,</strong></span> <span class='ocrx_word' id='word_1_148' title='bbox 541 1992 631 2051; x_wconf 87' lang='lat' dir='ltr'><strong>quarn</strong></span> <span class='ocrx_word' id='word_1_149' title='bbox 655 1973 768 2032; x_wconf 90' lang='lat' dir='ltr'><strong>nullam</strong></span> <span class='ocrx_word' id='word_1_150' title='bbox 791 1981 974 2052; x_wconf 88' lang='lat' dir='ltr'><strong>potestatem</strong></span> <span class='ocrx_word' id='word_1_151' title='bbox 994 1971 1057 2033; x_wconf 89' lang='lat' dir='ltr'><strong>hoc</strong></span> 
     </span>
     <span class='ocr_line' id='line_1_22' title="bbox 130 2054 1055 2134; baseline -0.001 -19"><span class='ocrx_word' id='word_1_152' title='bbox 130 2055 313 2134; x_wconf 87' lang='lat' dir='ltr'><strong>praestandi.</strong></span> <span class='ocrx_word' id='word_1_153' title='bbox 359 2056 432 2115; x_wconf 91' lang='lat' dir='ltr'><strong>ldeo</strong></span> <span class='ocrx_word' id='word_1_154' title='bbox 455 2056 538 2114; x_wconf 90' lang='lat' dir='ltr'><strong>nulla</strong></span> <span class='ocrx_word' id='word_1_155' title='bbox 560 2074 654 2115; x_wconf 89' lang='lat' dir='ltr'><strong>causa</strong></span> <span class='ocrx_word' id='word_1_156' title='bbox 677 2058 732 2114; x_wconf 89' lang='lat' dir='ltr'><strong>nisi</strong></span> <span class='ocrx_word' id='word_1_157' title='bbox 756 2075 840 2116; x_wconf 87' lang='lat' dir='ltr'><strong>mera</strong></span> <span class='ocrx_word' id='word_1_158' title='bbox 863 2054 987 2116; x_wconf 80' lang='lat' dir='ltr'><strong>libidine</strong></span> <span class='ocrx_word' id='word_1_159' title='bbox 1009 2074 1055 2114; x_wconf 86' lang='lat' dir='ltr'><strong>re-</strong></span> 
     </span>
     <span class='ocr_line' id='line_1_23' title="bbox 130 2137 1055 2219; baseline -0.001 -21"><span class='ocrx_word' id='word_1_160' title='bbox 130 2137 192 2216; x_wconf 90' lang='lat' dir='ltr'><strong>plet</strong></span> <span class='ocrx_word' id='word_1_161' title='bbox 213 2138 318 2198; x_wconf 85' lang='lat' dir='ltr'><strong>orbem</strong></span> <span class='ocrx_word' id='word_1_162' title='bbox 333 2141 468 2219; x_wconf 89' lang='lat' dir='ltr'><strong>peccatis</strong></span> <span class='ocrx_word' id='word_1_163' title='bbox 491 2145 522 2198; x_wconf 86' lang='lat' dir='ltr'><strong>at</strong></span> <span class='ocrx_word' id='word_1_164' title='bbox 545 2138 774 2216; x_wconf 86' lang='lat' dir='ltr'><strong>perditionibus,</strong></span> <span class='ocrx_word' id='word_1_165' title='bbox 798 2147 829 2198; x_wconf 89' lang='lat' dir='ltr'><strong>et</strong></span> <span class='ocrx_word' id='word_1_166' title='bbox 850 2157 957 2198; x_wconf 90' lang='lat' dir='ltr'><strong>omnes</strong></span> <span class='ocrx_word' id='word_1_167' title='bbox 970 2137 1055 2198; x_wconf 83' lang='lat' dir='ltr'><strong>Chri·</strong></span> 
     </span>
     <span class='ocr_line' id='line_1_24' title="bbox 130 2221 1056 2299; baseline 0.001 -20"><span class='ocrx_word' id='word_1_168' title='bbox 130 2221 248 2280; x_wconf 86' lang='lat' dir='ltr'><strong>stianos</strong></span> <span class='ocrx_word' id='word_1_169' title='bbox 271 2221 409 2298; x_wconf 85' lang='lat' dir='ltr'><strong>devorat,</strong></span> <span class='ocrx_word' id='word_1_170' title='bbox 432 2224 511 2281; x_wconf 91' lang='lat' dir='ltr'><strong>sicut</strong></span> <span class='ocrx_word' id='word_1_171' title='bbox 533 2221 686 2295; x_wconf 81' lang='lat' dir='ltr'><strong>Petrus*)</strong></span> <span class='ocrx_word' id='word_1_172' title='bbox 711 2221 799 2297; x_wconf 89' lang='lat' dir='ltr'><strong>dicit,</strong></span> <span class='ocrx_word' id='word_1_173' title='bbox 822 2239 886 2291; x_wconf 88' lang='lat' dir='ltr'><strong>eos,</strong></span> <span class='ocrx_word' id='word_1_174' title='bbox 910 2224 1056 2299; x_wconf 87' lang='lat' dir='ltr'><strong>quivere</strong></span> 
     </span>
     <span class='ocr_line' id='line_1_25' title="bbox 130 2302 1055 2382; baseline 0.001 -20"><span class='ocrx_word' id='word_1_175' title='bbox 130 2302 315 2381; x_wconf 78' lang='lat' dir='ltr'><strong>effugerant,</strong></span> <span class='ocrx_word' id='word_1_176' title='bbox 345 2304 384 2362; x_wconf 85' lang='lat' dir='ltr'><strong>ab</strong></span> <span class='ocrx_word' id='word_1_177' title='bbox 406 2305 464 2363; x_wconf 90' lang='lat' dir='ltr'><strong>illis</strong></span> <span class='ocrx_word' id='word_1_178' title='bbox 486 2307 515 2362; x_wconf 94' lang='lat' dir='ltr'><strong>in</strong></span> <span class='ocrx_word' id='word_1_179' title='bbox 541 2323 674 2363; x_wconf 87' lang='lat' dir='ltr'><strong>errorem</strong></span> <span class='ocrx_word' id='word_1_180' title='bbox 697 2307 771 2382; x_wconf 88' lang='lat' dir='ltr'><strong>rapi.</strong></span> <span class='ocrx_word' id='word_1_181' title='bbox 817 2303 947 2364; x_wconf 87' lang='lat' dir='ltr'><strong>Proinde</strong></span> <span class='ocrx_word' id='word_1_182' title='bbox 971 2303 1055 2364; x_wconf 78' lang='lat' dir='ltr'><strong>chri-</strong></span> 
     </span>
     <span class='ocr_line' id='line_1_26' title="bbox 129 2384 1053 2466; baseline 0.002 -22"><span class='ocrx_word' id='word_1_183' title='bbox 129 2384 259 2466; x_wconf 74' lang='lat' dir='ltr'><strong>stns”)</strong></span> <span class='ocrx_word' id='word_1_184' title='bbox 284 2406 353 2446; x_wconf 89' lang='lat' dir='ltr'><strong>eum</strong></span> <span class='ocrx_word' id='word_1_185' title='bbox 376 2407 436 2448; x_wconf 91' lang='lat' dir='ltr'><strong>non</strong></span> <span class='ocrx_word' id='word_1_186' title='bbox 452 2387 699 2462; x_wconf 80' lang='lat' dir='ltr'><strong>abominabilem,</strong></span> <span class='ocrx_word' id='word_1_187' title='bbox 723 2387 776 2446; x_wconf 88' lang='lat' dir='ltr'><strong>sed</strong></span> <span class='ocrx_word' id='word_1_188' title='bbox 790 2387 1053 2446; x_wconf 86' lang='lat' dir='ltr'><strong>abominationem</strong></span> 
     </span>
     <span class='ocr_line' id='line_1_27' title="bbox 129 2468 1053 2549; baseline 0.002 -23"><span class='ocrx_word' id='word_1_189' title='bbox 129 2468 224 2528; x_wconf 80' lang='lat' dir='ltr'><strong>voluit</strong></span> <span class='ocrx_word' id='word_1_190' title='bbox 245 2487 375 2547; x_wconf 71' lang='lat' dir='ltr'><strong>vocare,</strong></span> <span class='ocrx_word' id='word_1_191' title='bbox 398 2479 428 2530; x_wconf 86' lang='lat' dir='ltr'><strong>et</strong></span> <span class='ocrx_word' id='word_1_192' title='bbox 449 2468 643 2539; x_wconf 78' lang='lat' dir='ltr'><strong>Paulos***)</strong></span> <span class='ocrx_word' id='word_1_193' title='bbox 670 2488 729 2528; x_wconf 92' lang='lat' dir='ltr'><strong>non</strong></span> <span class='ocrx_word' id='word_1_194' title='bbox 746 2477 906 2549; x_wconf 89' lang='lat' dir='ltr'><strong>peccatum</strong></span> <span class='ocrx_word' id='word_1_195' title='bbox 920 2470 1053 2530; x_wconf 86' lang='lat' dir='ltr'><strong>hominis</strong></span> 
     </span>
     <span class='ocr_line' id='line_1_28' title="bbox 129 2551 1053 2632; baseline 0.004 -22"><span class='ocrx_word' id='word_1_196' title='bbox 129 2557 160 2610; x_wconf 90' lang='lat' dir='ltr'><strong>et</strong></span> <span class='ocrx_word' id='word_1_197' title='bbox 181 2552 381 2630; x_wconf 90' lang='lat' dir='ltr'><strong>perditionem</strong></span> <span class='ocrx_word' id='word_1_198' title='bbox 405 2553 473 2631; x_wconf 86' lang='lat' dir='ltr'><strong>filii,</strong></span> <span class='ocrx_word' id='word_1_199' title='bbox 502 2552 556 2611; x_wconf 89' lang='lat' dir='ltr'><strong>sed</strong></span> <span class='ocrx_word' id='word_1_200' title='bbox 585 2553 739 2612; x_wconf 88' lang='lat' dir='ltr'><strong>hominem</strong></span> <span class='ocrx_word' id='word_1_201' title='bbox 764 2554 882 2632; x_wconf 88' lang='lat' dir='ltr'><strong>peccati</strong></span> <span class='ocrx_word' id='word_1_202' title='bbox 906 2551 1053 2613; x_wconf 86' lang='lat' dir='ltr'><strong>etlilium</strong></span> 
     </span>
     <span class='ocr_line' id='line_1_29' title="bbox 130 2633 1053 2714; baseline 0.004 -22"><span class='ocrx_word' id='word_1_203' title='bbox 130 2633 373 2713; x_wconf 89' lang='lat' dir='ltr'><strong>perditionis,·ut</strong></span> <span class='ocrx_word' id='word_1_204' title='bbox 395 2636 467 2696; x_wconf 89' lang='lat' dir='ltr'><strong>nihil</strong></span> <span class='ocrx_word' id='word_1_205' title='bbox 492 2638 547 2694; x_wconf 90' lang='lat' dir='ltr'><strong>uisi</strong></span> <span class='ocrx_word' id='word_1_206' title='bbox 572 2645 731 2714; x_wconf 90' lang='lat' dir='ltr'><strong>peccatum</strong></span> <span class='ocrx_word' id='word_1_207' title='bbox 757 2645 787 2695; x_wconf 91' lang='lat' dir='ltr'><strong>et</strong></span> <span class='ocrx_word' id='word_1_208' title='bbox 802 2635 1005 2714; x_wconf 87' lang='lat' dir='ltr'><strong>perditionem</strong></span> <span class='ocrx_word' id='word_1_209' title='bbox 1023 2639 1053 2696; x_wconf 92' lang='lat' dir='ltr'><strong>in</strong></span> 
     </span>
     <span class='ocr_line' id='line_1_30' title="bbox 130 2717 1056 2800; baseline 0 -23"><span class='ocrx_word' id='word_1_210' title='bbox 130 2736 168 2777; x_wconf 84' lang='lat' dir='ltr'><strong>eo</strong></span> <span class='ocrx_word' id='word_1_211' title='bbox 191 2717 293 2779; x_wconf 86' lang='lat' dir='ltr'><strong>valere</strong></span> <span class='ocrx_word' id='word_1_212' title='bbox 315 2717 510 2798; x_wconf 82' lang='lat' dir='ltr'><strong>signiticaret.</strong></span> <span class='ocrx_word' id='word_1_213' title='bbox 554 2721 655 2796; x_wconf 83' lang='lat' dir='ltr'><strong>Atque</strong></span> <span class='ocrx_word' id='word_1_214' title='bbox 678 2719 754 2800; x_wconf 85' lang='lat' dir='ltr'><strong>haec</strong></span> <span class='ocrx_word' id='word_1_215' title='bbox 775 2719 897 2797; x_wconf 87' lang='lat' dir='ltr'><strong>quidem</strong></span> <span class='ocrx_word' id='word_1_216' title='bbox 920 2720 949 2777; x_wconf 90' lang='lat' dir='ltr'><strong>in</strong></span> <span class='ocrx_word' id='word_1_217' title='bbox 973 2737 1056 2799; x_wconf 91' lang='lat' dir='ltr'><strong>papa</strong></span> 
     </span>
     <span class='ocr_line' id='line_1_31' title="bbox 129 2799 1051 2878; baseline 0.001 -18"><span class='ocrx_word' id='word_1_218' title='bbox 129 2799 282 2876; x_wconf 84' lang='lat' dir='ltr'><strong>videmus,</strong></span> <span class='ocrx_word' id='word_1_219' title='bbox 304 2811 346 2878; x_wconf 90' lang='lat' dir='ltr'><strong>ut,</strong></span> <span class='ocrx_word' id='word_1_220' title='bbox 369 2803 424 2861; x_wconf 89' lang='lat' dir='ltr'><strong>nisi</strong></span> <span class='ocrx_word' id='word_1_221' title='bbox 449 2800 586 2861; x_wconf 78' lang='lat' dir='ltr'><strong>Christus</strong></span> <span class='ocrx_word' id='word_1_222' title='bbox 611 2801 769 2860; x_wconf 86' lang='lat' dir='ltr'><strong>abbreviet</strong></span> <span class='ocrx_word' id='word_1_223' title='bbox 792 2803 856 2860; x_wconf 89' lang='lat' dir='ltr'><strong>dies</strong></span> <span class='ocrx_word' id='word_1_224' title='bbox 879 2804 964 2872; x_wconf 81' lang='lat' dir='ltr'><strong>istos,</strong></span> <span class='ocrx_word' id='word_1_225' title='bbox 990 2821 1051 2861; x_wconf 92' lang='lat' dir='ltr'><strong>non</strong></span> 
     </span>
     <span class='ocr_line' id='line_1_32' title="bbox 129 2881 1055 2961; baseline 0 -18"><span class='ocrx_word' id='word_1_226' title='bbox 129 2881 181 2943; x_wconf 88' lang='lat' dir='ltr'><strong>llet</strong></span> <span class='ocrx_word' id='word_1_227' title='bbox 202 2884 288 2944; x_wconf 90' lang='lat' dir='ltr'><strong>salva</strong></span> <span class='ocrx_word' id='word_1_228' title='bbox 311 2886 410 2944; x_wconf 89' lang='lat' dir='ltr'><strong>omnis</strong></span> <span class='ocrx_word' id='word_1_229' title='bbox 432 2903 525 2946; x_wconf 66' lang='lat' dir='ltr'><strong>carn„</strong></span> <span class='ocrx_word' id='word_1_230' title='bbox 560 2884 598 2942; x_wconf 85' lang='lat' dir='ltr'><strong>Et</strong></span> <span class='ocrx_word' id='word_1_231' title='bbox 621 2885 687 2961; x_wconf 88' lang='lat' dir='ltr'><strong>quis</strong></span> <span class='ocrx_word' id='word_1_232' title='bbox 710 2885 777 2956; x_wconf 81' lang='lat' dir='ltr'><strong>scit,</strong></span> <span class='ocrx_word' id='word_1_233' title='bbox 799 2904 837 2944; x_wconf 90' lang='lat' dir='ltr'><strong>an</strong></span> <span class='ocrx_word' id='word_1_234' title='bbox 865 2884 929 2943; x_wconf 90' lang='lat' dir='ltr'><strong>dies</strong></span> <span class='ocrx_word' id='word_1_235' title='bbox 947 2884 1055 2943; x_wconf 90' lang='lat' dir='ltr'><strong>abbre-</strong></span> 
     </span>
     <span class='ocr_line' id='line_1_33' title="bbox 131 2964 1054 3047; baseline 0 -23"><span class='ocrx_word' id='word_1_236' title='bbox 131 2966 202 3027; x_wconf 79' lang='lat' dir='ltr'><strong>viati</strong></span> <span class='ocrx_word' id='word_1_237' title='bbox 224 2969 398 3047; x_wconf 88' lang='lat' dir='ltr'><strong>pertineant</strong></span> <span class='ocrx_word' id='word_1_238' title='bbox 420 2964 460 3027; x_wconf 88' lang='lat' dir='ltr'><strong>ad</strong></span> <span class='ocrx_word' id='word_1_239' title='bbox 482 2968 612 3026; x_wconf 83' lang='lat' dir='ltr'><strong>infantes</strong></span> <span class='ocrx_word' id='word_1_240' title='bbox 641 2969 804 3025; x_wconf 84' lang='lat' dir='ltr'><strong>morientes</strong></span> <span class='ocrx_word' id='word_1_241' title='bbox 833 2977 904 3026; x_wconf 87' lang='lat' dir='ltr'><strong>ante</strong></span> <span class='ocrx_word' id='word_1_242' title='bbox 933 2974 1054 3046; x_wconf 85' lang='lat' dir='ltr'><strong>tempus</strong></span> 
     </span>
     <span class='ocr_line' id='line_1_34' title="bbox 130 3049 700 3128; baseline -0.002 -20"><span class='ocrx_word' id='word_1_243' title='bbox 130 3050 309 3128; x_wconf 90' lang='lat' dir='ltr'><strong>capacitatis</strong></span> <span class='ocrx_word' id='word_1_244' title='bbox 332 3051 419 3109; x_wconf 87' lang='lat' dir='ltr'><strong>huius</strong></span> <span class='ocrx_word' id='word_1_245' title='bbox 442 3049 700 3109; x_wconf 83' lang='lat' dir='ltr'><strong>abominationis?</strong></span> 
     </span>
    </p>

    <p class='ocr_par' dir='ltr' id='par_1_3' title="bbox 128 3129 1054 3458">
     <span class='ocr_line' id='line_1_35' title="bbox 212 3129 1053 3212; baseline 0.002 -21"><span class='ocrx_word' id='word_1_246' title='bbox 212 3130 458 3192; x_wconf 83' lang='lat' dir='ltr'><strong>Satislactionum</strong></span> <span class='ocrx_word' id='word_1_247' title='bbox 489 3134 579 3191; x_wconf 88' lang='lat' dir='ltr'><strong>etiam</strong></span> <span class='ocrx_word' id='word_1_248' title='bbox 603 3129 760 3212; x_wconf 83' lang='lat' dir='ltr'><strong>legibus²)</strong></span> <span class='ocrx_word' id='word_1_249' title='bbox 795 3131 933 3207; x_wconf 81' lang='lat' dir='ltr'><strong>(Christe</strong></span> <span class='ocrx_word' id='word_1_250' title='bbox 955 3133 1053 3193; x_wconf 85' lang='lat' dir='ltr'><strong>salva-</strong></span> 
     </span>
     <span class='ocr_line' id='line_1_36' title="bbox 128 3214 1054 3295; baseline 0.002 -23"><span class='ocrx_word' id='word_1_251' title='bbox 128 3219 193 3282; x_wconf 89' lang='lat' dir='ltr'><strong>tor)</strong></span> <span class='ocrx_word' id='word_1_252' title='bbox 218 3223 294 3292; x_wconf 85' lang='lat' dir='ltr'><strong>quot</strong></span> <span class='ocrx_word' id='word_1_253' title='bbox 315 3217 432 3274; x_wconf 88' lang='lat' dir='ltr'><strong>animas</strong></span> <span class='ocrx_word' id='word_1_254' title='bbox 455 3214 575 3295; x_wconf 84' lang='lat' dir='ltr'><strong>perdit?</strong></span> <span class='ocrx_word' id='word_1_255' title='bbox 603 3214 678 3289; x_wconf 78' lang='lat' dir='ltr'><strong>Quis</strong></span> <span class='ocrx_word' id='word_1_256' title='bbox 702 3215 756 3272; x_wconf 90' lang='lat' dir='ltr'><strong>has</strong></span> <span class='ocrx_word' id='word_1_257' title='bbox 781 3233 897 3291; x_wconf 89' lang='lat' dir='ltr'><strong>cruces,</strong></span> <span class='ocrx_word' id='word_1_258' title='bbox 921 3223 1054 3274; x_wconf 88' lang='lat' dir='ltr'><strong>torturas</strong></span> 
     </span>
     <span class='ocr_line' id='line_1_37' title="bbox 130 3297 1052 3377; baseline 0.001 -21"><span class='ocrx_word' id='word_1_259' title='bbox 130 3304 160 3356; x_wconf 86' lang='lat' dir='ltr'><strong>et</strong></span> <span class='ocrx_word' id='word_1_260' title='bbox 182 3306 295 3358; x_wconf 89' lang='lat' dir='ltr'><strong>mortes</strong></span> <span class='ocrx_word' id='word_1_261' title='bbox 319 3300 572 3357; x_wconf 88' lang='lat' dir='ltr'><strong>conscientiarum</strong></span> <span class='ocrx_word' id='word_1_262' title='bbox 597 3297 796 3377; x_wconf 79' lang='lat' dir='ltr'><strong>percenseat?</strong></span> <span class='ocrx_word' id='word_1_263' title='bbox 821 3297 953 3356; x_wconf 87' lang='lat' dir='ltr'><strong>Primum</strong></span> <span class='ocrx_word' id='word_1_264' title='bbox 972 3301 1052 3359; x_wconf 90' lang='lat' dir='ltr'><strong>enim</strong></span> 
     </span>
     <span class='ocr_line' id='line_1_38' title="bbox 129 3377 1052 3458; baseline 0.002 -20"><span class='ocrx_word' id='word_1_265' title='bbox 129 3377 247 3458; x_wconf 81' lang='lat' dir='ltr'><strong>legibus</strong></span> <span class='ocrx_word' id='word_1_266' title='bbox 271 3380 347 3440; x_wconf 89' lang='lat' dir='ltr'><strong>datis</strong></span> <span class='ocrx_word' id='word_1_267' title='bbox 371 3401 430 3440; x_wconf 90' lang='lat' dir='ltr'><strong>non</strong></span> <span class='ocrx_word' id='word_1_268' title='bbox 457 3380 549 3440; x_wconf 92' lang='lat' dir='ltr'><strong>modo</strong></span> <span class='ocrx_word' id='word_1_269' title='bbox 573 3380 650 3439; x_wconf 90' lang='lat' dir='ltr'><strong>tollit</strong></span> <span class='ocrx_word' id='word_1_270' title='bbox 681 3381 850 3439; x_wconf 88' lang='lat' dir='ltr'><strong>libertatem</strong></span> <span class='ocrx_word' id='word_1_271' title='bbox 874 3383 903 3439; x_wconf 90' lang='lat' dir='ltr'><strong>in</strong></span> <span class='ocrx_word' id='word_1_272' title='bbox 928 3382 987 3441; x_wconf 90' lang='lat' dir='ltr'><strong>hac</strong></span> <span class='ocrx_word' id='word_1_273' title='bbox 1010 3402 1052 3453; x_wconf 82' lang='lat' dir='ltr'><strong>re,</strong></span> 
     </span>
    </p>
   </div>
   <div class='ocr_carea' id='block_1_3' title="bbox 140 3563 369 3572">
    <p class='ocr_par' dir='ltr' id='par_1_4' title="bbox 140 3563 369 3572">
     <span class='ocr_line' id='line_1_39' title="bbox 140 3563 369 3572; baseline 0.009 -3"><span class='ocrx_word' id='word_1_274' title='bbox 140 3563 269 3570; x_wconf 36' lang='lat' dir='ltr'><strong>..w—.--w</strong></span> <span class='ocrx_word' id='word_1_275' title='bbox 288 3566 314 3570; x_wconf 86' lang='grc'><strong>..</strong></span> <span class='ocrx_word' id='word_1_276' title='bbox 335 3565 369 3572; x_wconf 67' lang='grc' dir='ltr'><strong>4,ι</strong></span> 
     </span>
    </p>
   </div>
   <div class='ocr_carea' id='block_1_4' title="bbox 182 3666 1053 3808">
    <p class='ocr_par' dir='ltr' id='par_1_5' title="bbox 182 3666 1053 3808">
     <span class='ocr_line' id='line_1_40' title="bbox 185 3666 1053 3743; baseline 0.01 -25"><span class='ocrx_word' id='word_1_277' title='bbox 185 3667 214 3733; x_wconf 91' lang='grc'><strong>1)</strong></span> <span class='ocrx_word' id='word_1_278' title='bbox 235 3666 268 3719; x_wconf 92' lang='lat' dir='ltr'><strong>In</strong></span> <span class='ocrx_word' id='word_1_279' title='bbox 288 3667 329 3720; x_wconf 91' lang='lat' dir='ltr'><strong>ad.</strong></span> <span class='ocrx_word' id='word_1_280' title='bbox 346 3668 419 3722; x_wconf 78' lang='lat' dir='ltr'><strong>len:</strong></span> <span class='ocrx_word' id='word_1_281' title='bbox 434 3671 551 3741; x_wconf 16' lang='lat' dir='ltr'><strong>,servitia</strong></span> <span class='ocrx_word' id='word_1_282' title='bbox 569 3676 673 3722; x_wconf 87' lang='lat' dir='ltr'><strong>coacta.</strong></span> <span class='ocrx_word' id='word_1_283' title='bbox 711 3671 744 3733; x_wconf 86' lang='lat'><strong>2)</strong></span> <span class='ocrx_word' id='word_1_284' title='bbox 764 3670 795 3722; x_wconf 92' lang='lat' dir='ltr'><strong>ln</strong></span> <span class='ocrx_word' id='word_1_285' title='bbox 807 3670 849 3723; x_wconf 87' lang='lat' dir='ltr'><strong>ed.</strong></span> <span class='ocrx_word' id='word_1_286' title='bbox 863 3672 947 3740; x_wconf 58' lang='lat' dir='ltr'><strong>nriga</strong></span> <span class='ocrx_word' id='word_1_287' title='bbox 967 3671 1053 3743; x_wconf 80' lang='lat' dir='ltr'><strong>leges.</strong></span> 
     </span>
     <span class='ocr_line' id='line_1_41' title="bbox 182 3737 951 3808; baseline 0 -14"><span class='ocrx_word' id='word_1_288' title='bbox 182 3740 212 3808; x_wconf 80' lang='lat'><strong>⁸)</strong></span> <span class='ocrx_word' id='word_1_289' title='bbox 235 3737 380 3796; x_wconf 69' lang='lat' dir='ltr'><strong>treta</strong></span> <span class='ocrx_word' id='word_1_290' title='bbox 417 3739 579 3805; x_wconf 63' lang='lat' dir='ltr'><strong>l”ltllcttla</strong></span> <span class='ocrx_word' id='word_1_291' title='bbox 600 3740 643 3798; x_wconf 80' lang='lat'><strong>24.</strong></span> <span class='ocrx_word' id='word_1_292' title='bbox 683 3742 745 3807; x_wconf 67' lang='lat' dir='ltr'><strong>m)</strong></span> <span class='ocrx_word' id='word_1_293' title='bbox 766 3741 792 3799; x_wconf 85' lang='lat'><strong>2.</strong></span> <span class='ocrx_word' id='word_1_294' title='bbox 811 3741 907 3797; x_wconf 78' lang='lat' dir='ltr'><strong>Thess.</strong></span> <span class='ocrx_word' id='word_1_295' title='bbox 927 3742 951 3802; x_wconf 87' lang='lat'><strong>2.</strong></span> 
     </span>
    </p>
   </div>
   <div class='ocr_carea' id='block_1_5' title="bbox 0 0 1200 4170">
    <p class='ocr_par' dir='ltr' id='par_1_6' title="bbox 0 0 1200 4170">
     <span class='ocr_line' id='line_1_42' title="bbox 0 0 1200 4170; baseline 0 0"><span class='ocrx_word' id='word_1_296' title='bbox 0 0 1200 4170; x_wconf 95' lang='lat' dir='ltr'><strong> </strong></span> 
     </span>
    </p>
   </div>
  </div>
 </body>
</html>
