2392 4170
187 248 250 315 328
416 251 573 322 Responsio
592 252 621 304 Ι).
640 250 675 307 u.
693 250 724 307 L.
743 251 778 305 ad
796 250 898 307 librum

187 404 281 486 digna
303 403 529 486 magnificentia
561 404 756 486 praeclarae,
788 404 922 467 mundas
943 413 974 466 et
996 401 1111 465 nitidae

185 490 245 548 sint
267 488 370 549 aedes.
413 488 471 548 Dio
493 487 608 564 ethio,
631 490 655 548 si
679 496 784 570 potes,
807 507 886 568 qnae
908 507 985 568 gens
1006 504 1110 568 super·

189 571 300 646 biores,
322 571 564 651 spectabiliores,
586 573 796 648 amoeniores,
820 570 1110 651 maguifloentiores‚

186 656 364 734 praesertim
377 660 438 715 tam
457 654 568 715 multas
581 654 674 714 aedes
684 655 786 732 habet,
801 664 893 734 atque
908 653 969 714 boo
982 671 1110 734 regnum

185 736 354 798 facierum?
375 737 485 798 Nonne
507 738 614 817 optimi
635 738 731 811 fundi,
753 739 869 819 optima
889 737 971 806 looa,
994 736 1111 818 optima

186 829 297 894 eastra,
319 822 436 901 optima
453 820 606 881 domicilia
617 824 687 881 sunt
704 820 847 881 iliorum?
870 819 957 896 Quae
970 817 1112 881 lautitia?

187 904 254 982 quis
267 903 369 963 nitor?
391 921 469 982 quae
482 902 631 963 munditia
652 904 682 963 in
705 909 771 965 toto
791 903 904 964 mundo
925 909 1029 982 potest
1048 901 1110 962 illis

187 985 339 1046 conferri?
362 985 413 1046 flio
434 987 513 1045 enim
536 984 716 1064 aedificant,
746 1005 783 1046 aa
805 989 829 1045 si
853 985 1027 1066 paradisum
1051 984 1110 1044 sibi

187 1070 219 1128 iu
251 1068 312 1130 hoo
340 1068 445 1129 secuto
479 1076 658 1148 perpetuum
691 1089 801 1148 parare
836 1070 981 1148 eogitent.
1031 1067 1111 1126 Vide

187 1150 301 1232 palatia
333 1151 654 1211 reverendissimorum
684 1151 908 1230 cardinalium,
942 1169 1022 1231 quae
1053 1167 1111 1230 pro

186 1232 286 1315 gloria
314 1235 369 1294 Dei
402 1242 432 1294 et
460 1236 578 1295 honore
606 1241 732 1295 sanotae
759 1235 909 1295 eeclesiae
940 1232 1112 1313 possident,

187 1323 216 1377 et
237 1336 343 1398 regum
364 1317 479 1397 palatia
501 1337 569 1377 oum
592 1317 650 1377 iilis
672 1318 810 1378 conferre
832 1317 1005 1378 erubesoes.
1044 1315 1112 1376 Neu

189 1401 311 1475 mimm,
341 1418 410 1460 oum
432 1418 628 1461 snooessores
650 1400 861 1480 apostolorum
884 1401 945 1459 sint
966 1406 997 1460 et
1016 1398 1111 1460 virtu·

187 1483 243 1542 aiis
266 1483 408 1561 ecelesia,
431 1481 471 1543 ob
493 1483 523 1543 id
546 1482 667 1563 regibus
691 1485 799 1545 merito
822 1501 922 1563 pares,
943 1483 1006 1543 imo
1021 1499 1112 1561 supe

189 1566 295 1641 riores,
319 1585 386 1626 eum
410 1566 454 1627 iili
477 1568 645 1646 piscatores
667 1567 784 1627 inerint.
831 1566 879 1626 Ad
901 1564 978 1626 alias
1000 1582 1112 1645 propa·

187 1666 289 1708 remus
302 1650 400 1709 miuus
422 1667 536 1727 sacras,
559 1668 629 1709 uani
643 1648 702 1710 bae
719 1657 790 1723 tres,
808 1655 1002 1729 personatus,
1023 1665 1112 1728 opes,

188 1730 293 1807 aedes,
316 1733 451 1792 omnium
475 1741 545 1792 sunt
565 1732 655 1793 facile
677 1733 911 1793 sacratissimas.
954 1730 1112 1806 Quantum

190 1821 236 1872 est
257 1815 337 1874 enirn
362 1815 413 1875 hio
435 1834 517 1875 mare
539 1816 646 1876 iurium
674 1815 712 1875 de
734 1814 941 1896 dignitatibus,
964 1813 1002 1873 de
1025 1830 1113 1893 prae·

189 1896 304 1972 laturis,
327 1896 366 1957 de
376 1896 570 1978 praebendis,
592 1898 631 1958 de
649 1898 779 1979 iudiciis,
801 1898 840 1958 de
862 1898 939 1975 foro,
962 1894 1001 1957 ds
1022 1895 1113 1976 privi-

188 1979 291 2059 legiis,
320 1979 357 2039 de
379 1979 633 2059 immunitatibus,
662 1989 694 2041 et
714 1980 743 2040 id
766 2000 863 2061 genus
886 1980 923 2040 ad
946 1979 1111 2039 eooieaiam

188 2080 249 2123 non
275 2063 383 2142 magis,
404 2081 495 2142 quam
519 2061 613 2124 Baiial
635 2063 673 2124 ad
697 2064 848 2126 Christum
870 2059 1114 2143 pertinentibus?

272 2143 388 2220 Quarta
409 2145 553 2205 facierum
577 2155 623 2208 est
644 2147 711 2226 ipse
733 2145 853 2206 babitus
876 2155 907 2205 et
923 2145 1030 2223 vestis,
1051 2161 1114 2222 qua

191 2225 238 2285 vel
260 2228 408 2307 imprimis
432 2247 499 2288 sese
510 2236 610 2289 tuetur
630 2231 770 2309 impietas
787 2231 846 2289 ista
862 2227 1112 2288 abominationis.

190 2307 288 2384 Quem
313 2311 393 2370 enim
417 2329 478 2370 non
500 2310 601 2386 inflat,
624 2312 804 2387 sanotifloat,
827 2310 1016 2372 adorabilem
1039 2309 1114 2368 feeit

188 2391 299 2451 rubeus
322 2392 373 2453 iiie
393 2393 503 2472 pileus,
526 2394 659 2454 bioornis
672 2395 776 2470 insuia,
799 2413 901 2475 syrma
913 2410 1117 2473 purpureum,

190 2473 272 2535 muta
294 2485 465 2554 gemmata,
493 2478 604 2537 talares
626 2497 718 2552 auro,
741 2479 884 2557 gemmis,
908 2473 1112 2553 omnibusque

189 2558 330 2637 pretiosis
352 2559 499 2639 rigentes,
531 2568 561 2620 et
587 2562 686 2621 omnis
707 2560 760 2622 illa
783 2561 931 2636 varietas,
960 2576 1021 2638 qua
1043 2575 1113 2617 sess

190 2658 208 2700 a
230 2639 316 2701 laiois
338 2648 369 2702 st
390 2645 544 2702 eommuni
559 2644 799 2705 Christianorum
822 2643 936 2716 babitu,
959 2659 1016 2701 oen
1038 2658 1058 2700 a
1077 2657 1112 2699 re

189 2723 327 2804 profana,
349 2726 590 2805 separaverunt?
623 2729 684 2786 lam
717 2745 819 2797 rasum
847 2726 931 2786 iilum
963 2723 1109 2783 verticem

190 2825 359 2886 manusque
391 2808 461 2868 oleo
490 2808 543 2868 iiio
576 2808 698 2889 putrido
731 2814 928 2870 oonsearatas
961 2806 1112 2887 tetigisse,

190 2889 382 2970 saerilegium
406 2897 453 2950 est
474 2893 651 2954 maximum.
696 2892 807 2951 Beatus
829 2899 946 2967 autem,
969 2889 1020 2968 qui
1043 2887 1110 2968 dig-

190 2991 247 3031 nus
267 2972 356 3031 suerit
387 2973 435 3032 vei
469 2975 611 3038 oseulari.
654 2974 875 3035 Monaeborum
904 2978 1005 3033 autem
1027 2970 1112 3032 babi-

190 3059 253 3114 tum
285 3055 407 3134 ipsimet
439 3054 533 3116 terme
560 3057 790 3133 abominantur,
826 3058 881 3117 etsi
914 3054 1113 3115 vehementer

190 3135 400 3196 saniemistam
414 3136 557 3201 stabiliat.
585 3139 767 3216 Hiovideas,
789 3137 1015 3219 quantasubito
1037 3144 1112 3196 nata

190 3219 251 3277 sint
280 3227 425 3299 peecata,
460 3231 593 3301 quantae
623 3223 848 3297 eonscientiae,
886 3220 990 3301 quanti
1019 3235 1112 3279 nasus

189 3303 346 3377 reservati,
368 3304 392 3363 si
416 3304 488 3384 qnid
509 3305 539 3364 in
563 3306 609 3365 bis
631 3303 782 3366 habitibus
806 3311 859 3365 aut
880 3303 1015 3363 vestibus
1038 3301 1111 3361 deii·

191 3386 318 3462 querint.
362 3383 452 3460 Quod
475 3395 611 3467 stuprum
635 3405 690 3468 par
712 3407 780 3448 esse
801 3394 890 3468 putes
912 3386 963 3449 uni
980 3382 1023 3445 ilii
1047 3401 1113 3444 soe·

191 3465 260 3536 ieri,
293 3466 469 3529 siclericus
496 3477 561 3532 toto
594 3471 751 3530 inmense
784 3489 871 3530 rasus
904 3487 966 3528 nou
1000 3465 1112 3528 fuerit?

190 3545 280 3624 Quod
302 3551 510 3631 parricidium,
532 3554 557 3612 si
579 3553 647 3613 sins
667 3554 757 3630 stola,
779 3554 845 3613 siue
868 3549 1036 3631 manipula,
1058 3555 1112 3610 aut

190 3649 248 3692 uns
277 3639 363 3712 parte
390 3633 493 3714 aliqua
519 3637 612 3696 vestis
632 3635 773 3715 neglecta
802 3635 888 3695 altari
909 3630 1112 3696 ministrarit?

273 3712 300 3776 0
322 3714 416 3797 digna
437 3716 545 3800 religio
568 3724 599 3779 et
618 3717 746 3778 idoneus
770 3718 869 3778 nultus
891 3715 1002 3778 talibus
1016 3713 1111 3778 Sane
