2392 4170
134 235 177 304 74
388 240 523 312 beatiam.
544 242 642 313 Babpl.
661 242 802 300 Ecclesiae

131 392 245 456 audere
267 413 323 456 suo
346 396 483 474 periculo
505 397 587 477 quod
601 399 732 460 voluerit
752 400 791 461 sit
811 397 1057 480 permittendum.

116 477 234 559 Opera
268 479 348 539 enim
381 480 531 560 quaedam
565 483 688 563 spiritus
715 484 746 543 in
768 485 874 563 paucis
903 489 1057 563 operatur,

132 563 262 640 quaein
286 563 461 644 exemplum
485 575 537 627 aut
559 566 680 627 vivendi
710 566 832 628 modum
863 585 1056 647 nequaquam

132 652 203 706 sunt
224 646 374 709 vocanda.
978 659 980 664 ’

215 729 275 790 Sed
297 737 328 791 ct
350 731 545 793 vehementer
567 741 684 810 metuo,
713 753 752 794 ns
775 734 896 795 votivae
917 734 996 793 istae
1016 733 1058 792 vi-

132 812 223 873 vendi
245 815 379 875 rationes
403 815 614 897 religiosorum
643 819 703 877 siut
727 817 769 886 de
791 835 918 877 numero
941 835 1058 893 eorum,

132 895 301 977 dequibus
325 899 483 978 apostolus
506 900 720 981 praedixit:*)
747 901 843 961 Erunt
857 899 1005 961 docentes
1028 901 1057 959 in

131 979 287 1061 hypocrisi
312 983 518 1058 mendacium,
546 983 742 1064 prohibentes
771 984 885 1044 nubere
913 989 943 1043 st
964 982 1058 1043 absti-

132 1082 205 1125 nere
229 1084 247 1126 a
275 1064 366 1142 cibis,
401 1085 478 1146 quos
500 1068 582 1128 Deus
617 1067 798 1128 creavitad
828 1065 1057 1147 percipiendum

132 1167 201 1209 cum
224 1149 387 1227 gratiarum
400 1152 531 1211 actione.
561 1150 627 1211 Neo
640 1150 712 1210 mihi
729 1152 888 1229 quisquam
912 1149 1061 1210 obiecerit

132 1231 368 1308 S.Bernardum,
383 1233 588 1310 Francisoum,
600 1235 804 1310 Dominicum,
818 1240 848 1294 et
862 1233 976 1293 similes
992 1232 1059 1292 reli·

133 1316 257 1394 gionnm
272 1316 319 1375 vel
331 1324 452 1378 autores
467 1318 515 1379 vel
528 1326 677 1379 auctores.
710 1317 864 1378 Terribilis
887 1324 917 1376 et
939 1315 1059 1376 mirabi-

133 1398 169 1458 lis
192 1406 238 1459 est
263 1399 343 1460 Deus
366 1401 395 1459 in
420 1392 553 1462 consiliis
582 1402 644 1461 suis
677 1420 768 1480 super
790 1399 868 1461 lilios
890 1399 1058 1477 hominum,

132 1483 232 1562 potuit
256 1482 431 1558 Danielem,
454 1484 621 1563 Ananiam,
644 1486 795 1558 Auariam,
819 1483 924 1544 Misael
948 1485 978 1542 in
1002 1483 1059 1544 Ba·

133 1564 270 1646 bylooici
293 1568 377 1645 regni
403 1567 534 1646 (idest,
566 1570 596 1628 in
626 1565 726 1628 media
758 1566 933 1648 impietate)
966 1565 1059 1627 admi·

133 1649 312 1708 nistratione
343 1669 466 1711 servare
499 1657 638 1728 sanctos,
672 1670 725 1710 cur
756 1670 817 1710 non
851 1651 1004 1728 potuisset
1030 1655 1060 1710 et

132 1731 189 1792 hos
222 1733 252 1791 iu
287 1734 462 1812 periculoso
497 1737 577 1796 vitae
610 1753 722 1814 genere
754 1733 979 1809 sanctificare,
1006 1738 1060 1793 aut

132 1815 280 1894 singulari
303 1836 396 1896 opere
410 1819 532 1898 spiritus
544 1817 724 1897 gubernare,
748 1817 829 1896 quod
843 1824 944 1877 tamen
958 1835 1059 1876 exem-

131 1898 216 1978 plum
237 1898 304 1958 aliis
326 1899 392 1959 fieri
413 1901 531 1962 nollet?
564 1901 603 1960 Et
625 1906 739 1960 certum
763 1907 825 1975 est,
857 1899 970 1960 nullum
994 1899 1060 1961 illo·

131 2001 198 2042 rum
228 2000 282 2061 per
311 1991 384 2043 vota
411 2003 468 2044 sua
500 1991 531 2045 et
557 1985 736 2064 religionem
766 1983 860 2044 fuisse
895 1983 1058 2058 salvatum,

133 2065 187 2125 sed
210 2084 263 2145 per
286 2065 378 2124 lidem
402 2067 509 2144 solam,
531 2068 561 2126 in
585 2086 646 2146 qua
668 2086 775 2127 omnes
797 2067 965 2140 salvantur,
989 2084 1060 2126 oon-

132 2153 179 2208 tra
201 2166 292 2226 quam
320 2151 454 2210 maxime
476 2146 611 2212 omnium
640 2157 779 2230 pugnant
806 2150 968 2229 speciosae
989 2148 1061 2210 illae

133 2232 293 2292 servitutes
317 2239 465 2294 votorum.
1020 2238 1038 2247 ''

216 2313 276 2374 Sed
299 2315 434 2376 abundet
456 2317 505 2376 hic
527 2335 618 2377 sensu
642 2317 771 2394 quisque
792 2333 864 2388 suo,
894 2333 954 2394 ego
978 2314 1060 2394 quod

134 2398 222 2476 coepi
245 2415 423 2476 prosequar,
447 2418 583 2480 cumpro
607 2400 744 2459 libertate
757 2396 947 2458 eeclesiaeet
962 2396 1061 2476 gloria

134 2479 276 2559 baptismi
299 2501 380 2541 nuuc
402 2482 523 2562 loquar,
555 2484 587 2542 in
610 2481 742 2542 medium
767 2481 928 2541 consulere
951 2480 1060 2556 debeo,

133 2562 217 2641 quod
245 2565 350 2643 spiritu
374 2567 520 2644 magistro
555 2565 747 2626 intellexero.
791 2563 894 2639 Quare
931 2563 1061 2625 consulo

134 2647 263 2726 primum
288 2649 480 2727 magnatibus
503 2648 711 2726 ecclesiarum,
735 2653 767 2707 ut
780 2648 884 2707 omnia
905 2647 966 2705 iste
988 2652 1062 2707 vota

134 2731 289 2790 scuritas
323 2733 510 2792 votariorum
547 2731 671 2805 tollant,
706 2730 752 2790 vel
784 2748 843 2789 oon
878 2728 1011 2808 probent
1033 2735 1063 2789 et

135 2812 296 2877 extollant.
341 2813 436 2875 Autsi
459 2815 519 2875 hoo
540 2834 602 2875 nou
617 2813 755 2888 fecerint,
778 2810 895 2872 suadeo
910 2812 1062 2889 omnibus,

135 2896 186 2974 qui
208 2897 316 2956 volunt
338 2899 473 2958 securius
497 2897 574 2957 salvi
596 2897 677 2974 fieri,
707 2902 739 2956 ul
761 2895 818 2955 sibi
849 2894 887 2955 ab
921 2893 1062 2955 omnibus

136 2979 231 3055 votis,
264 2981 440 3059 praesertim
466 2982 584 3061 magnis
617 2987 647 3040 et
681 2979 845 3059 perpetuis,
880 2984 1060 3055 temperent,
1094 3052 1096 3057 Ι

136 3061 272 3122 maxime
294 3062 506 3123 adolescentes
529 3067 560 3124 et
581 3064 718 3124 iuvenes.
760 3061 829 3122 Hoc
850 3060 980 3121 consulo
1004 3062 1061 3140 pri·

136 3147 229 3218 mum,
251 3145 332 3224 ideo,
357 3147 439 3225 quod
463 3146 523 3207 hoo
544 3148 625 3206 vitae
647 3165 759 3225 genus,
782 3151 814 3204 ut
836 3143 915 3222 dixi,
946 3143 1062 3204 nullum

134 3227 228 3288 habet
250 3229 280 3287 in
304 3227 464 3308 scripturis
493 3229 700 3289 testimonium
730 3233 761 3288 et
788 3226 980 3306 exemplum,
1007 3225 1062 3287 sad

137 3311 211 3370 solis
240 3310 397 3372 hominum
428 3313 606 3393 pontificum
631 3310 718 3371 bullis
741 3317 771 3370 st
802 3329 873 3370 vare
901 3309 990 3371 bullis
1018 3315 1065 3369 est

59 3396 63 3405 '
136 3393 292 3454 inflatum:
331 3396 440 3456 deinde
471 3396 552 3476 quod
583 3394 719 3473 proclive
746 3394 786 3453 sit
816 3393 845 3452 in
875 3392 1062 3472 hypocrisim

138 3485 264 3557 propter
286 3496 371 3540 suam
395 3480 530 3559 speciem
552 3484 583 3538 et
609 3477 868 3558 singularitatem,
897 3475 979 3535 unde
1007 3495 1064 3536 na·

139 3561 233 3620 scitur
254 3561 396 3641 superbia
419 3567 449 3622 et
470 3566 667 3642 contemptus
689 3559 860 3623 communis
873 3558 1066 3621 christianae

196 3745 226 3812 s)
243 3746 272 3802 1.
290 3743 411 3800 Timoth.
431 3742 458 3803 4.
