2392 4170
386 263 439 321 Par
456 262 605 335 liagirtms
621 262 800 321 Parisianses.
916 258 930 283 “
1018 254 1059 325 57

392 464 397 473 .
490 426 689 516 discissio.

218 555 285 622 Nos
318 559 445 639 praeisti
480 559 624 622 Decanns
653 567 684 621 et
712 560 855 624 Facultas
888 562 1058 642 praemissa

135 643 214 707 baec
236 644 340 706 omnia
362 652 500 723 tempore
522 643 620 705 multo
643 646 909 716 examinavimus,
932 644 1057 727 etquid

135 727 174 790 de
196 726 242 788 hia
263 728 410 801 sentirent
432 727 631 789 ecclesiastici
650 728 813 811 Doctores,
836 728 947 809 quidve
969 749 1058 792 sacra
1090 734 1096 743 ’

105 886 108 891 Ι
135 811 284 887 Concilio,
302 810 512 891 quidinsuper
532 812 562 872 in
576 811 737 892 Scripturis
760 814 875 874 sanctis
888 819 1058 897 caveretur²

136 894 297 975 diligenter
320 894 545 956 annotavimus.
581 894 747 976 Postquod
766 916 897 958 examen
921 904 1058 958 nostrum

134 977 216 1060 apud
239 976 411 1040 Scrbonum
441 979 563 1057 saepius
586 979 829 1058 frequentatum,
851 982 882 1041 in
904 980 1058 1060 plerisque

135 1062 248 1124 nuruis
270 1081 325 1142 per
350 1063 552 1124 iuramentum
586 1063 704 1125 vocatis
733 1069 764 1125 el
791 1064 880 1125 iactis
903 1064 1057 1126 concioni·

133 1145 201 1216 bus,
224 1146 360 1207 unanimi
383 1146 518 1207 omnium
541 1152 614 1207 volo
636 1146 758 1209 fuerunt
780 1148 928 1228 conclusa
949 1168 986 1208 ac
1008 1147 1057 1209 dc-

134 1229 236 1305 dnita,
264 1248 301 1290 ac
324 1229 445 1291 demum
474 1228 702 1291 exabundanti
729 1231 760 1309 iu
789 1229 924 1312 generali
952 1237 1059 1293 nostra

135 1314 378 1394 congregatione
400 1312 480 1392 apud
504 1319 642 1374 sanctum
659 1302 848 1375 ‘blaturinum
879 1334 982 1375 rursus
1004 1334 1059 1395 per

134 1396 336 1458 iuramentum
369 1416 463 1476 snper
493 1396 540 1457 his
563 1396 738 1475 specialiter
759 1397 959 1474 denunciata,
981 1397 1060 1460 hacc

135 1476 244 1542 eadem
266 1485 338 1559 post
359 1480 482 1540 Missam
506 1499 592 1541 more
614 1486 720 1542 nostro
743 1482 927 1543 celebratam
948 1484 1057 1542 iterum

135 1563 282 1626 concordi
295 1564 431 1625 omnium
441 1559 568 1625 asserisu
577 1563 779 1641 laudavimus,
791 1564 1058 1645 comprobavimus

137 1666 175 1708 ac
204 1653 271 1709 rata
302 1646 480 1725 babuimus,
511 1646 688 1725 laudamus,
713 1648 951 1731 comprobamus
986 1647 1056 1721 etl)

135 1736 201 1792 rata
223 1730 381 1804 babemus,
404 1736 435 1792 et
456 1736 489 1791 nt
511 1731 585 1791 talia
599 1731 783 1793 inconcusse
799 1732 934 1795 tenenda
953 1740 1059 1797 nostra

136 1815 290 1875 sententia
313 1813 507 1887 defluimus2)
533 1821 563 1876 st
586 1813 788 1878 decernimus.

219 1896 301 1960 Acta
322 1898 447 1959 fuerunt
474 1898 553 1958 baec
581 1918 663 1959 anno
695 1900 735 1961 ab
765 1897 976 1966 incarnatione
997 1899 1059 1961 Do·

134 1981 208 2042 mini
231 1981 270 2042 M.
294 1979 333 2043 D.
355 1981 435 2043 XXI.
458 1981 508 2042 die
530 1978 601 2044 XV.
625 1982 749 2063 Aprilis,
771 1985 801 2044 in
825 2002 952 2063 quorum
976 1983 1059 2043 lesti-

136 2064 272 2125 monium
295 2065 333 2126 iis
345 2066 564 2143 instrumentis,
587 2083 665 2145 quac
686 2067 716 2127 in
733 2067 865 2128 archivis
889 2073 921 2128 st
941 2066 1058 2127 scriniis

134 2149 246 2209 nostris
280 2147 318 2208 ad
352 2155 531 2227 perpetuam
568 2149 610 2210 rei
642 2151 822 2212 memoriam
854 2169 1057 2230 reservamus,

133 2229 267 2312 sigillum
290 2239 429 2292 nostrum
451 2231 592 2293 duximus
616 2234 845 2315 apponendum,
867 2234 905 2295 ad
929 2253 1058 2314 quorum

133 2314 292 2394 exemplar
314 2314 352 2376 de
374 2314 520 2376 mandato
542 2321 648 2376 nostro
670 2323 850 2397 praesentes
871 2318 965 2379 fuisse
987 2315 1059 2383 flde-

133 2396 201 2458 litcr
221 2398 386 2477 impressas
409 2404 567 2460 testamur.

236 2480 401 2560 Nosqua⁸l
425 2481 578 2543 lohannes
599 2481 630 2542 le
652 2481 780 2545 Ooincte
801 2484 916 2545 Rector
929 2483 1059 2546 Univer-

133 2565 231 2625 sitatis
255 2564 415 2630 Parisieus.
438 2565 651 2626 mandavimus
663 2565 780 2627 lodoco
790 2566 886 2628 Badio
896 2568 1059 2646 Ascensio,

133 2645 257 2710 librario
279 2653 387 2709 nostro
400 2648 510 2726 iurato,
532 2649 562 2708 in
575 2646 686 2709 virtute
697 2648 768 2709 fidei
783 2649 872 2711 nobis
883 2651 1059 2729 praestitas,

134 2737 168 2791 ut
188 2730 269 2791 hauc
291 2729 500 2792 definitionem
528 2730 636 2792 sedulo
658 2733 828 2813 imprimat,
851 2732 1059 2814 prohibemus·

133 2832 194 2894 que
216 2815 326 2875 celeris
349 2814 502 2891 omnibus,
530 2821 593 2875 tam
614 2816 719 2876 iuratis
742 2835 834 2896 quam
858 2835 921 2877 non
944 2816 1059 2892 iuratis,

133 2896 190 2959 sub
212 2916 315 2976 poena
336 2898 494 2959 amittendi
518 2896 623 2978 oflicii,
646 2899 766 2976 siquod
790 2920 810 2961 a
829 2899 918 2961 nobis
934 2899 1059 2976 babent,

133 2986 164 3042 et
188 2979 244 3041 sub
266 2979 455 3061 praeiudicio
479 3000 635 3061 nunquam
652 2981 796 3057 habendi,
819 2984 845 3043 si
866 2982 982 3043 nullum
1005 2982 1059 3043 ha-

133 3063 217 3138 bent,
228 3069 405 3126 etsummae
415 3063 636 3144 indignationis
647 3064 871 3143 Universitatis,
882 3086 922 3143 ne
934 3065 1058 3128 biennio

133 3147 276 3227 proximo
303 3147 370 3208 siue
393 3155 498 3209 nostra
520 3149 684 3209 autoritate
704 3150 889 3229 imprimant,
911 3155 964 3210 aut
985 3148 1058 3210 alibi

133 3231 315 3308 impressam
356 3230 508 3310 vendant,
539 3231 682 3311 hancque
717 3232 890 3294 cautionem
926 3233 1058 3294 nominis
1133 3261 1136 3265 ⁴

132 3314 229 3374 nostri
252 3311 496 3393 subscriptione,
535 3313 617 3394 quod
641 3313 733 3395 sigilli
755 3316 851 3377 instar
871 3314 984 3377 babere
1005 3335 1058 3377 vo·

133 3395 244 3474 lumus,
268 3395 409 3457 duximus
433 3397 640 3459 muniendam.

205 3531 237 3601 1.)
258 3532 288 3585 n
315 3530 358 3587 ss.
391 3503 557 3587 aaa]
585 3531 618 3600 2)
645 3532 676 3586 n
702 3533 745 3587 aa.
776 3531 860 3603 osa:
899 3529 1058 3588 armamus.

133 3603 165 3667 3)
187 3602 264 3658 Haec
283 3618 355 3670 quae
374 3608 527 3689 sequuntur
546 3603 612 3657 inde
640 3619 683 3689 ²².
699 3604 838 3674 Nosque
856 3602 1056 3690 Iohannes..

132 3673 275 3800 illirll
290 3670 1059 3818 lillallll?llllllllllllaall'll‘lallli

133 3831 189 3888 pon
208 3817 346 3904 leguntur.
