<?xml version="1.0" encoding="UTF-8"?>
<!DOCTYPE html PUBLIC "-//W3C//DTD XHTML 1.0 Transitional//EN"
    "http://www.w3.org/TR/xhtml1/DTD/xhtml1-transitional.dtd">
<html xmlns="http://www.w3.org/1999/xhtml" xml:lang="en" lang="en">
 <head>
  <title>
</title>
<meta http-equiv="Content-Type" content="text/html;charset=utf-8" />
  <meta name='ocr-system' content='tesseract 3.04.00' />
  <meta name='ocr-capabilities' content='ocr_page ocr_carea ocr_par ocr_line ocrx_word'/>
</head>
<body>
  <div class='ocr_page' id='page_1' title='image "./dmartinilutheri03luthgoog_0791.png"; bbox 0 0 2392 4170; ppageno 0'>
   <div class='ocr_carea' id='block_1_1' title="bbox 181 262 805 339">
    <p class='ocr_par' dir='ltr' id='par_1_1' title="bbox 181 262 805 339">
     <span class='ocr_line' id='line_1_1' title="bbox 181 262 805 339; baseline -0.005 -15"><span class='ocrx_word' id='word_1_1' title='bbox 181 266 247 339; x_wconf 68' lang='lat'>248</span> <span class='ocrx_word' id='word_1_2' title='bbox 493 262 805 323; x_wconf 71' lang='lat' dir='ltr'>Dormismonastisis</span> 
     </span>
    </p>
   </div>
   <div class='ocr_carea' id='block_1_2' title="bbox 181 429 1109 851">
    <p class='ocr_par' dir='ltr' id='par_1_2' title="bbox 181 429 1109 851">
     <span class='ocr_line' id='line_1_2' title="bbox 185 429 1104 517; baseline -0.008 -21"><span class='ocrx_word' id='word_1_3' title='bbox 185 433 302 517; x_wconf 69' lang='lat' dir='ltr'>gelinm</span> <span class='ocrx_word' id='word_1_4' title='bbox 325 432 393 494; x_wconf 82' lang='lat' dir='ltr'>sine</span> <span class='ocrx_word' id='word_1_5' title='bbox 413 431 627 494; x_wconf 69' lang='lat' dir='ltr'>controversia</span> <span class='ocrx_word' id='word_1_6' title='bbox 652 440 685 492; x_wconf 90' lang='lat' dir='ltr'>et</span> <span class='ocrx_word' id='word_1_7' title='bbox 704 429 801 491; x_wconf 85' lang='lat' dir='ltr'>solius</span> <span class='ocrx_word' id='word_1_8' title='bbox 821 438 854 490; x_wconf 91' lang='lat' dir='ltr'>et</span> <span class='ocrx_word' id='word_1_9' title='bbox 873 430 968 490; x_wconf 87' lang='lat' dir='ltr'>totins</span> <span class='ocrx_word' id='word_1_10' title='bbox 982 429 1029 498; x_wconf 61' lang='lat' dir='ltr'>,sit</span> <span class='ocrx_word' id='word_1_11' title='bbox 1048 444 1104 510; x_wconf 73' lang='lat' dir='ltr'>pn</span> 
     </span>
     <span class='ocr_line' id='line_1_3' title="bbox 181 510 1106 600; baseline -0.008 -21"><span class='ocrx_word' id='word_1_12' title='bbox 181 517 247 600; x_wconf 84' lang='lat' dir='ltr'>pali</span> <span class='ocrx_word' id='word_1_13' title='bbox 269 514 442 578; x_wconf 79' lang='lat' dir='ltr'>Christiani</span> <span class='ocrx_word' id='word_1_14' title='bbox 484 512 597 578; x_wconf 87' lang='lat' dir='ltr'>Illnsus</span> <span class='ocrx_word' id='word_1_15' title='bbox 628 515 721 575; x_wconf 84' lang='lat' dir='ltr'>etiam</span> <span class='ocrx_word' id='word_1_16' title='bbox 743 519 807 591; x_wconf 89' lang='lat' dir='ltr'>est,</span> <span class='ocrx_word' id='word_1_17' title='bbox 830 510 902 573; x_wconf 87' lang='lat' dir='ltr'>dnm</span> <span class='ocrx_word' id='word_1_18' title='bbox 925 512 1045 591; x_wconf 75' lang='lat' dir='ltr'>docuit,</span> <span class='ocrx_word' id='word_1_19' title='bbox 1077 511 1106 572; x_wconf 86' lang='lat' dir='ltr'>si</span> 
     </span>
     <span class='ocr_line' id='line_1_4' title="bbox 183 594 1108 679; baseline -0.008 -17"><span class='ocrx_word' id='word_1_20' title='bbox 183 607 287 662; x_wconf 81' lang='lat' dir='ltr'>tamen</span> <span class='ocrx_word' id='word_1_21' title='bbox 309 599 425 676; x_wconf 70' lang='lat' dir='ltr'>(leonii,</span> <span class='ocrx_word' id='word_1_22' title='bbox 445 617 561 660; x_wconf 82' lang='lat' dir='ltr'>vovere</span> <span class='ocrx_word' id='word_1_23' title='bbox 575 596 678 659; x_wconf 88' lang='lat' dir='ltr'>denno</span> <span class='ocrx_word' id='word_1_24' title='bbox 699 596 742 674; x_wconf 86' lang='lat' dir='ltr'>id,</span> <span class='ocrx_word' id='word_1_25' title='bbox 762 594 846 678; x_wconf 89' lang='lat' dir='ltr'>qnod</span> <span class='ocrx_word' id='word_1_26' title='bbox 858 602 890 657; x_wconf 88' lang='lat' dir='ltr'>et</span> <span class='ocrx_word' id='word_1_27' title='bbox 910 598 970 679; x_wconf 88' lang='lat' dir='ltr'>ipsi</span> <span class='ocrx_word' id='word_1_28' title='bbox 991 604 1024 657; x_wconf 88' lang='lat' dir='ltr'>et</span> <span class='ocrx_word' id='word_1_29' title='bbox 1040 615 1108 657; x_wconf 89' lang='lat' dir='ltr'>orn·</span> 
     </span>
     <span class='ocr_line' id='line_1_5' title="bbox 183 681 1109 763; baseline -0.008 -17"><span class='ocrx_word' id='word_1_30' title='bbox 183 702 240 746; x_wconf 79' lang='lat' dir='ltr'>nes</span> <span class='ocrx_word' id='word_1_31' title='bbox 261 682 464 745; x_wconf 85' lang='lat' dir='ltr'>oommnniter</span> <span class='ocrx_word' id='word_1_32' title='bbox 500 683 532 742; x_wconf 91' lang='lat' dir='ltr'>in</span> <span class='ocrx_word' id='word_1_33' title='bbox 566 681 720 763; x_wconf 86' lang='lat' dir='ltr'>baptismo</span> <span class='ocrx_word' id='word_1_34' title='bbox 748 688 900 742; x_wconf 82' lang='lat' dir='ltr'>voverunt</span> <span class='ocrx_word' id='word_1_35' title='bbox 919 684 980 743; x_wconf 83' lang='lat' dir='ltr'>ism</span> <span class='ocrx_word' id='word_1_36' title='bbox 1003 686 1109 755; x_wconf 69' lang='lat' dir='ltr'>antea,</span> 
     </span>
     <span class='ocr_line' id='line_1_6' title="bbox 184 763 1108 851; baseline -0.002 -22"><span class='ocrx_word' id='word_1_37' title='bbox 184 786 297 851; x_wconf 84' lang='lat' dir='ltr'>nempe</span> <span class='ocrx_word' id='word_1_38' title='bbox 318 765 601 829; x_wconf 79' lang='lat' dir='ltr'>eommunissimnm</span> <span class='ocrx_word' id='word_1_39' title='bbox 631 764 706 827; x_wconf 84' lang='lat' dir='ltr'>illud</span> <span class='ocrx_word' id='word_1_40' title='bbox 733 766 869 826; x_wconf 87' lang='lat' dir='ltr'>omnium</span> <span class='ocrx_word' id='word_1_41' title='bbox 890 763 1108 844; x_wconf 73' lang='lat' dir='ltr'>Evangelinm.</span> 
     </span>
    </p>
   </div>
   <div class='ocr_carea' id='block_1_3' title="bbox 312 931 975 995">
    <p class='ocr_par' dir='ltr' id='par_1_3' title="bbox 312 931 975 995">
     <span class='ocr_line' id='line_1_7' title="bbox 312 931 975 995; baseline -0.005 0"><span class='ocrx_word' id='word_1_42' title='bbox 312 934 365 995; x_wconf 85' lang='lat' dir='ltr'>De</span> <span class='ocrx_word' id='word_1_43' title='bbox 386 931 650 994; x_wconf 73' lang='lat' dir='ltr'><strong>fundamentis</strong></span> <span class='ocrx_word' id='word_1_44' title='bbox 672 931 975 993; x_wconf 82' lang='lat' dir='ltr'>devotariornm.</span> 
     </span>
    </p>
   </div>
   <div class='ocr_carea' id='block_1_4' title="bbox 184 1085 1110 1257">
    <p class='ocr_par' dir='ltr' id='par_1_4' title="bbox 184 1085 1110 1257">
     <span class='ocr_line' id='line_1_8' title="bbox 268 1085 1108 1170; baseline -0.006 -19"><span class='ocrx_word' id='word_1_45' title='bbox 268 1085 331 1151; x_wconf 74' lang='lat' dir='ltr'>Sed</span> <span class='ocrx_word' id='word_1_46' title='bbox 352 1087 403 1151; x_wconf 81' lang='lat' dir='ltr'>lais</span> <span class='ocrx_word' id='word_1_47' title='bbox 421 1085 561 1148; x_wconf 85' lang='lat' dir='ltr'>insidant</span> <span class='ocrx_word' id='word_1_48' title='bbox 582 1086 643 1148; x_wconf 86' lang='lat' dir='ltr'>duo</span> <span class='ocrx_word' id='word_1_49' title='bbox 666 1106 773 1149; x_wconf 89' lang='lat' dir='ltr'>eornm</span> <span class='ocrx_word' id='word_1_50' title='bbox 788 1089 938 1170; x_wconf 86' lang='lat' dir='ltr'>prineipia</span> <span class='ocrx_word' id='word_1_51' title='bbox 956 1086 1029 1147; x_wconf 79' lang='lat' dir='ltr'>fidei</span> <span class='ocrx_word' id='word_1_52' title='bbox 1050 1104 1108 1147; x_wconf 84' lang='lat' dir='ltr'>sen</span> 
     </span>
     <span class='ocr_line' id='line_1_9' title="bbox 184 1168 1110 1257; baseline -0.005 -22"><span class='ocrx_word' id='word_1_53' title='bbox 184 1173 289 1257; x_wconf 87' lang='lat' dir='ltr'>potins</span> <span class='ocrx_word' id='word_1_54' title='bbox 298 1168 626 1253; x_wconf 62' lang='lat' dir='ltr'>pertinentiarum,</span> <span class='ocrx_word' id='word_1_55' title='bbox 648 1191 778 1253; x_wconf 87' lang='lat' dir='ltr'>qnorum</span> <span class='ocrx_word' id='word_1_56' title='bbox 791 1178 839 1234; x_wconf 86' lang='lat' dir='ltr'>est</span> <span class='ocrx_word' id='word_1_57' title='bbox 849 1175 991 1253; x_wconf 88' lang='lat' dir='ltr'>primam,</span> <span class='ocrx_word' id='word_1_58' title='bbox 1006 1170 1110 1231; x_wconf 73' lang='lat' dir='ltr'>Evan-</span> 
     </span>
    </p>
   </div>
   <div class='ocr_carea' id='block_1_5' title="bbox 180 1254 1116 3662">
    <p class='ocr_par' dir='ltr' id='par_1_5' title="bbox 184 1254 1109 1419">
     <span class='ocr_line' id='line_1_10' title="bbox 186 1254 1109 1355; baseline -0.004 -38"><span class='ocrx_word' id='word_1_59' title='bbox 186 1255 301 1355; x_wconf 61' lang='lat' dir='ltr'>gelinm</span> <span class='ocrx_word' id='word_1_60' title='bbox 334 1273 397 1316; x_wconf 88' lang='lat' dir='ltr'>non</span> <span class='ocrx_word' id='word_1_61' title='bbox 425 1273 495 1316; x_wconf 85' lang='lat' dir='ltr'>esse</span> <span class='ocrx_word' id='word_1_62' title='bbox 515 1255 658 1317; x_wconf 87' lang='lat' dir='ltr'>omnibns</span> <span class='ocrx_word' id='word_1_63' title='bbox 681 1274 862 1336; x_wconf 86' lang='lat' dir='ltr'>eommune,</span> <span class='ocrx_word' id='word_1_64' title='bbox 884 1254 938 1316; x_wconf 88' lang='lat' dir='ltr'>sed</span> <span class='ocrx_word' id='word_1_65' title='bbox 960 1255 1109 1335; x_wconf 83' lang='lat' dir='ltr'>partitum</span> 
     </span>
     <span class='ocr_line' id='line_1_11' title="bbox 184 1337 1109 1419; baseline -0.003 -18"><span class='ocrx_word' id='word_1_66' title='bbox 184 1358 217 1401; x_wconf 90' lang='grc' dir='ltr'>ιιι</span> <span class='ocrx_word' id='word_1_67' title='bbox 238 1338 378 1401; x_wconf 79' lang='lat' dir='ltr'>(tonsilia</span> <span class='ocrx_word' id='word_1_68' title='bbox 407 1346 439 1399; x_wconf 89' lang='lat' dir='ltr'>et</span> <span class='ocrx_word' id='word_1_69' title='bbox 461 1338 639 1419; x_wconf 72' lang='lat' dir='ltr'>Praecepta.</span> <span class='ocrx_word' id='word_1_70' title='bbox 681 1337 774 1401; x_wconf 78' lang='lat' dir='ltr'>fluam</span> <span class='ocrx_word' id='word_1_71' title='bbox 806 1358 881 1401; x_wconf 87' lang='lat' dir='ltr'>vero</span> <span class='ocrx_word' id='word_1_72' title='bbox 915 1338 1109 1400; x_wconf 86' lang='lat' dir='ltr'>monastioen</span> 
     </span>
    </p>

    <p class='ocr_par' dir='ltr' id='par_1_6' title="bbox 180 1421 1116 3331">
     <span class='ocr_line' id='line_1_12' title="bbox 241 1421 1109 1504; baseline -0.002 -22"><span class='ocrx_word' id='word_1_73' title='bbox 241 1423 273 1482; x_wconf 87' lang='lat' dir='ltr'>ni</span> <span class='ocrx_word' id='word_1_74' title='bbox 294 1421 433 1501; x_wconf 84' lang='lat' dir='ltr'>consilia,</span> <span class='ocrx_word' id='word_1_75' title='bbox 456 1441 519 1483; x_wconf 93' lang='lat' dir='ltr'>non</span> <span class='ocrx_word' id='word_1_76' title='bbox 541 1428 659 1482; x_wconf 81' lang='lat' dir='ltr'>tantum</span> <span class='ocrx_word' id='word_1_77' title='bbox 681 1429 865 1504; x_wconf 81' lang='lat' dir='ltr'>praesepta,</span> <span class='ocrx_word' id='word_1_78' title='bbox 887 1439 966 1503; x_wconf 84' lang='lat' dir='ltr'>qnae</span> <span class='ocrx_word' id='word_1_79' title='bbox 986 1421 1109 1500; x_wconf 87' lang='lat' dir='ltr'>reliqno</span> 
     </span>
     <span class='ocr_line' id='line_1_13' title="bbox 184 1504 1112 1587; baseline -0.001 -22"><span class='ocrx_word' id='word_1_80' title='bbox 184 1524 279 1587; x_wconf 72' lang='lat' dir='ltr'>engo</span> <span class='ocrx_word' id='word_1_81' title='bbox 310 1506 472 1587; x_wconf 84' lang='lat' dir='ltr'>proposita</span> <span class='ocrx_word' id='word_1_82' title='bbox 511 1512 591 1568; x_wconf 86' lang='lat' dir='ltr'>sunt.</span> <span class='ocrx_word' id='word_1_83' title='bbox 633 1504 692 1566; x_wconf 84' lang='lat' dir='ltr'>Hie</span> <span class='ocrx_word' id='word_1_84' title='bbox 722 1525 798 1567; x_wconf 84' lang='lat' dir='ltr'>vero</span> <span class='ocrx_word' id='word_1_85' title='bbox 830 1526 893 1568; x_wconf 93' lang='lat' dir='ltr'>non</span> <span class='ocrx_word' id='word_1_86' title='bbox 923 1525 985 1566; x_wconf 89' lang='lat' dir='ltr'>uno</span> <span class='ocrx_word' id='word_1_87' title='bbox 1007 1522 1112 1583; x_wconf 83' lang='lat' dir='ltr'>neque</span> 
     </span>
     <span class='ocr_line' id='line_1_14' title="bbox 185 1585 1113 1755; baseline -0.001 -23"><span class='ocrx_word' id='word_1_88' title='bbox 185 1585 1113 1755; x_wconf 55' lang='lat' dir='ltr'>tt‘ttm&#39;t&#39;inllgllttlitttlttttltlltz</span> 
     </span>
     <span class='ocr_line' id='line_1_15' title="bbox 186 1753 1110 1837; baseline -0.001 -22"><span class='ocrx_word' id='word_1_89' title='bbox 186 1754 387 1836; x_wconf 73' lang='lat' dir='ltr'>Evangelinm</span> <span class='ocrx_word' id='word_1_90' title='bbox 413 1753 503 1832; x_wconf 79' lang='lat' dir='ltr'>(dum</span> <span class='ocrx_word' id='word_1_91' title='bbox 525 1762 692 1837; x_wconf 76' lang='lat' dir='ltr'>praecepta</span> <span class='ocrx_word' id='word_1_92' title='bbox 714 1763 744 1816; x_wconf 89' lang='lat' dir='ltr'>et</span> <span class='ocrx_word' id='word_1_93' title='bbox 764 1758 893 1819; x_wconf 87' lang='lat' dir='ltr'>oonsilis</span> <span class='ocrx_word' id='word_1_94' title='bbox 915 1776 956 1817; x_wconf 86' lang='lat' dir='ltr'>ex</span> <span class='ocrx_word' id='word_1_95' title='bbox 975 1756 1047 1836; x_wconf 90' lang='lat' dir='ltr'>ipso</span> <span class='ocrx_word' id='word_1_96' title='bbox 1066 1754 1110 1815; x_wconf 80' lang='lat' dir='ltr'>la·</span> 
     </span>
     <span class='ocr_line' id='line_1_16' title="bbox 186 1836 1111 1920; baseline -0.001 -22"><span class='ocrx_word' id='word_1_97' title='bbox 186 1836 299 1916; x_wconf 75' lang='lat' dir='ltr'>aiant),</span> <span class='ocrx_word' id='word_1_98' title='bbox 329 1838 413 1918; x_wconf 88' lang='lat' dir='ltr'>quod</span> <span class='ocrx_word' id='word_1_99' title='bbox 437 1844 483 1899; x_wconf 85' lang='lat' dir='ltr'>eet</span> <span class='ocrx_word' id='word_1_100' title='bbox 505 1857 609 1900; x_wconf 89' lang='lat' dir='ltr'>merae</span> <span class='ocrx_word' id='word_1_101' title='bbox 630 1841 850 1920; x_wconf 72' lang='lat' dir='ltr'>promissiones</span> <span class='ocrx_word' id='word_1_102' title='bbox 872 1841 945 1913; x_wconf 78' lang='lat' dir='ltr'>Dei,</span> <span class='ocrx_word' id='word_1_103' title='bbox 969 1836 1111 1898; x_wconf 81' lang='lat' dir='ltr'>exhibita</span> 
     </span>
     <span class='ocr_line' id='line_1_17' title="bbox 185 1919 1113 2003; baseline -0.003 -20"><span class='ocrx_word' id='word_1_104' title='bbox 185 1919 338 1983; x_wconf 79' lang='lat' dir='ltr'>beneficia</span> <span class='ocrx_word' id='word_1_105' title='bbox 357 1920 533 1982; x_wconf 84' lang='lat' dir='ltr'>bominibus</span> <span class='ocrx_word' id='word_1_106' title='bbox 554 1923 793 2003; x_wconf 74' lang='lat' dir='ltr'>annunciantes,</span> <span class='ocrx_word' id='word_1_107' title='bbox 827 1926 907 1985; x_wconf 87' lang='lat' dir='ltr'>inter</span> <span class='ocrx_word' id='word_1_108' title='bbox 936 1941 1016 2001; x_wconf 88' lang='lat' dir='ltr'>qnae</span> <span class='ocrx_word' id='word_1_109' title='bbox 1038 1928 1113 1981; x_wconf 87' lang='lat' dir='ltr'>sant</span> 
     </span>
     <span class='ocr_line' id='line_1_18' title="bbox 185 2003 1111 2087; baseline -0.004 -20"><span class='ocrx_word' id='word_1_110' title='bbox 185 2011 217 2067; x_wconf 86' lang='lat' dir='ltr'>et</span> <span class='ocrx_word' id='word_1_111' title='bbox 236 2003 463 2065; x_wconf 74' lang='lat' dir='ltr'>declarationes</span> <span class='ocrx_word' id='word_1_112' title='bbox 483 2003 557 2065; x_wconf 88' lang='lat' dir='ltr'>illae</span> <span class='ocrx_word' id='word_1_113' title='bbox 580 2005 795 2067; x_wconf 84' lang='lat' dir='ltr'>mandatorum</span> <span class='ocrx_word' id='word_1_114' title='bbox 818 2007 890 2087; x_wconf 86' lang='lat' dir='ltr'>Dei,</span> <span class='ocrx_word' id='word_1_115' title='bbox 913 2012 945 2066; x_wconf 88' lang='lat' dir='ltr'>et</span> <span class='ocrx_word' id='word_1_116' title='bbox 965 2003 1111 2066; x_wconf 80' lang='lat' dir='ltr'>exhorta·</span> 
     </span>
     <span class='ocr_line' id='line_1_19' title="bbox 185 2085 1111 2167; baseline -0.002 -19"><span class='ocrx_word' id='word_1_117' title='bbox 185 2089 286 2148; x_wconf 83' lang='lat' dir='ltr'>tiones</span> <span class='ocrx_word' id='word_1_118' title='bbox 307 2085 347 2148; x_wconf 88' lang='lat' dir='ltr'>ad</span> <span class='ocrx_word' id='word_1_119' title='bbox 369 2086 477 2148; x_wconf 86' lang='lat' dir='ltr'>eadem</span> <span class='ocrx_word' id='word_1_120' title='bbox 500 2088 662 2167; x_wconf 86' lang='lat' dir='ltr'>servanda,</span> <span class='ocrx_word' id='word_1_121' title='bbox 685 2088 791 2152; x_wconf 83' lang='lat' dir='ltr'>llattlr.</span> <span class='ocrx_word' id='word_1_122' title='bbox 802 2089 832 2156; x_wconf 83' lang='grc'>5.</span> <span class='ocrx_word' id='word_1_123' title='bbox 846 2093 875 2156; x_wconf 87' lang='grc'>6.</span> <span class='ocrx_word' id='word_1_124' title='bbox 898 2092 968 2152; x_wconf 73' lang='lat' dir='ltr'>etl.</span> <span class='ocrx_word' id='word_1_125' title='bbox 990 2107 1011 2148; x_wconf 91' lang='lat' dir='ltr'>a</span> <span class='ocrx_word' id='word_1_126' title='bbox 1024 2087 1111 2148; x_wconf 78' lang='lat' dir='ltr'>Olari-</span> 
     </span>
     <span class='ocr_line' id='line_1_20' title="bbox 180 2168 1112 2253; baseline -0.001 -22"><span class='ocrx_word' id='word_1_127' title='bbox 180 2174 235 2231; x_wconf 82' lang='lat' dir='ltr'>sto</span> <span class='ocrx_word' id='word_1_128' title='bbox 256 2170 367 2235; x_wconf 76' lang='lat' dir='ltr'>saetae.</span> <span class='ocrx_word' id='word_1_129' title='bbox 411 2168 491 2246; x_wconf 80' lang='lat' dir='ltr'>Quid</span> <span class='ocrx_word' id='word_1_130' title='bbox 523 2169 627 2232; x_wconf 86' lang='lat' dir='ltr'>dioent</span> <span class='ocrx_word' id='word_1_131' title='bbox 655 2172 694 2233; x_wconf 88' lang='lat' dir='ltr'>sd</span> <span class='ocrx_word' id='word_1_132' title='bbox 717 2173 886 2253; x_wconf 81' lang='lat' dir='ltr'>Christum,</span> <span class='ocrx_word' id='word_1_133' title='bbox 919 2173 1014 2232; x_wconf 79' lang='lat' dir='ltr'>Mare.</span> <span class='ocrx_word' id='word_1_134' title='bbox 1037 2169 1112 2234; x_wconf 76' lang='lat' dir='ltr'>alt:</span> 
     </span>
     <span class='ocr_line' id='line_1_21' title="bbox 186 2253 1112 2337; baseline 0 -23"><span class='ocrx_word' id='word_1_135' title='bbox 186 2253 303 2314; x_wconf 75' lang='lat' dir='ltr'>Enntes</span> <span class='ocrx_word' id='word_1_136' title='bbox 323 2253 355 2313; x_wconf 93' lang='lat' dir='ltr'>in</span> <span class='ocrx_word' id='word_1_137' title='bbox 379 2253 525 2314; x_wconf 88' lang='lat' dir='ltr'>mundum</span> <span class='ocrx_word' id='word_1_138' title='bbox 548 2256 740 2335; x_wconf 83' lang='lat' dir='ltr'>universum,</span> <span class='ocrx_word' id='word_1_139' title='bbox 768 2256 945 2337; x_wconf 78' lang='lat' dir='ltr'>praedicate</span> <span class='ocrx_word' id='word_1_140' title='bbox 966 2255 1112 2335; x_wconf 79' lang='lat' dir='ltr'>Evange</span> 
     </span>
     <span class='ocr_line' id='line_1_22' title="bbox 186 2336 1112 2418; baseline 0.002 -22"><span class='ocrx_word' id='word_1_141' title='bbox 186 2336 260 2396; x_wconf 89' lang='lat' dir='ltr'>lium</span> <span class='ocrx_word' id='word_1_142' title='bbox 283 2336 366 2398; x_wconf 90' lang='lat' dir='ltr'>omni</span> <span class='ocrx_word' id='word_1_143' title='bbox 402 2337 583 2398; x_wconf 80' lang='lat' dir='ltr'>creaturae?</span> <span class='ocrx_word' id='word_1_144' title='bbox 625 2339 673 2398; x_wconf 86' lang='lat' dir='ltr'>An</span> <span class='ocrx_word' id='word_1_145' title='bbox 696 2338 746 2399; x_wconf 86' lang='lat' dir='ltr'>hio</span> <span class='ocrx_word' id='word_1_146' title='bbox 767 2339 899 2418; x_wconf 85' lang='lat' dir='ltr'>lingent,</span> <span class='ocrx_word' id='word_1_147' title='bbox 935 2337 1112 2398; x_wconf 87' lang='lat' dir='ltr'>aliudesse</span> 
     </span>
     <span class='ocr_line' id='line_1_23' title="bbox 187 2418 1112 2500; baseline 0.001 -20"><span class='ocrx_word' id='word_1_148' title='bbox 187 2419 375 2500; x_wconf 83' lang='lat' dir='ltr'>praedioare‚</span> <span class='ocrx_word' id='word_1_149' title='bbox 397 2426 429 2479; x_wconf 87' lang='lat' dir='ltr'>et</span> <span class='ocrx_word' id='word_1_150' title='bbox 449 2419 532 2480; x_wconf 91' lang='lat' dir='ltr'>aliud</span> <span class='ocrx_word' id='word_1_151' title='bbox 553 2418 660 2483; x_wconf 89' lang='lat' dir='ltr'>iubere</span> <span class='ocrx_word' id='word_1_152' title='bbox 681 2423 825 2483; x_wconf 84' lang='lat' dir='ltr'>servare?</span> <span class='ocrx_word' id='word_1_153' title='bbox 866 2420 1112 2500; x_wconf 84' lang='lat' dir='ltr'>Curpraedioari</span> 
     </span>
     <span class='ocr_line' id='line_1_24' title="bbox 186 2501 1113 2584; baseline 0 -21"><span class='ocrx_word' id='word_1_154' title='bbox 186 2501 313 2563; x_wconf 87' lang='lat' dir='ltr'>mandat</span> <span class='ocrx_word' id='word_1_155' title='bbox 333 2504 390 2564; x_wconf 87' lang='lat' dir='ltr'>toti</span> <span class='ocrx_word' id='word_1_156' title='bbox 413 2502 480 2562; x_wconf 90' lang='lat' dir='ltr'>orbi</span> <span class='ocrx_word' id='word_1_157' title='bbox 502 2508 533 2563; x_wconf 88' lang='lat' dir='ltr'>et</span> <span class='ocrx_word' id='word_1_158' title='bbox 555 2505 639 2564; x_wconf 91' lang='lat' dir='ltr'>omni</span> <span class='ocrx_word' id='word_1_159' title='bbox 663 2512 836 2583; x_wconf 76' lang='lat' dir='ltr'>creaturae,</span> <span class='ocrx_word' id='word_1_160' title='bbox 857 2505 939 2584; x_wconf 87' lang='lat' dir='ltr'>qnod</span> <span class='ocrx_word' id='word_1_161' title='bbox 962 2523 981 2563; x_wconf 88' lang='lat' dir='ltr'>a</span> <span class='ocrx_word' id='word_1_162' title='bbox 1001 2505 1113 2584; x_wconf 80' lang='lat' dir='ltr'>pausis</span> 
     </span>
     <span class='ocr_line' id='line_1_25' title="bbox 185 2584 1113 2732; baseline -0.002 -2"><span class='ocrx_word' id='word_1_163' title='bbox 185 2605 227 2730; x_wconf 62' lang='lat'>{1¹</span> <span class='ocrx_word' id='word_1_164' title='bbox 228 2584 442 2730; x_wconf 52' lang='grc' dir='ltr'><strong>ῑέἒιῗῖιῗῗιῖ</strong></span> <span class='ocrx_word' id='word_1_165' title='bbox 464 2585 553 2729; x_wconf 56' lang='grc' dir='ltr'>ιῗῖῖ</span> <span class='ocrx_word' id='word_1_166' title='bbox 576 2587 1019 2732; x_wconf 63' lang='lat' dir='ltr'>till¹¹⁰tll⁰ti3mlttt</span> <span class='ocrx_word' id='word_1_167' title='bbox 1041 2605 1113 2729; x_wconf 66' lang='lat'>⁸235</span> 
     </span>
     <span class='ocr_line' id='line_1_26' title="bbox 187 2688 1113 2916; baseline -0.001 -21"><span class='ocrx_word' id='word_1_168' title='bbox 187 2688 898 2916; x_wconf 57' lang='lat' dir='ltr'>:illimeliensis</span> <span class='ocrx_word' id='word_1_169' title='bbox 926 2689 1113 2912; x_wconf 73' lang='lat' dir='ltr'>mlo</span> 
     </span>
     <span class='ocr_line' id='line_1_27' title="bbox 188 2883 1113 3000; baseline -0.001 -21"><span class='ocrx_word' id='word_1_170' title='bbox 188 2925 328 3000; x_wconf 83' lang='lat' dir='ltr'>opertum</span> <span class='ocrx_word' id='word_1_171' title='bbox 351 2928 398 2978; x_wconf 88' lang='lat' dir='ltr'>est</span> <span class='ocrx_word' id='word_1_172' title='bbox 420 2917 622 2998; x_wconf 79' lang='lat' dir='ltr'>Evangelium</span> <span class='ocrx_word' id='word_1_173' title='bbox 647 2920 773 3000; x_wconf 81' lang='lat' dir='ltr'>Christi,</span> <span class='ocrx_word' id='word_1_174' title='bbox 810 2919 882 2980; x_wconf 89' lang='lat' dir='ltr'>nihil</span> <span class='ocrx_word' id='word_1_175' title='bbox 898 2883 1004 2998; x_wconf 72' lang='lat' dir='ltr'>’magis</span> <span class='ocrx_word' id='word_1_176' title='bbox 1028 2937 1113 2978; x_wconf 88' lang='lat' dir='ltr'>eom-</span> 
     </span>
     <span class='ocr_line' id='line_1_28' title="bbox 187 3000 1112 3082; baseline 0 -21"><span class='ocrx_word' id='word_1_177' title='bbox 187 3021 289 3077; x_wconf 80' lang='lat' dir='ltr'>mune,</span> <span class='ocrx_word' id='word_1_178' title='bbox 310 3002 410 3082; x_wconf 82' lang='lat' dir='ltr'>magis</span> <span class='ocrx_word' id='word_1_179' title='bbox 432 3003 652 3080; x_wconf 76' lang='lat' dir='ltr'>necessarium,</span> <span class='ocrx_word' id='word_1_180' title='bbox 673 3022 764 3082; x_wconf 84' lang='lat' dir='ltr'>qnam</span> <span class='ocrx_word' id='word_1_181' title='bbox 779 3002 983 3082; x_wconf 77' lang='lat' dir='ltr'>Evangelinm</span> <span class='ocrx_word' id='word_1_182' title='bbox 1006 3000 1112 3069; x_wconf 72' lang='lat' dir='ltr'>ille*l</span> 
     </span>
     <span class='ocr_line' id='line_1_29' title="bbox 188 3083 1116 3165; baseline 0 -21"><span class='ocrx_word' id='word_1_183' title='bbox 188 3083 279 3161; x_wconf 82' lang='lat' dir='ltr'>dooet</span> <span class='ocrx_word' id='word_1_184' title='bbox 311 3084 374 3146; x_wconf 81' lang='lat' dir='ltr'>iere</span> <span class='ocrx_word' id='word_1_185' title='bbox 405 3083 525 3164; x_wconf 87' lang='lat' dir='ltr'>abique.</span> <span class='ocrx_word' id='word_1_186' title='bbox 590 3083 651 3146; x_wconf 80' lang='lat' dir='ltr'>sed</span> <span class='ocrx_word' id='word_1_187' title='bbox 679 3087 758 3146; x_wconf 87' lang='lat' dir='ltr'>siout</span> <span class='ocrx_word' id='word_1_188' title='bbox 780 3087 939 3165; x_wconf 83' lang='lat' dir='ltr'>ignorant,</span> <span class='ocrx_word' id='word_1_189' title='bbox 972 3083 1044 3162; x_wconf 85' lang='lat' dir='ltr'>quid</span> <span class='ocrx_word' id='word_1_190' title='bbox 1073 3086 1116 3144; x_wconf 88' lang='lat' dir='ltr'>sit</span> 
     </span>
     <span class='ocr_line' id='line_1_30' title="bbox 187 3165 1114 3249; baseline -0.001 -22"><span class='ocrx_word' id='word_1_191' title='bbox 187 3167 400 3248; x_wconf 77' lang='lat' dir='ltr'>Evangelium,</span> <span class='ocrx_word' id='word_1_192' title='bbox 424 3166 495 3227; x_wconf 89' lang='lat' dir='ltr'>dum</span> <span class='ocrx_word' id='word_1_193' title='bbox 519 3168 619 3247; x_wconf 88' lang='lat' dir='ltr'>legem</span> <span class='ocrx_word' id='word_1_194' title='bbox 641 3187 680 3229; x_wconf 88' lang='lat' dir='ltr'>ex</span> <span class='ocrx_word' id='word_1_195' title='bbox 693 3171 762 3249; x_wconf 92' lang='lat' dir='ltr'>ipso</span> <span class='ocrx_word' id='word_1_196' title='bbox 775 3169 899 3246; x_wconf 76' lang='lat' dir='ltr'>laniunt,</span> <span class='ocrx_word' id='word_1_197' title='bbox 921 3169 963 3227; x_wconf 89' lang='lat' dir='ltr'>ita</span> <span class='ocrx_word' id='word_1_198' title='bbox 986 3165 1043 3226; x_wconf 90' lang='lat' dir='ltr'>has</span> <span class='ocrx_word' id='word_1_199' title='bbox 1059 3186 1114 3226; x_wconf 85' lang='lat' dir='ltr'>vo-</span> 
     </span>
     <span class='ocr_line' id='line_1_31' title="bbox 189 3249 733 3331; baseline 0.013 -23"><span class='ocrx_word' id='word_1_200' title='bbox 189 3267 241 3309; x_wconf 86' lang='lat' dir='ltr'>ees</span> <span class='ocrx_word' id='word_1_201' title='bbox 258 3249 342 3311; x_wconf 88' lang='lat' dir='ltr'>Pauli</span> <span class='ocrx_word' id='word_1_202' title='bbox 365 3269 491 3331; x_wconf 89' lang='lat' dir='ltr'>prorsus</span> <span class='ocrx_word' id='word_1_203' title='bbox 513 3269 576 3311; x_wconf 92' lang='lat' dir='ltr'>non</span> <span class='ocrx_word' id='word_1_204' title='bbox 599 3252 733 3331; x_wconf 79' lang='lat' dir='ltr'>capiunt.</span> 
     </span>
    </p>

    <p class='ocr_par' dir='ltr' id='par_1_7' title="bbox 188 3332 1115 3662">
     <span class='ocr_line' id='line_1_32' title="bbox 271 3332 1114 3416; baseline -0.001 -23"><span class='ocrx_word' id='word_1_205' title='bbox 271 3332 502 3394; x_wconf 86' lang='lat' dir='ltr'>Desoendsmus</span> <span class='ocrx_word' id='word_1_206' title='bbox 531 3334 636 3412; x_wconf 87' lang='lat' dir='ltr'>itaque</span> <span class='ocrx_word' id='word_1_207' title='bbox 663 3335 704 3396; x_wconf 89' lang='lat' dir='ltr'>ad</span> <span class='ocrx_word' id='word_1_208' title='bbox 726 3335 810 3416; x_wconf 87' lang='lat' dir='ltr'>ipsos</span> <span class='ocrx_word' id='word_1_209' title='bbox 841 3335 871 3393; x_wconf 93' lang='lat' dir='ltr'>in</span> <span class='ocrx_word' id='word_1_210' title='bbox 895 3333 996 3393; x_wconf 89' lang='lat' dir='ltr'>looum</span> <span class='ocrx_word' id='word_1_211' title='bbox 1020 3333 1114 3392; x_wconf 86' lang='lat' dir='ltr'>istum</span> 
     </span>
     <span class='ocr_line' id='line_1_33' title="bbox 189 3413 1114 3497; baseline 0 -22"><span class='ocrx_word' id='word_1_212' title='bbox 189 3414 403 3492; x_wconf 87' lang='lat' dir='ltr'>tenebrosum,</span> <span class='ocrx_word' id='word_1_213' title='bbox 433 3421 464 3475; x_wconf 91' lang='lat' dir='ltr'>et</span> <span class='ocrx_word' id='word_1_214' title='bbox 485 3435 554 3477; x_wconf 88' lang='lat' dir='ltr'>oum</span> <span class='ocrx_word' id='word_1_215' title='bbox 587 3414 686 3495; x_wconf 81' lang='lat' dir='ltr'>balbis</span> <span class='ocrx_word' id='word_1_216' title='bbox 707 3419 738 3479; x_wconf 90' lang='lat' dir='ltr'>in</span> <span class='ocrx_word' id='word_1_217' title='bbox 761 3416 932 3497; x_wconf 82' lang='lat' dir='ltr'>Evangelio</span> <span class='ocrx_word' id='word_1_218' title='bbox 957 3413 1114 3475; x_wconf 84' lang='lat' dir='ltr'>balbutia·</span> 
     </span>
     <span class='ocr_line' id='line_1_34' title="bbox 188 3497 1113 3579; baseline -0.004 -19"><span class='ocrx_word' id='word_1_219' title='bbox 188 3518 272 3575; x_wconf 89' lang='lat' dir='ltr'>mus,</span> <span class='ocrx_word' id='word_1_220' title='bbox 304 3497 497 3578; x_wconf 85' lang='lat' dir='ltr'>appellantes</span> <span class='ocrx_word' id='word_1_221' title='bbox 528 3499 666 3560; x_wconf 80' lang='lat' dir='ltr'>Consilia</span> <span class='ocrx_word' id='word_1_222' title='bbox 696 3507 728 3561; x_wconf 88' lang='lat' dir='ltr'>et</span> <span class='ocrx_word' id='word_1_223' title='bbox 759 3501 943 3579; x_wconf 80' lang='lat' dir='ltr'>Praecepta,</span> <span class='ocrx_word' id='word_1_224' title='bbox 979 3517 1061 3577; x_wconf 84' lang='lat' dir='ltr'>qnae</span> <span class='ocrx_word' id='word_1_225' title='bbox 1081 3499 1113 3558; x_wconf 89' lang='lat' dir='ltr'>in</span> 
     </span>
     <span class='ocr_line' id='line_1_35' title="bbox 188 3579 1115 3662; baseline 0 -20"><span class='ocrx_word' id='word_1_226' title='bbox 188 3579 360 3662; x_wconf 78' lang='lat' dir='ltr'>Evangelio</span> <span class='ocrx_word' id='word_1_227' title='bbox 394 3588 465 3642; x_wconf 89' lang='lat' dir='ltr'>sunt</span> <span class='ocrx_word' id='word_1_228' title='bbox 498 3582 740 3645; x_wconf 88' lang='lat' dir='ltr'>exhortationes.</span> <span class='ocrx_word' id='word_1_229' title='bbox 782 3583 886 3644; x_wconf 84' lang='lat' dir='ltr'>Moses</span> <span class='ocrx_word' id='word_1_230' title='bbox 915 3583 996 3642; x_wconf 86' lang='lat' dir='ltr'>enim</span> <span class='ocrx_word' id='word_1_231' title='bbox 1018 3581 1115 3643; x_wconf 86' lang='lat' dir='ltr'>habet</span> 
     </span>
    </p>
   </div>
   <div class='ocr_carea' id='block_1_6' title="bbox 260 3767 465 3843">
    <p class='ocr_par' dir='ltr' id='par_1_8' title="bbox 260 3767 465 3843">
     <span class='ocr_line' id='line_1_36' title="bbox 260 3767 465 3843; baseline 0.005 -20"><span class='ocrx_word' id='word_1_232' title='bbox 260 3768 292 3843; x_wconf 76' lang='lat'>⁴¹)</span> <span class='ocrx_word' id='word_1_233' title='bbox 313 3768 338 3829; x_wconf 80' lang='lat'>2.</span> <span class='ocrx_word' id='word_1_234' title='bbox 357 3767 421 3829; x_wconf 82' lang='lat' dir='ltr'>cor.</span> <span class='ocrx_word' id='word_1_235' title='bbox 439 3768 465 3828; x_wconf 78' lang='lat'>4.</span> 
     </span>
    </p>
   </div>
   <div class='ocr_carea' id='block_1_7' title="bbox 0 0 1205 4170">
    <p class='ocr_par' dir='ltr' id='par_1_9' title="bbox 0 0 1205 4170">
     <span class='ocr_line' id='line_1_37' title="bbox 0 0 1205 4170; baseline 0 0"><span class='ocrx_word' id='word_1_236' title='bbox 0 0 1205 4170; x_wconf 95' lang='lat' dir='ltr'> </span> 
     </span>
    </p>
   </div>
  </div>
 </body>
</html>
