2392 4170
128 239 193 311 478
421 244 582 303 &minito
599 245 769 301 uorans

132 398 305 462 dueemnt?
324 399 414 463 Nuus
435 420 505 463 sum
527 399 587 463 lusi
610 406 642 462 et
657 400 718 463 disi
730 400 872 463 resistere
884 402 1051 478 neqoenr,

132 492 244 629 ppppnt
270 483 368 545 nabes
400 484 443 545 itii
464 483 635 560 obdueero,
667 494 697 546 et
720 486 750 545 in
773 481 876 545 medio
896 481 947 543 dis
967 488 1051 543 tone·

225 585 346 647 oreore,
379 576 412 629 ut
446 576 607 649 psooatnnr
643 569 684 629 sit
712 587 773 629 non
805 572 986 646 pensatum,
1019 569 1052 623 nt

132 648 245 710 Paulus
278 652 421 712 mentitus
456 649 604 714 videatur.
648 650 739 727 Quod
769 653 794 711 si
829 649 921 710 etiam
943 646 1052 707 Paos·

133 749 190 813 pro
211 734 287 814 ipsis
315 752 427 795 sonare
449 733 627 809 rideantur,
660 753 722 795 non
744 740 847 795 taurim
870 733 916 792 eis
938 728 1052 811 adhae-

133 814 260 877 rendum
282 824 340 893 est,
361 818 415 879 sed
438 819 537 897 arogis
552 817 659 896 Panto,
682 818 802 878 etiamsi
817 833 890 875 vera
910 812 1054 889 dixerint,

132 898 205 979 qnia
227 898 387 961 obssurius
407 906 440 962 et
458 901 657 981 impotentius
678 920 770 980 quam
790 897 902 960 Paulas
925 897 1053 975 loqaan

134 989 191 1042 tnr.
213 981 351 1045 Olariora
371 982 539 1046 suniPsnii
556 983 661 1060 verbs,
682 1003 775 1063 quam
789 981 925 1042 utuilias
947 978 1054 1059 gtoaaa

133 1063 310 1145 indigeant,
341 1067 404 1127 irno
437 1066 544 1144 glossa
575 1068 673 1147 magis
695 1066 907 1127 obscurantur.
951 1060 1054 1138 Quen

133 1165 243 1228 qnam,
269 1156 301 1209 nt
322 1150 402 1224 dixi,
424 1150 528 1211 Patres
551 1159 652 1211 tamen
675 1156 706 1209 et
728 1150 796 1228 ipsi'
809 1149 870 1209 hoo
890 1151 1053 1226 peooatutn

134 1237 167 1292 st
187 1231 291 1291 vitium
314 1231 618 1312 rosantaliquando,
640 1242 704 1293 tum
726 1232 850 1311 saepius
872 1229 1054 1309 depeooato

134 1321 283 1395 regnante
303 1315 477 1396 loquuntur.

217 1394 321 1471 Quare
339 1397 490 1479 Sophistis
523 1401 636 1459 nostris
664 1417 720 1478 per
742 1398 864 1459 Patrum
893 1395 978 1455 diots
1006 1412 1055 1453 sne

134 1480 385 1565 oppugnantibus
407 1483 452 1544 sio
475 1482 619 1542 dixerimz
653 1481 720 1543 Vos
752 1500 807 1560 per
829 1480 962 1541 obseura
984 1494 1053 1557 pro-

135 1562 215 1625 batis
237 1564 426 1640 clarissima,
458 1574 489 1625 et
520 1583 578 1645 per
610 1564 744 1625 hnmana
771 1563 908 1626 tractatis
940 1560 1053 1622 diviua.

135 1644 238 1722 Quare
261 1666 330 1708 sans
352 1648 413 1708 hoo
433 1649 525 1709 etiarn
549 1653 650 1709 vester
662 1647 845 1709 Aristoteles
856 1642 1056 1726 prohibuerit,

77 1770 83 1782 ·
136 1748 176 1791 ns
196 1731 303 1811 ignota
324 1750 380 1810 per
399 1733 524 1812 ignota,
555 1729 689 1792 obseura
710 1750 765 1811 per
787 1729 935 1803 obseura,
958 1725 1056 1787 multo

136 1814 235 1893 ansgis
256 1833 296 1875 ue
317 1814 479 1875 manifesta
492 1831 548 1893 per
563 1812 696 1874 obseura
704 1812 881 1895 probentur,
903 1807 1056 1871 oonoiado

128 1913 193 1957 cos
213 1896 335 1975 ineptos
359 1897 584 1978 disputatores,
618 1899 669 1976 qni
692 1916 752 1957 nou
792 1897 849 1956 nisi
872 1902 939 1955 toto
963 1909 1057 1972 opere

135 1986 168 2041 et
200 1981 285 2040 omui
323 1986 463 2059 ternpore
497 1979 679 2058 prinsipiurn
716 1979 912 2039 vitiosissime
943 1976 1055 2054 petitis.

137 2060 264 2122 flamma
300 2061 510 2141 responsionis
541 2060 735 2122 Lutherauae
778 2068 810 2122 et
840 2058 1057 2121 confutationis

137 2142 337 2204 latomiuuoe
360 2152 407 2203 est
429 2144 520 2205 bueo:
544 2142 747 2224 Sipeooatum
770 2146 800 2204 in
823 2144 899 2204 loeis
914 2142 1056 2222 Apostoli

138 2225 224 2286 Pauli
246 2227 347 2287 sitatis
370 2226 492 2306 probari
516 2233 639 2306 potest,
669 2247 730 2288 non
755 2246 823 2286 esse
846 2247 917 2286 vere
939 2232 970 2284 et
992 2244 1057 2305 pro·

138 2309 203 2387 pria
225 2317 398 2388 peooetum,
420 2309 655 2387 suitLutherus3
677 2312 700 2369 si
725 2330 785 2370 non
802 2316 904 2389 potest
927 2309 1058 2387 probari,

137 2391 197 2451 ruit
217 2391 373 2454 Latomus.
398 2393 440 2453 As
461 2391 584 2472 probari
608 2411 669 2453 nou
686 2400 798 2472 potest,
820 2394 877 2452 nisi
901 2413 954 2470 pei·
969 2411 1058 2472 quse·

139 2473 209 2535 dsm
233 2474 355 2536 Patrurn
380 2474 477 2551 dista,
499 2473 556 2534 sibi
579 2475 671 2535 etiam
695 2477 912 2555 pugnantium,
936 2477 1060 2556 insuper

139 2555 289 2632 humans,
319 2560 343 2618 si
367 2578 429 2618 non
453 2566 625 2638 pugnarent
646 2559 756 2631 etism,
785 2555 893 2637 quibus
916 2560 1059 2638 praeferri

140 2638 253 2701 debent
274 2640 392 2715 divine,
424 2642 490 2701 sine
511 2659 640 2720 quorum
664 2642 828 2701 autoritate
850 2639 923 2699 nihil
946 2650 994 2701 est
1017 2661 1060 2701 as·

85 2764 88 2770 -
140 2724 318 2799 serendum,
350 2743 444 2802 quare
475 2726 535 2784 ruit
563 2722 708 2784 Latonius
739 2734 767 2784 et
795 2725 899 2782 omnia
928 2743 1000 2801 sua,
1033 2735 1060 2782 et

139 2813 200 2867 stat
221 2806 369 2867 Lutherus
390 2825 458 2867 oum
482 2805 624 2867 omnibus
648 2810 720 2869 suis.

226 2890 291 2969 Ego
314 2898 416 2950 tumen
433 2888 656 2951 taudotatomi
679 2890 770 2951 tidem
794 2896 823 2948 et
846 2891 1061 2961 constantiam,

141 2972 193 3049 qui
222 2986 383 3052 postquam
417 2972 510 3034 semet
544 2974 713 3051 susceperit
746 2984 847 3050 partes
876 2972 1061 3052 sophistioae

141 3056 328 3134 pertinaoise
350 3058 442 3132 tueri,
477 3055 550 3115 nihii
573 3058 758 3132 committat,
781 3055 863 3135 quod
886 3057 1011 3135 ingenio
1033 3068 1063 3114 et

141 3138 309 3279 pertinenia
324 3138 536 3218 Sophistsrum
559 3140 598 3198 sit
620 3138 788 3219 iudignum,
810 3137 864 3198 sed
877 3141 982 3199 omnia
1005 3150 1062 3198 tra·

163 3228 211 3295 nt,
235 3221 399 3300 depravet,
422 3229 579 3300 torqueat,
601 3232 708 3301 nogat,
737 3240 938 3301 quaeeunque
962 3223 1064 3281 divina

143 3311 174 3361 et
212 3302 345 3365 humana
385 3312 492 3364 eontra
522 3322 556 3362 ss
588 3302 718 3376 faciunt,
753 3323 938 3384 quoeunque
972 3305 1062 3366 votet.

144 3382 230 3445 Siout
251 3388 330 3448 enirn
354 3387 494 3466 superius
519 3386 664 3461 vidimus,
687 3387 737 3448 ubi
760 3397 806 3447 tot
827 3386 1003 3468 Soripturae
1024 3398 1063 3448 te·

143 3469 287 3529 stimonia
310 3469 457 3550 probent,
488 3469 664 3530 mandatum
687 3470 743 3530 Dei
773 3490 841 3531 esse
874 3471 1064 3550 impossibiie

144 3549 244 3631 nobis,
268 3562 298 3612 ut
321 3552 393 3612 nihii
408 3553 656 3631 sitmaniiestius,
680 3559 781 3613 tomen
804 3555 882 3613 siout
896 3555 1019 3635 aspides
1029 3552 1064 3636 *)

147 3675 470 3795 ····1>‘t;ti.·rtj”·
522 3685 543 3692 ”
