2392 4170
312 243 410 301 astol.
429 248 457 300 ct
475 240 555 301 sacri.
590 236 718 297 Sorbona
736 231 868 294 damnati.
1011 227 1051 301 91

447 416 574 477 Prima
595 412 740 496 regula.

218 549 375 648 Scriptura
396 572 504 629 sancta
525 566 572 629 esi
594 540 733 628 obscura.

216 650 302 714 Haec
323 651 430 732 regula
459 656 518 713 est·
538 649 741 732 supponenda
770 654 914 727 tanquam
944 640 1054 727 prinoi-

103 814 105 818 .
133 735 216 816 pium
238 734 319 813 fidei,
341 729 412 796 ide'o
435 753 497 796 ncn
521 734 613 796 debet
634 733 767 816 probari.

248 917 255 926 '
334 976 371 1004 Ι,
422 914 767 997 Secundsregul'a.

215 1058 296 1168 Nuiii
335 1068 520 1132 credendum
560 1074 608 1130 est
647 1066 834 1147 &cripturam
874 1052 1056 1145 simpliciter
1181 1060 1184 1065 ’

132 1151 365 1301 allegpppm
398 1257 438 1298 ex
465 1237 563 1316 prima
591 1233 718 1316 regula,
752 1232 824 1313 quia
854 1230 953 1294 omnis
986 1229 1054 1290 talis

132 1318 271 1403 allegans
293 1319 409 1405 allegat
430 1319 659 1397 obscuritatem,
681 1335 766 1398 ergo.

362 1481 366 1487 ’
437 1502 576 1563 Tertia
596 1484 744 1583 regula.

218 1652 373 1734 Scriptura
397 1652 489 1714 debet
510 1653 609 1734 accipi
638 1652 806 1715 secundum
829 1646 1055 1731 expositionem

134 1720 349 1818 magistrorum
386 1756 493 1798 sacrae
531 1737 724 1818 theologiae,
763 1733 942 1817 praesertim
974 1732 1055 1793 Pari-

131 1839 288 1882 srsnsrum.

215 1921 301 1982 Haec
323 1927 407 2000 patet
428 1940 468 1981 ex
484 1920 659 2001 praedictis,
681 1922 753 2000 quia
773 1926 844 1980 sunt
866 1919 1056 1995 ordinati‚.ut

62 2056 64 2067 .
132 2003 268 2066 iudicent
289 2005 369 2065 inter
386 2004 500 2084 lepram
512 2011 544 2065 et
554 2005 681 2085 lepram,
705 2004 842 2066 secundo
858 2004 930 2083 quia
942 2002 1057 2065 habent

133 2087 329 2168 Liripipium‚
367 2107 441 2166 ergo
476 2095 545 2148 sunt
581 2089 743 2149 illuminati
770 2089 801 2149 in
829 2085 906 2166 fide,
935 2093 965 2147 st
992 2105 1054 2147 non

107 2187 111 2193 ·
133 2177 264 2251 possunt
285 2190 396 2246 errare,
419 2178 565 2250 utsupra
588 2178 635 2232 est
654 2171 827 2251 probatum.
903 2221 905 2225 .

216 2254 279 2316 Sed
299 2255 370 2334 quia
391 2255 469 2314 istae
486 2254 611 2333 regulae
624 2255 765 2316 videntur
779 2274 891 2335 novae,
914 2255 1055 2315 volumus

93 2352 96 2357 ’
132 2356 186 2397 eas
224 2338 373 2417 exemplis
413 2336 585 2397 ostendere.
641 2337 772 2412 Quando
808 2337 946 2399 Christus
984 2337 1056 2398 dicit
1089 2361 1091 2367 ·

132 2419 238 2482 lohan.
262 2421 297 2485 8:
327 2419 385 2495 Qui
412 2419 485 2480 facit
506 2425 685 2499 peccatum,
715 2439 822 2481 servus
855 2427 903 2481 est
924 2422 1054 2501 peccati,

131 2501 252 2564 videtur
264 2502 386 2584 quidem
405 2508 529 2581 apertus
548 2522 616 2563 esse
629 2503 815 2581 intellectus,
826 2502 909 2582 quod
925 2504 1054 2565 liberum

131 2584 289 2647 arbitrium
318 2605 380 2646 non
412 2587 510 2665 possit
535 2586 592 2645 nisi
614 2605 764 2668 peccare,
795 2586 849 2647 aad
873 2606 935 2647 non
958 2586 1055 2648 estsi

132 2667 335 2745 credendum,
358 2666 468 2749 quial)
492 2668 640 2731 obscurus
661 2675 716 2750 est,
739 2676 770 2730 et
793 2668 898 2731 audire
920 2674 1055 2750 oportet,

132 2751 204 2832 quid
218 2752 356 2832 Magistri
368 2751 409 2813 ibi
424 2751 537 2817 dicant.
571 2749 622 2813 Sic
636 2751 760 2833 quando
775 2752 886 2815 Paulus
902 2753 992 2818 Rom.
1006 2753 1054 2816 14.

132 2834 224 2905 dicit:
246 2835 347 2896 Omne
369 2832 453 2917 quod
474 2833 578 2912 non2)
602 2842 649 2895 est
671 2836 794 2917 exflds,
816 2836 977 2917 peccatum
997 2841 1055 2916 est,

131 2917 251 2980 videtur
272 2924 378 2999 aperte
400 2918 512 2979 Paulus
535 2937 631 2997 opera
651 2919 780 2981 moralia
802 2918 958 2998 damnare,
982 2919 1054 2981 ideo

131 3000 344 3084 exspectanda
365 3007 414 3063 est
428 3000 644 3062 determinatio
668 3001 768 3065 almae
782 3004 957 3066 Facultatis.
984 2999 1053 3065 Imo

132 3083 214 3162 quod
238 3085 307 3164 pius
330 3091 386 3161 est,
408 3083 459 3145 ills
480 3084 568 3145 locus
581 3084 678 3151 Gens.
704 3090 737 3149 1:
758 3086 793 3148 In
808 3087 959 3168 principio
972 3106 1054 3148 crea-

130 3168 175 3226 vit
206 3167 288 3228 Deus
325 3168 446 3228 coelum
476 3173 506 3229 st
535 3173 665 3242 terram,
698 3173 745 3230 est
771 3171 815 3230 ite
836 3170 1000 3248 obscurus,
1023 3175 1056 3229 ut

131 3249 245 3310 multos
269 3251 368 3327 possit
388 3268 506 3312 errores
519 3270 677 3330 generare,
700 3252 725 3311 si
737 3252 886 3332 Magistri
899 3253 1055 3335 iiripipiati
1147 3313 1149 3317 ,

130 3352 194 3394 non
218 3339 330 3396 essent.
359 3334 468 3395 Posset
491 3334 571 3394 enim
585 3334 695 3415 aliquis
719 3336 764 3396 sic
776 3335 894 3416 lagare:
917 3335 954 3413 In
971 3332 1055 3417 prin-

130 3416 212 3497 cipio
242 3417 399 3496 cremavit,
421 3416 452 3477 id
475 3418 536 3497 est,
559 3416 737 3497 combussit,
759 3418 846 3480 Deus
874 3419 995 3481 coelum
1023 3424 1054 3481 ct

131 3506 253 3566 terram.
285 3501 361 3563 Item
383 3505 491 3582 posset
512 3500 621 3581 aliquis
644 3502 689 3576 sic
704 3501 823 3583 legera:
844 3501 880 3564 In
903 3502 1052 3583 principio

130 3585 246 3646 creavit
263 3585 348 3647 Deus
369 3582 468 3646 zelum
490 3589 520 3645 et
541 3585 627 3666 iram,
650 3605 705 3666 per
720 3585 819 3648 zelum
841 3585 987 3647 invidiam
1008 3587 1052 3646 in·

131 3718 204 3727 nm-..
215 3719 234 3723 ,-

231 3765 264 3834 1)
284 3767 315 3821 ln
333 3767 377 3823 sd.
396 3765 479 3838 origa
498 3767 558 3824 scd.
595 3769 628 3837 2)
649 3745 753 3823 Ibidem
772 3767 864 3829 docnt:
883 3782 947 3828 nou·
997 3774 1031 3812 ·'
