2392 4170
376 277 461 334 lllssa
477 275 588 349 privata
604 275 638 332 D.
657 273 691 331 ll.
710 272 741 331 L.
838 303 840 307 ·
960 264 1021 338 185

104 461 166 504 vax
186 440 241 504 ills
262 447 293 504 et
313 441 477 524 spiritualis
499 441 639 518 hamma,
667 439 779 520 scripta
800 433 1021 520 perspiritum

103 523 243 588 sanctum
266 527 296 587 in
320 525 473 606 cordibus,
497 545 575 606 qnae
597 526 658 586 hoa
678 522 756 602 vult',
778 523 860 604 iacit,
881 524 945 584 imo
964 527 1021 602 est,

106 609 189 691 qnod
211 610 290 674 Masi
313 610 364 671 lex
387 609 481 672 verbo
512 609 638 670 mandat
666 614 696 669 et
723 608 829 688 exigit.
877 607 925 668 De
962 623 1023 685 qua

105 692 179 757 dicit
201 693 334 758 Hieram.
358 695 412 760 31:
436 694 525 756 D'abo
546 693 647 773 legem
670 711 770 753 meam
793 692 824 751 in
855 690 1022 752 visceribus

105 796 210 839 eornm
235 783 266 838 et
292 780 323 838 in
357 774 453 839 corda
486 798 590 839 eornm
626 775 849 856 superscribam
873 781 930 837 eto.
983 773 1024 853 Ei

105 862 218 923 Paulus
239 863 268 924 2.
291 860 426 924 Corinth.
450 863 484 925 3:
507 861 648 942 Epistola
671 859 782 921 Christi
814 860 902 935 estis,
935 858 1022 920 mini·

105 950 202 1006 strata
222 963 241 1004 a
262 944 351 1006 nobis
375 950 405 1005 et
427 946 550 1025 scripta,
572 964 635 1005 non
658 947 847 1021 atramento,
876 941 930 1003 sed
962 945 1022 1021 spi·

105 1031 163 1090 ritu
186 1029 245 1090 Dei
273 1029 343 1108 vivi,
365 1047 425 1088 non
450 1030 480 1089 in
504 1029 615 1088 tabulis
637 1027 778 1107 lapideis,
806 1027 860 1086 sed
884 1028 914 1086 in
937 1026 1023 1087 labu-

105 1113 144 1173 lis
169 1112 270 1173 cordis
285 1112 467 1174 carnalibus.
491 1112 564 1173 Inde
579 1113 678 1190 legem
693 1109 764 1171 fidei
778 1116 872 1172 vocat
883 1111 973 1172 Rom.
993 1111 1022 1175 4.

105 1202 137 1258 et
164 1196 264 1277 legem
288 1197 411 1276 spiritus
444 1197 525 1256 vitae
552 1196 642 1256 Rom.
667 1197 701 1270 ὃς
736 1198 767 1256 et
795 1194 1024 1274 praedicatores

106 1278 177 1341 fidei
200 1280 355 1340 ministros
377 1281 511 1358 spiritus,
535 1281 562 1342 2.
587 1278 723 1340 Corinth.
748 1278 778 1352 4,
800 1280 872 1356 quia
896 1277 934 1338 ad
958 1297 1023 1338 ver-

106 1362 178 1423 bum
202 1362 515 1440 Christiviriiicnm³
549 1360 630 1442 quod
659 1361 852 1442 praedicant,
885 1362 1022 1440 sequitur

106 1446 245 1527 spiritus,
268 1448 319 1526 qui
342 1446 446 1508 scribit
474 1448 546 1527 igne
569 1446 652 1507 vitali
685 1447 714 1506 in
749 1444 890 1505 cordibus
922 1445 1022 1525 legem

106 1530 183 1606 Dei,
206 1536 239 1590 ut
259 1530 350 1591 Aeto.
377 1533 424 1594 10.
456 1531 486 1591 in
516 1529 660 1591 Cornelio
695 1534 797 1610 patet,
832 1534 863 1589 et
896 1527 1025 1592 Gall:

105 1613 155 1674 Ex
177 1613 321 1693 operibus
341 1632 383 1672 sn
407 1633 446 1674 ex
469 1614 573 1674 auditu
590 1613 660 1673 fidei
684 1613 821 1692 spiritum
840 1611 1025 1691 accepistis?
1109 1633 1110 1636 ¹

107 1693 183 1758 Inde
212 1697 414 1778 Evangelium
447 1702 574 1757 vocatur
597 1696 724 1758 verbum
752 1697 836 1756 vitae
863 1693 971 1762 Iohan.
994 1698 1023 1780 6.

189 1777 237 1842 Ita
260 1785 290 1841 et
311 1780 492 1841 sacrificium
516 1782 580 1840 eius
604 1782 706 1840 vivum
729 1785 785 1854 est,
809 1798 920 1859 corpus
936 1800 1023 1841 suurn
1091 1847 1095 1852 ,

105 1864 136 1923 in
160 1881 250 1924 cruce
272 1864 368 1923 semel
392 1864 539 1940 oblatum,
562 1870 592 1924 et
613 1869 719 1924 nostra
741 1882 872 1943 corpora
889 1863 1025 1943 quotidie

106 1946 210 2008 oblata
231 1948 262 2007 iu
297 1948 429 2008 hostiam
460 1953 614 2025 sanctam,
636 1948 804 2025 viventem,
841 1946 1025 2009 rationabile

105 2027 287 2109 obsequium
299 2029 347 2109 *).
391 2031 493 2110 Opera
516 2051 588 2092 vero
619 2051 672 2091 sen
701 2031 835 2091 institiae
857 2037 928 2091 sunt
948 2031 1026 2092 fruc·

104 2121 152 2188 tus
174 2113 217 2174 illi
240 2115 377 2195 spiritus,
400 2115 468 2179 Gal.
493 2120 526 2182 δε
561 2114 667 2191 Fides,
696 2121 869 2193 spontanea
899 2115 1023 2175 castitas

104 2202 136 2257 at
158 2197 281 2277 mititas‚
315 2199 444 2258 servitus
466 2199 563 2260 libera
584 2218 658 2279 erga
678 2199 870 2279 proximum,
884 2205 1024 2278 peccata

104 2299 178 2341 vero
200 2280 411 2361 incredulitas,
434 2282 544 2362 libido,
566 2283 625 2359 ira,
648 2281 839 2362 hypocrisis,
869 2282 1022 2362 idolatria,

104 2363 200 2424 falsae
235 2364 399 2444 religiones
422 2370 494 2441 etc,
517 2384 596 2445 quaa
629 2384 691 2426 non
721 2367 847 2427 suntin
878 2367 1025 2445 speciem,

104 2444 158 2506 sed
181 2466 289 2508 revera
311 2466 351 2507 ex
373 2449 476 2509 animo
500 2448 583 2508 bona
605 2448 652 2508 vel
682 2448 778 2525 mala,
813 2449 930 2510 scilicet
962 2450 1024 2509 vivi

104 2529 216 2590 auctus
239 2536 269 2590 et
298 2531 369 2590 viva
396 2536 534 2611 peccata.
588 2531 654 2591 Lex
679 2532 785 2609 itaque
812 2531 923 2592 Christi
957 2551 1026 2613 pro·

103 2614 169 2693 prie
191 2632 252 2674 non
276 2620 324 2674 est
347 2614 469 2694 docere,
493 2613 546 2675 sed
568 2616 683 2695 vivere,
706 2633 767 2675 non
791 2614 935 2693 verbum,
971 2614 1025 2676 sed

103 2715 162 2771 res,
185 2715 248 2757 non
272 2698 402 2777 signum,
436 2697 490 2759 sed
523 2697 693 2777 plenitudo.
750 2697 885 2759 Verbum
923 2703 1024 2759 antem

103 2779 266 2859 Evangelii
288 2787 335 2841 est
356 2781 445 2842 huius
468 2782 559 2860 vitae,
586 2782 640 2859 rei,
662 2781 861 2861 plenitudinis
891 2782 1026 2842 ministe-

103 2863 179 2922 rium
203 2869 235 2923 et
255 2863 430 2924 vehiculum
452 2864 490 2924 ad
514 2884 568 2925 cor
588 2871 737 2928 nostrum.
775 2864 809 2926 ln
830 2864 892 2926 hoo
913 2864 1026 2944 glorio·

104 2945 328 3022 cambecium
354 2954 384 3006 et
410 2948 576 3009 iucundum
608 2949 813 3010 sacerdotium
840 2949 926 3009 irruit
957 2967 1026 3029 por·

104 3046 159 3089 cus
178 3029 230 3090 ille
254 3029 388 3092 Satanae
411 3032 513 3112 Papa,
545 3037 575 3092 et
597 3032 656 3092 hen
685 3033 827 3093 miseram
861 3032 1025 3093 ecclesiam

103 3111 191 3172 huius
214 3115 379 3194 temporis,
409 3115 575 3194 translato,
595 3115 727 3177 ¹abolito
750 3122 781 3176 et
804 3117 957 3177 exstincto
987 3134 1026 3177 eo
1112 3127 1114 3132 ’

104 3193 186 3254 aliud
209 3198 366 3276 proprium
389 3200 487 3280 erigit,
510 3219 550 3260 ex
573 3199 714 3260 omnibus
745 3198 926 3259 sacerdotiis
952 3217 1024 3279 gen·

103 3277 205 3376 ti'lib'us
237 3279 403 3341 conflatum
450 3302 506 3343 ceu
543 3283 695 3343 sentinam
731 3282 885 3361 quandam
921 3281 1026 3344 coniu-

103 3380 398 3525 Slssmdacmlprimum
434 3447 580 3508 discernit
617 3446 839 3509 sacerdotalem
877 3449 1024 3529 populum

103 3527 265 3588 christiin
288 3527 418 3589 clericos
441 3537 473 3591 et
493 3531 601 3606 laicos,
624 3530 754 3593 clericos
775 3532 849 3593 facit
876 3550 950 3593 suos
978 3550 1025 3593 sa·

101 3611 256 3688 cerdotes,
292 3630 420 3690 quorum
445 3633 478 3674 se
501 3615 671 3694 principem
694 3621 726 3675 et
758 3635 910 3677 summum
948 3635 1025 3676 con·

135 3786 140 3794 Ι
173 3797 205 3867 ⁴¹)
225 3797 306 3855 Rom.
328 3801 368 3863 12.
