2392 4170
466 239 551 301 Doct.
569 244 649 300 itant.
668 242 750 301 Luth.
1014 242 1074 308 441

236 409 284 471 De
310 408 449 470 doctrina
471 427 660 490 cognoscere
682 415 713 470 et
733 409 868 479 iudicare
891 410 1022 490 pertinet
1038 407 1077 470 ad

150 512 257 554 omues
284 499 323 552 *et
363 493 500 590 singulos
524 491 712 553 Christianos
749 501 780 554 et
801 495 842 554 ita
857 495 1009 574 pertinet
1044 499 1077 552 ut

150 577 313 637 anathema
336 578 391 652 sit,
420 577 471 656 qui
499 575 588 636 hoo
580 595 626 636 rus
649 595 710 636 nuo
733 577 797 657 pilo
816 577 947 638 laeserit.
991 575 1077 637 chri-

150 670 214 720 stus
237 661 316 734 enim
340 661 407 740 ipse
430 659 518 719 hoo'
512 678 557 718 rus
580 660 684 719 statuit
706 657 827 720 invictis
851 660 986 721 etvariis
1010 678 1077 719 sen-

150 744 262 824 tentiis,
286 743 392 804 Matth.
414 743 450 809 7:
495 741 654 803 Attendite
675 762 694 803 a
714 743 799 804 falsis
821 743 995 824 prophetis,
1024 744 1076 822 qui

151 829 277 887 veniunt
298 826 336 886 ad
360 845 416 887 vos
439 828 468 886 in
491 826 680 886 vestimentis
704 828 817 895 ovium
861 827 928 887 Hoc
950 826 1075 887 verbnm

150 919 232 971 certe
255 909 327 969 dicit
349 909 388 970 ad
411 909 557 990 populum
582 908 728 970 adversus
751 909 911 987 doctores,
941 917 972 970 et
993 928 1076 969 man-

150 994 202 1054 dat
224 995 284 1064 eis,
322 1000 354 1053 ut
386 993 463 1054 falsa
495 992 640 1072 dogmata
662 1013 766 1054 eornm
790 995 896 1055 vitent.
940 995 982 1054 At
1002 1011 1076 1071 qno-

150 1075 243 1137 modo
268 1077 364 1138 vitare
400 1082 544 1156 possunt,
579 1077 636 1135 uisi
669 1077 881 1155 cognoscant?
918 1075 1075 1156 quomodo

152 1179 352 1240 cognoscere,
375 1161 432 1220 nisi
446 1161 493 1219 ius
506 1158 641 1221 habeant
653 1159 828 1220 indicandi?
871 1160 959 1220 Nunc
974 1166 1076 1220 autem

150 1262 212 1303 non
235 1243 333 1303 solum
356 1245 412 1317 ins,
435 1242 488 1302 sed
512 1251 709 1323 praeceptum
731 1243 885 1304 iudicandi
907 1244 1022 1320 statuit,
1045 1249 1078 1303 nt

149 1326 227 1386 haec
257 1327 324 1386 sola
360 1327 506 1386 autoritas
542 1328 617 1386 satis
641 1345 710 1387 esse
731 1334 823 1406 queat
845 1326 1076 1387 adversarem-

150 1411 231 1470 nium
256 1409 457 1488 Pontificum,
488 1410 623 1470 omnium
646 1408 784 1491 Petrum,
809 1411 944 1471 omnium
968 1409 1076 1471 Conci-

150 1493 270 1570 liornm,
294 1495 429 1554 omnium
452 1492 632 1553 Scholarnm
655 1495 841 1567 sententias
866 1512 945 1572 quae
966 1494 1013 1553 ius
1034 1493 1077 1552 in·

149 1575 271 1637 dicandi
294 1584 325 1636 et
358 1575 541 1637 decernendi
572 1575 648 1636 solis
687 1577 842 1658 episcopis
875 1583 905 1637 et
933 1577 1077 1638 ministris

125 1661 323 1721 ‚tribuerunt
310 1661 403 1719 tet'
395 1660 489 1740 rmpie
509 1677 547 1719 ao
569 1659 719 1740 sacrilege
741 1660 873 1744 populo,
896 1660 927 1720 id
950 1667 1007 1739 est,
1030 1678 1077 1719 ec·

150 1743 263 1803 etesiae
277 1744 403 1823 reginae
421 1748 594 1822 rapuemnt
633 1742 701 1803 Stat-
713 1745 792 1804 enim
806 1743 943 1804 Christus
956 1744 1076 1804 dicens:

151 1825 308 1889 Attendite
332 1847 350 1886 a
371 1825 456 1885 falsis
479 1824 645 1905 prophetis

230 1909 309 1970 Huic
331 1908 524 1970 subscribunt
546 1908 642 1968 terme
664 1927 772 1969 omues
796 1910 930 1969 omnium
948 1908 1077 1991 prophe·

149 2003 246 2067 tarum
269 1993 419 2074 syllabae.
463 1991 543 2068 Quid
578 1993 658 2052 enim
681 1999 777 2073 agunt
800 1992 986 2073 prophetae,
1020 1993 1078 2052 nisi

149 2078 230 2157 qnod
253 2077 400 2157 populum
424 2081 566 2153 monent,
596 2094 635 2135 ne
656 2075 739 2136 falsis
769 2076 926 2156 prophetis
950 2075 1077 2137 credat?

150 2163 189 2220 At
213 2161 353 2239 quidest
376 2161 601 2237 hocmonere,
633 2161 690 2219 nisi
718 2159 872 2220 indicandi
903 2167 932 2220 et
963 2171 1077 2239 cogno·

150 2242 255 2301 scendi
277 2244 323 2301 ius
345 2263 441 2320 penes
463 2243 610 2323 poputum
635 2262 713 2318 esse,
738 2243 894 2304 declarare
917 2250 947 2304 et
969 2241 1098 2303 contin-7

151 2344 244 2404 mare,
266 2325 429 2404 ipsumque
451 2328 496 2384 sni
511 2327 613 2405 operis
636 2327 902 2388 commonefacere
920 2325 950 2405 ¹)
974 2334 1004 2386 et
1023 2345 1077 2386 ex·

150 2410 244 2470 citare
267 2407 414 2468 adversus
437 2426 544 2467 omnes
575 2410 710 2468 omnium
733 2428 856 2470 suorum
880 2410 1076 2471 sacerdotum

149 2499 180 2553 et
204 2493 364 2552 doctorum
390 2489 566 2550 doctrinas?

231 2574 334 2650 Quare
355 2574 405 2634 hic
427 2572 656 2649 concludimus,
680 2574 799 2653 quoties
822 2575 942 2650 Moses,
976 2574 1077 2654 lesus,
1116 2571 1117 2574 ’

150 2660 248 2720 David
282 2677 451 2737 omnesque
473 2656 642 2737 prophetae
663 2657 692 2716 iu
715 2659 808 2717 veteri
838 2658 907 2738 tege
929 2657 1076 2738 populum

150 2765 169 2804 a
190 2743 275 2802 falsis
298 2741 456 2823 prophetis
480 2746 594 2800 vocant
615 2746 646 2800 et
669 2749 804 2821 monent,
830 2742 921 2802 toties
935 2741 1078 2816 clamant,

149 2826 311 2903 mandant,
346 2824 546 2903 confirmant,
581 2824 716 2883 excitant
745 2824 791 2884 ius
814 2823 1023 2903 cognoscendi
1047 2831 1078 2886 et

147 2909 301 2971 iudicandi
324 2909 458 2969 omnium
483 2908 587 2967 omnia
609 2907 764 2986 dogmata.
807 2908 848 2969 At
869 2907 929 2967 hoo
950 2907 1076 2967 infinitis

149 2992 225 3053 iocis
247 2992 373 3052 faciunt.
416 2991 516 3051 Habet
548 2991 598 3049 hio
620 2989 770 3050 Henrieus
797 2997 902 3051 noster
924 2997 977 3050 aut
998 2989 1077 3050 nllus

148 3078 284 3155 impurus
306 3074 474 3150 Themista,
497 3073 601 3154 quod
594 3074 659 3134 rstis
671 3074 860 3153 ogganniunt?
902 3073 1013 3136 Nonne
1026 3074 1077 3133 ob-

148 3160 316 3219 struximus
338 3176 374 3218 os
397 3158 587 3237 loquentium
611 3155 739 3236 iniqua?

230 3242 404 3302 Redeamus
446 3240 484 3301 ad
517 3258 628 3300 novam
652 3240 762 3319 legem
807 3237 944 3300 Christus
967 3236 1076 3301 Iohan.

150 3329 189 3390 ιι]
150 3324 343 3387 idicens:
387 3325 469 3386 Oves
501 3343 589 3384 meae
611 3342 718 3384 vocem
741 3342 840 3383 meam
864 3322 1076 3400 audiuntve

148 3427 214 3468 cem
238 3427 311 3469 vero
334 3406 503 3468 alienorum
525 3425 587 3468 non
601 3407 739 3483 audiunt,
762 3405 815 3467 sed
839 3370 1049 3486 tugiuntair
1023 3426 1076 3470 ers.

146 3491 260 3553 Nonne
281 3491 417 3551 hicoves
430 3490 503 3551 tacit
524 3489 641 3551 indices
664 3499 694 3551 et
716 3491 763 3552 ius
776 3490 963 3570 cognitionis
978 3497 1076 3551 trans·

148 3577 207 3637 t'ert
227 3573 267 3635 ad
288 3572 466 3635 auditores?
507 3573 547 3634 Et
568 3571 701 3654 Paulus,
734 3592 802 3635 enm
827 3577 854 3640 1.
878 3573 1015 3638 Corinth.
1038 3573 1078 3640 14

223 3757 255 3829 1)
276 3759 308 3814 In
327 3757 372 3816 sd.
392 3755 477 3828 orig:
495 3752 681 3814 moustaoere.
