2392 4170
102 226 105 230 ’
226 224 383 307 Responsio
400 227 437 287 D.
455 228 490 287 u.
509 229 538 287 L.
557 227 594 287 ad
612 234 663 288 art.
682 227 852 287 wormatiae
870 227 962 285 damn.
1012 220 1054 294 25

166 418 169 422 ⁴
213 399 317 466 Luth.:
364 401 433 465 Non
468 403 611 467 damnavi
642 404 819 486 oppositam
859 402 1054 481 sententiam,

133 484 187 548 aad
211 486 370 549 articulum
393 486 463 549 fidei
486 507 554 550 esse
576 490 702 569 negavi,
731 507 800 550 cnm
830 485 1054 549 transsubstan-

134 569 220 631 tiatio
254 569 285 630 in
322 570 486 652 Scripturis
523 591 585 633 nou
617 573 807 653 inveniatur,
845 578 1054 632 verumtamen

133 670 246 734 corpus
268 660 299 714 et
320 655 502 736 sanguinem
524 656 635 718 Christi
656 655 698 717 ibi
717 675 787 718 esse
808 655 925 736 scripsi.

217 734 346 801 Collect.
395 738 457 800 Sub
488 739 584 802 altera
614 746 716 801 tamen
750 740 856 821 specie
891 757 952 799 uon
986 755 1056 800 esse

135 820 287 901 iutegmm
308 840 410 902 neque
431 822 599 902 legitimum
622 830 857 885 sacramentum.

214 903 300 977 Luth.
344 904 411 987 Hoc
433 906 498 966 dixi
520 905 558 967 de
580 906 758 987 speciebus,
780 925 842 967 non
865 904 903 966 de
924 923 958 965 re
980 922 1055 964 con·
1092 979 1094 982 Α

132 994 219 1048 tenta
248 987 279 1048 in
311 996 515 1054 sacramento.
568 991 648 1052 Nam
674 991 704 1050 in
735 1010 797 1052 una
824 990 928 1071 specie
957 993 1055 1049 totum

133 1069 285 1131 Christum
315 1073 412 1152 accipi
420 1120 429 1152 ,
464 1071 546 1156 dixi,
569 1073 622 1134 sed
651 1092 712 1135 non
735 1076 861 1154 plenum
884 1088 1056 1136 sacramen·

133 1161 208 1230 tum,
229 1152 260 1214 id
282 1161 338 1230 est,
362 1174 424 1216 non
447 1165 607 1238 utramque
629 1158 775 1238 speciem.
1035 1167 1037 1170 ’

216 1234 348 1301 Collect.
400 1239 516 1302 Omnes
551 1261 620 1301 esse
656 1241 782 1322 impios,
811 1240 862 1319 qui
900 1238 1056 1316 utriusque

132 1321 248 1402 speciei
268 1323 515 1385 communionem
538 1324 623 1385 laicis
646 1324 810 1405 denegant.

215 1403 302 1465 Luth.
346 1404 425 1481 Quia
447 1416 554 1469 contra
575 1408 796 1468 institutionem
819 1404 930 1467 Christi
952 1406 1057 1483 agunt,

133 1506 202 1548 cum
215 1485 362 1549 deberent
378 1498 604 1570 eucramentum
621 1492 778 1571 utriusque
799 1487 914 1570 speciei
927 1484 1055 1548 liberum

130 1572 316 1650 permittere.

215 1653 343 1716 Collect.
387 1656 580 1719 Manifestum
606 1663 641 1718 ¹et
668 1656 795 1737 impium
819 1673 887 1717 esee
911 1672 1057 1732 errorem,

132 1737 257 1798 missam
278 1757 335 1819 pro
358 1742 512 1820 peccatis,
542 1761 597 1820 pro
621 1738 902 1816 satisfactionibus,
928 1755 983 1818 pro
1007 1735 1057 1796 de·

131 1821 265 1899 functis,
292 1828 345 1882 aut
374 1821 606 1903 quibuscunque
639 1823 874 1886 necessitatibus
901 1821 982 1901 suis,
1005 1823 1059 1880 aut
1120 1872 1122 1877 .

132 1903 261 1965 aliorum
285 1904 395 1967 offerre
417 1926 470 1967 sen
495 1907 662 1989 applicare.
984 1935 986 1940 ·

213 1987 300 2053 Luth.
353 1988 422 2050 Hoc
454 1990 492 2050 de
524 1993 592 2070 ipsa
626 1992 736 2066 misac,
771 2007 825 2049 seu
862 1990 1057 2048 sacramento

132 2069 207 2151 dixi,
230 2070 353 2133 nonde
376 2073 516 2135 oratioue
536 2076 567 2135 iu
591 2076 693 2135 missa.
726 2074 875 2135 Rationes
897 2074 1005 2151 patent
1026 2069 1057 2128 in

131 2153 221 2233 libro,
244 2154 315 2234 quia
337 2163 561 2219 sacramentum
574 2164 683 2219 natura
704 2175 760 2217 sua
781 2174 838 2237 pro
861 2154 946 2216 nullo
960 2152 1056 2213 altero

132 2237 232 2317 accipi
254 2243 366 2317 potest,
390 2239 444 2300 sed
467 2247 583 2301 tantum
607 2260 663 2320 pro
686 2241 818 2320 seipso.
966 2312 969 2319 Ι

215 2320 342 2382 Oolleot.
382 2322 571 2403 Baptisatum
591 2326 682 2385 etiam
702 2323 857 2384 volentem
883 2340 945 2383 non
964 2338 1058 2400 posse

131 2401 262 2484 perdere
284 2403 414 2465 salutem
444 2426 530 2467 suam
554 2408 798 2486 quantiscunque
825 2405 976 2485 peccatis,
999 2402 1058 2464 nisi

131 2486 210 2546 nolit
232 2485 366 2552 eradere.

214 2568 301 2631 Luth.
345 2570 424 2646 Quia
445 2571 521 2633 fides
544 2572 623 2633 tollit
646 2572 750 2634 omnia
772 2575 910 2652 peecata,
933 2568 1058 2628 etfacit

131 2651 285 2713 volentem
308 2672 370 2714 non
389 2673 533 2735 peccare,
555 2656 645 2718 Rom.
667 2653 692 2720 I.

213 2735 342 2797 Ocllect.
385 2736 565 2800 Christianis
593 2739 668 2800 nihil
696 2736 758 2798 ullo
780 2735 846 2796 iure
881 2753 975 2814 posse
1001 2735 1058 2794 im·
1083 2776 1085 2778 -

131 2819 205 2899 poni
228 2817 346 2898 legum,
373 2821 439 2883 sive
461 2822 499 2883 ab
522 2822 664 2900 homine,
686 2823 752 2882 sive
780 2816 975 2898 clangetis,
999 2818 1058 2879 nisi

131 2909 279 2981 quantum
302 2903 423 2982 volunt3
445 2905 531 2967 liberi
556 2907 636 2966 enim
659 2923 763 2965 sumus
784 2900 824 2962 ab
847 2900 999 2962 omnibus.

215 2983 303 3047 Luth.
345 2986 415 3047 Hoc
445 3009 507 3050 nou
539 2989 577 3049 de
606 2987 746 3049 civilibus
769 2984 911 3066 legibus,
940 2983 993 3044 sed
1018 2982 1058 3043 de

132 3067 352 3129 ecclesiasticis
376 3069 449 3137 dixi,
492 3072 532 3133 Elt
553 3077 601 3132 est
621 3071 774 3134 sententia
796 3068 880 3130 Pauli
904 3068 972 3129 001.
995 3069 1024 3131 2.

152 3198 155 3203 ,
216 3151 344 3213 Oolleet.
394 3154 516 3216 Nullum
557 3154 715 3217 hominum
744 3152 858 3214 habere
890 3153 938 3212 ius
968 3151 1057 3212 unius

132 3233 272 3314 syllabae
296 3238 531 3299 constituendae
553 3259 646 3320 super
664 3237 868 3301 Christianum
891 3235 1059 3312 hominem,

131 3320 189 3378 nisi
218 3317 247 3377 id
277 3318 332 3380 liat
360 3319 496 3383 eiusdem
527 3340 694 3401 cousensu3
725 3317 871 3401 quidquid
902 3317 989 3379 aliter
1015 3315 1060 3394 tt,

131 3401 295 3482 tyrannico
318 3402 426 3482 epiritu
448 3404 492 3465 iit.

216 3483 303 3550 lruth.
340 3485 430 3549 Patet
451 3508 490 3549 ex
504 3487 613 3549 eodem
629 3487 725 3548 Paulo
737 3485 858 3550 Coloss.
871 3487 899 3549 2.
922 3482 1058 3545 dicente:

132 3566 254 3641 Videte,
279 3570 406 3647 nequis
430 3570 557 3632 seducat
578 3591 632 3651 per
654 3569 833 3632 traditiones
853 3568 1021 3631 hominum.

218 3650 347 3712 Oolleot
389 3654 510 3715 Nullam
534 3653 753 3735 rempublicam
783 3652 902 3736 legibus
931 3651 1061 3713 feliciter

132 3732 347 3805 administrari,
874 3778 876 3783 ⁴
966 3769 969 3773 <
1054 3764 1058 3769 -
