2392 4170
340 237 484 298 Ambrosii
503 239 613 297 Cathsr.
632 259 655 299 a.
678 239 754 301 1⁶21.
953 240 1014 307 321

90 393 165 454 dere
187 413 262 475 ergo
284 398 312 454 in
327 396 479 457 Christum
502 399 636 457 veritatis
660 399 709 457 via
731 403 786 457 est.
831 396 890 472 Qui
912 405 1014 458 auteur

90 477 362 557 blasphemantes?
387 481 489 558 utique
512 482 612 557 iidem,
636 482 685 560 qui
704 479 868 541 Dominum
891 487 1014 560 negant.

89 559 213 638 Nonne,
235 563 286 639 qui
308 569 416 623 autore
437 563 577 624 Romano
594 562 739 642 pontifice
762 582 818 623 sua
833 562 934 624 studia
956 564 1015 625 iac·

89 651 168 720 tant
190 662 262 704 suas
286 651 386 705 sectas
409 644 603 725 praedicant,
632 664 705 707 suos
728 643 858 707 Ordines
881 646 1015 722 laudant,

89 734 124 786 ut
142 733 276 800 sanctos,
299 736 414 804 rectos,
437 728 600 807 salutares,
622 729 765 789 auferunt
790 730 858 789 viae
880 730 1016 791 veritatis

91 827 181 869 suam
204 798 325 869 laudem
349 818 380 871 et
400 811 546 891 gloriam,
581 818 613 872 ut
641 811 773 872 tribuent
800 811 928 873 eandem
953 812 1014 872 suis

89 890 279 952 Ordinibus?
309 892 419 954 Nonne
450 895 495 953 sic
517 894 644 955 invaluit
671 894 723 954 illa
745 893 954 974 blasphemio?
984 904 1016 954 ut

88 973 176 1034 solus
211 973 325 1052 clerus,
364 978 542 1056 praesertim
573 976 723 1056 religiosi,
756 996 811 1057 pro
834 976 1014 1038 Christianis

89 1056 285 1117 habeantur?
317 1058 368 1118 alii
402 1078 475 1119 vero
508 1060 662 1120 seculares
685 1067 715 1120 et
737 1059 880 1120 mundani
910 1068 1015 1140 aperte

88 1140 184 1200 etiam
207 1141 417 1223 nominentur,
451 1161 508 1202 nec
539 1145 596 1202 nisi
620 1162 675 1222 pro
707 1143 799 1224 vulgo
824 1145 1014 1203 extrariam

89 1221 198 1283 salutis
221 1223 399 1284 habeantur.
443 1224 483 1285 llt
504 1226 556 1304 qui
583 1227 762 1306 religionem
789 1226 977 1305 ingreditur,
998 1246 1016 1286 e

90 1304 223 1385 mundo,
255 1308 399 1368 essculo
425 1309 469 1368 ire
495 1310 625 1369 iactatur
648 1315 678 1368 et
701 1307 849 1382 ereditur,
884 1308 1015 1387 denique

88 1407 270 1530 persupsum
295 1398 356 1466 est,
379 1390 532 1451 volentem
560 1392 671 1452 salvari
699 1390 879 1471 religionem
904 1390 1015 1451 debere

89 1490 120 1530 rn
145 1490 221 1532 rer.

122 1487 146 1552 g
175 1554 306 1615 Annon
336 1567 384 1615 est
409 1555 470 1616 hoc
500 1557 580 1616 viam
609 1557 745 1617 veritatis
777 1554 1014 1636 blasphemare?

89 1636 241 1716 Nonne¹)
280 1645 328 1697 est
358 1639 417 1698 hoc
449 1637 601 1699 Christum
634 1640 685 1699 hic
717 1649 747 1699 et
781 1638 843 1698 illic
874 1637 1014 1700 dooere?

89 1719 201 1781 Nonne
224 1721 274 1778 hic
285 1719 356 1780 fidei
379 1723 646 1783 viscontemnitur
668 1729 698 1782 et
720 1721 878 1801 deseritur,
901 1729 932 1782 et
949 1724 1014 1781 eius

88 1802 162 1862 loco
184 1809 269 1863 secta
291 1811 321 1862 et
343 1821 469 1883 operum
494 1805 669 1883 superstitio
692 1804 876 1884 suscipitur?
904 1804 1014 1868 Nonne

89 1884 141 1946 hic
163 1902 290 1946 necesse
312 1893 359 1946 est
387 1889 486 1966 perire
513 1887 655 1948 fiduciam
680 1889 709 1947 in
735 1887 873 1966 Christo,
901 1893 933 1948 et
960 1890 1014 1948 niti

89 1968 170 2028 velle
196 1969 226 2028 in
255 1968 420 2048 operibus?
453 1969 564 2031 Nonne
598 1971 674 2032 tales
709 1970 890 2050 hypocritae
917 1972 961 2029 sio
982 1971 1012 2030 iu

88 2051 166 2112 orbe
187 2051 303 2130 fulgent
334 2059 364 2113 et
386 2052 527 2114 honorati
549 2063 635 2132 sunt,
663 2062 695 2113 ut
716 2052 871 2132 simplices
901 2055 929 2112 in
954 2051 1014 2114 lide

88 2133 253 2195 Christiani
276 2154 354 2213 pene
376 2136 470 2197 lutum
483 2137 651 2216 platearum
670 2137 812 2217 praeillis
825 2135 1014 2197 hebeantur?

172 2216 233 2277 sed
255 2217 401 2298 amplius,
434 2220 459 2277 si
488 2220 555 2298 quis
589 2222 759 2299 insurgeret
791 2229 821 2279 et
852 2221 916 2280 vias
939 2221 1013 2281 istas

88 2300 247 2361 hominum
260 2301 419 2377 electitiss,
436 2322 501 2378 seu,
514 2312 545 2363 ut
554 2304 721 2384 Apostolus
737 2310 837 2379 vocat,
852 2303 972 2365 Coloss.
986 2306 1014 2365 ’2.

87 2375 380 2467 ἕθελοθρησκείας,
402 2386 503 2464 idest,
526 2385 699 2446 arbitrariae
716 2387 892 2466 religiones,
914 2405 1014 2465 repre·

88 2465 253 2545 henderet,
284 2467 468 2547 doceretque
503 2489 555 2530 eas
590 2489 658 2529 esse
693 2470 757 2530 vias
786 2469 1014 2544 scandalorum,

89 2557 121 2609 et
142 2548 182 2610 ad
198 2549 384 2629 perdendam
398 2550 500 2627 tidem,
523 2552 561 2611 ad
575 2551 787 2612 evacuandum
803 2551 1015 2631 Evengelium,

89 2631 129 2692 ad
160 2631 353 2710 seducendas
384 2637 501 2694 animas
531 2654 547 2694 a
580 2654 660 2714 papa
693 2633 882 2708 confirmari,
918 2644 948 2694 et
976 2635 1014 2695 ab

88 2716 163 2794 ipsis
185 2716 306 2792 iactari,
338 2737 406 2776 esse
437 2737 509 2777 vero
532 2717 629 2777 solam
660 2716 750 2777 fidem
773 2715 1014 2777 Christianorum

90 2799 211 2858 unicam
242 2798 348 2858 salutis
387 2801 486 2877 viam,
523 2799 595 2879 quid
631 2810 720 2880 putas
755 2800 826 2860 huic
860 2799 1015 2859 lacerent?

89 2880 201 2942 Nonne
230 2880 404 2943 sexcenties
433 2884 637 2961 hoereticum,
666 2883 763 2943 milies
794 2882 1015 2957 antichristum,

89 2973 239 3043 satanam,
263 2964 435 3049 diabolum,
458 2965 694 3043 schismaticum,
719 2985 880 3026 erroneum
903 2965 1014 3027 clama·

90 3046 222 3125 rent²Ji
256 3046 393 3108 Breviter
420 3068 477 3109 nec
499 3049 576 3127 odii,
597 3068 655 3109 nec
677 3049 835 3129 supplicii,
858 3067 915 3108 nec
938 3048 1014 3109 blas·

89 3130 232 3211 phemiae
254 3132 328 3190 satis
351 3131 402 3191 ulli
426 3133 523 3211 luerit,
545 3133 574 3191 in
598 3132 680 3192 huno
703 3133 869 3213 pessimum
892 3133 1013 3192 hostem

89 3214 256 3290 ecclesiae,
286 3217 480 3275 temerarium
504 3216 684 3276 violatorem
708 3215 845 3290 Petrum,
873 3214 1015 3293 pestilen-

89 3297 240 3357 tissimum
263 3297 457 3358 seductorem
476 3298 591 3378 populi.
637 3300 677 3359 At
698 3298 759 3359 hoc
782 3307 839 3377 cst,
860 3297 943 3377 quod
966 3298 1016 3357 hic

89 3377 241 3455 Petrus*)
272 3379 359 3440 dicit:
393 3381 449 3441 Per
476 3383 626 3460 quosvis
656 3383 791 3442 veritatis
824 3381 1014 3461 blasphema·

144 3587 175 3646 1)
196 3584 228 3637 In
253 3585 295 3637 ed.
323 3587 408 3654 orig:
432 3601 496 3638 non.
538 3584 570 3650 2)
592 3583 696 3637 ibidem
724 3585 816 3640 deest:
846 3585 1013 3653 clamarent3

88 3659 236 3725 repetitum
257 3661 352 3710 estex
372 3657 434 3709 edit.
454 3655 518 3710 Jen.

144 3731 173 3792 ⁸)
192 3729 217 3783 2.
237 3731 294 3784 Pet.
314 3729 341 3784 2.

115 3833 207 3875 naues
221 3844 271 3884 opp.
287 3834 312 3876 v.
329 3833 356 3873 n.
371 3833 406 3875 su.
424 3832 464 3872 rer.
479 3831 529 3876 uus.
544 3833 558 3873 ι.
573 3844 597 3883 p.
609 3833 659 3875 vor.
674 3833 701 3875 v.
808 3803 846 3865 21
889 3805 891 3811 ’
