2392 4170
87 1123 234 1225 Quare
269 1122 495 1223 Pontificio
533 1124 714 1223 Romani
748 1132 795 1225 ot
829 1127 1011 1251 disoipu·

86 1262 228 1357 lorum
260 1264 352 1391 ains
389 1261 496 1396 iibri
531 1292 560 1359 a
594 1267 780 1360 Doutoro
821 1265 1010 1362 Martino

270 1398 459 1547 liuthero
490 1399 700 1497 oonbusti
729 1402 831 1498 sint.

43 1621 47 1633 ·
111 1598 351 1675 donnorstrot
377 1600 523 1676 vicissim
556 1602 707 1713 quisquis
732 1602 837 1694 rotet,
864 1622 925 1677 our
952 1603 985 1678 t.

67 1717 79 1736 ⁰
220 1716 353 1797 iiartiri
378 1720 515 1798 iutieri
541 1720 647 1799 itirus
674 1723 879 1801 exusserint.

491 2068 611 2130 lesus.

84 2219 236 2282 Omnibus
260 2219 450 2280 Christianae
473 2221 608 2282 veritatis
631 2221 797 2284 euitoribus
820 2229 849 2283 et
862 2222 1008 2285 studiosis

211 2302 349 2365 Gratiam
371 2311 402 2364 et
423 2323 531 2384 paoem
554 2326 572 2365 a
595 2304 663 2366 Deo
686 2306 755 2387 Opt.
769 2305 886 2382 Max.¹)

171 2433 239 2514 Ego
248 2431 673 2516 MartinusLuther²),diotus
685 2433 802 2496 Dootor
811 2434 1012 2516 Theoiogiue,

85 2516 214 2578 notitioo
235 2517 264 2576 in
288 2512 461 2576 universum
484 2516 635 2590 omnibus,
658 2534 727 2576 mea
749 2518 915 2595 voluntate,
936 2537 1011 2578 oon·

86 2602 156 2662 sitio
179 2607 211 2660 et
243 2618 340 2680 opera
360 2599 410 2659 die
434 2600 536 2659 Lunae
570 2610 640 2677 post
662 2599 802 2660 Natalem
826 2600 856 2661 S.
880 2599 1010 2678 Niooioi,

87 2687 180 2745 Anno
220 2683 342 2743 Domini
372 2683 410 2742 M.
436 2684 471 2745 [i.
496 2682 561 2744 XX.
593 2692 720 2743 exustos
754 2702 823 2744 esse
856 2683 1012 2744 Pontitiois

87 2768 218 2830 Romani
253 2766 345 2826 iibros
381 2777 411 2826 et
434 2765 649 2826 nonnullorum
683 2769 748 2826 eius
782 2766 1011 2847 diseipuiorum.

87 2851 118 2912 Bi
142 2852 211 2930 quis
234 2851 340 2929 igitur,
363 2860 395 2909 ut
418 2850 490 2911 mihi
512 2850 643 2909 futurum
667 2851 853 2929 persuadeo,
880 2850 940 2910 hoo
961 2851 1011 2910 ad·
1078 2877 1083 2891 ·

87 2933 256 3008 mirabitur,
277 2935 534 3013 interrogaturus,
562 2933 671 3011 quibus
696 2933 733 2993 de
766 2936 867 2994 causis
897 2944 1011 3014 atquo

88 3017 235 3079 mandato
258 3017 319 3076 hoo
339 3017 480 3094 fecerim,
503 3018 549 3076 tris
570 3018 646 3097 ipsis
668 3016 724 3076 sibi
746 3035 927 3098 responsum
946 3036 1011 3098 per·
1115 3082 1117 3086 ,

88 3110 271 3244 m'uait’orimo
296 3191 343 3242 est
364 3186 475 3242 veteris
498 3182 632 3262 exempli
662 3193 692 3241 et
715 3183 830 3262 antiqui
853 3185 947 3245 moris
968 3185 1011 3244 in·

86 3271 184 3329 ieotos
207 3275 238 3327 et
258 3267 417 3345 improbos
438 3265 561 3325 oodioes
578 3265 792 3341 comburendi,
816 3267 1012 3345 quamadmo-

87 3353 159 3413 dum
194 3352 324 3432 iegimus
358 3351 388 3409 in
412 3350 497 3409 Actis
521 3349 742 3430 Apostolorum
766 3352 814 3414 19.
838 3349 876 3410 ad
899 3350 1011 3411 doetri-

141 3620 172 3689 1)
194 3620 224 3672 in
243 3616 383 3672 adden:
413 3632 503 3686 paoem
528 3615 622 3669 aDoo
652 3622 728 3685 patre
753 3620 781 3668 st
799 3615 921 3670 Domino
948 3615 1012 3670 lesu

86 3692 206 3748 Christo.
245 3692 277 3759 2)
298 3690 420 3745 Ibidem:
441 3689 586 3742 Luthorus.

112 3798 203 3841 naum
217 3807 269 3848 opp.
283 3796 310 3839 v.
324 3795 352 3836 a
366 3795 395 3834 aa
409 3793 450 3833 rar.
463 3792 514 3835 nna
528 3795 542 3838 t
555 3804 578 3846 p.
593 3793 642 3836 vor.
657 3792 685 3836 v.
806 3763 845 3833 17
