2392 4170
368 270 534 326 Antichriatl
554 270 585 326 Ι).
601 270 637 326 lt.
657 271 800 328 Lutherns.
995 270 1054 336 141

139 423 487 506 inprudentissimaque,
521 425 592 486 dum
625 426 656 488 iu
680 445 729 488 me
752 426 834 488 aliud
857 427 1055 505 haereticum,

140 507 207 570 aliud
228 508 413 571 offensirum
436 509 571 587 damnat,
595 519 718 571 autores
741 529 814 571 suos
837 529 926 572 veros
950 511 1055 575 haere-

140 592 205 654 h‘coa
224 599 257 653 at
277 594 472 654 adversarios
496 593 552 654 Dei
576 593 677 678 palam
701 592 853 671 declarat,
884 594 962 655 adeo
992 612 1053 655 nnn

142 681 180 737 at
201 677 345 754 scientia,
384 694 446 739 non
483 683 530 737 est
556 678 717 738 consilium
750 685 857 738 contra
878 676 1055 755 Dominum,

143 757 207 820 adca
226 760 368 840 impietas
398 777 494 820 caeca
521 762 640 840 capitur
668 759 769 821 verbis
798 763 859 821 nris
882 761 944 838 aui,
975 761 1054 822 aden
1155 798 1158 805 ·

144 860 230 902 rcum
252 852 313 903 cat:
338 842 398 920 Qui
408 844 481 904 iacit
503 843 636 923 lapidem
650 844 681 903 iu
704 843 809 918 altum,
832 843 949 904 recidet
963 844 1055 924 s'uper

208 927 314 986 teins.

144 942 249 1069 ⁰¹¹”lit
268 1007 352 1089 quod
374 1010 509 1069 omnium
533 1008 768 1089 pulcherrimum
792 1017 859 1084 est,
881 1010 940 1068 hac
961 1010 1055 1089 impia

145 1091 372 1153 mutradictione
393 1111 464 1170 sua,
487 1091 661 1153 revelantur
683 1093 888 1172 cogitationes
917 1092 1053 1152 cordium

146 1192 249 1254 corum,
276 1182 307 1236 et
335 1176 502 1254 nequitiam
531 1195 634 1254 suam,
664 1193 755 1253 quam
788 1175 892 1234 volunt
921 1176 1055 1234 maxime

146 1258 271 1338 celatam,
300 1259 434 1318 maxime
460 1257 608 1338 produnt,
640 1258 810 1318 incredibili
832 1258 1054 1337 imprudentia:

147 1359 200 1401 aare
218 1341 334 1402 scilicet
355 1359 410 1402 ens
432 1351 567 1422 paratos,
589 1342 684 1401 semel
708 1343 881 1401 universam
894 1343 1053 1400 veritatem

148 1421 281 1504 damnare,
303 1442 373 1485 cum
395 1426 475 1486 enim
499 1424 671 1485 haereticos
685 1431 834 1501 asserant,
855 1442 934 1502 quos
951 1423 1055 1483 haere·

148 1506 209 1568 taor
228 1506 390 1569 ostendere
411 1514 465 1568 aut
484 1509 645 1569 nominare
667 1526 728 1569 uon
762 1516 892 1587 possunt
919 1524 977 1567 nec
999 1507 1055 1566 sci-

149 1595 190 1650 mt
206 1610 260 1652 nco
280 1590 405 1652 audent.
449 1589 529 1667 Quid
558 1591 630 1651 hinc
655 1591 870 1670 intelligimus,
898 1591 956 1650 nisi
986 1607 1055 1649 esse

149 1690 190 1732 ana
207 1681 269 1736 toto
292 1674 386 1736 corde
407 1672 600 1736 adversarios
622 1673 750 1751 Christi,
773 1683 803 1734 et
821 1683 946 1754 paratos
969 1673 1052 1732 dam·

96 1756 99 1761 ’
148 1773 205 1817 aare
223 1776 345 1819 omnem
368 1757 549 1819 veritatem?
577 1765 608 1818 et
633 1765 736 1818 tamen
760 1757 874 1816 infelici
895 1756 1052 1837 hypocrisi

96 1846 99 1863 ¹
149 1834 246 1920 lugunt
266 1859 337 1919 sese
359 1840 504 1902 damnare
525 1841 679 1902 haereses.
723 1839 769 1899 En
793 1838 895 1917 vobis,
918 1857 937 1900 o
961 1837 1053 1898 hulla·

96 1928 99 1999 ξ
148 1926 290 2004 marini,
322 1923 430 1985 discite
462 1924 602 2001 tandem,
631 1923 703 2004 quid
732 1925 771 1982 sit
805 1922 957 1983 Christum
986 1939 1055 1981 esse

96 2020 98 2097 j
149 2004 247 2086 siguum
281 2008 534 2069 contradictionis
567 2017 597 2067 et
626 2016 743 2087 petram
773 2006 925 2083 scandali,
962 2023 1053 2085 quam

96 2138 98 2163 ,
149 2091 228 2152 autito
251 2100 283 2152 et
304 2091 386 2153 facili
409 2091 534 2172 negotio
557 2089 711 2151 denudata
739 2097 786 2150 eat
808 2090 908 2152 omnis
930 2090 1055 2148 interior

96 2238 98 2259 Ι
149 2171 268 2254 inpietas
298 2183 330 2235 et
356 2175 524 2255 ignominia
554 2181 670 2251 vestra,
708 2175 752 2233 eis
787 2174 862 2254 ipsis
893 2173 1054 2232 verborum

96 2268 98 2277 ·
148 2259 298 2336 operculis,
326 2258 436 2338 quibus
465 2276 532 2318 eam
562 2265 727 2337 contegere
754 2257 865 2317 frustra
886 2255 1054 2315 studuistis.

147 2335 283 2403 latemm
306 2342 409 2420 itaque
436 2339 496 2401 hoc
526 2341 624 2421 primo
655 2349 686 2400 et
707 2340 839 2400 evidenti
864 2345 1056 2420 argumenta,

149 2419 241 2486 tilam
264 2425 348 2485 hauc
370 2442 431 2485 uon
453 2442 523 2484 esse
545 2425 603 2483 nisi
625 2423 802 2502 antichristi,
825 2425 934 2484 summi
952 2422 1056 2482 adver·

148 2512 195 2570 mii
218 2509 279 2570 Dei
302 2514 335 2568 al
355 2508 485 2588 pietatis.
529 2508 690 2588 Agnoscat
711 2525 792 2567 nunc
813 2525 893 2585 eam,
915 2508 939 2566 ai
963 2504 1057 2565 audet

144 2591 190 2654 tire
206 2593 324 2653 Eccius
347 2593 415 2652 sive
438 2610 531 2671 papa,
554 2598 584 2652 et
607 2592 775 2671 sciatque
798 2591 922 2652 nomine
944 2596 1056 2667 etqua

142 2678 276 2756 opinione
289 2676 330 2735 sil
341 2674 431 2736 nobis
454 2674 673 2736 observandus.
708 2674 741 2734 ln
754 2693 847 2733 unum
861 2675 940 2734 eninr
955 2690 1056 2732 cumu-

140 2757 187 2820 lum
201 2760 255 2821 hic
265 2760 373 2820 omnia
384 2758 519 2839 pessima
534 2759 660 2819 nomina
671 2763 895 2832 convenerunt,
917 2756 1057 2834 impietas

138 2840 339 2925 blasphemia,
359 2841 497 2918 inscitia,
518 2841 739 2922 imprudentia,
763 2840 950 2921 hypocrisis,
975 2857 1055 2897 men·

137 2925 267 2998 dacium,
293 2926 426 2986 breviter
452 2930 576 2986 satanas
598 2926 664 3005 ipse
686 2943 754 2984 cum
783 2942 840 2983 suo
868 2921 1055 2985 antichriste.

209 3010 280 3072 Nec
301 3009 403 3070 miuus
425 3009 541 3070 revelat
551 3010 693 3088 impietas
714 3009 773 3067 ista
788 3007 941 3087 seipsam,
964 3016 993 3066 et
1007 3024 1055 3084 eo,

135 3095 211 3173 quod
235 3113 319 3155 nnnc
341 3092 460 3169 dicam,
488 3091 626 3152 decernit
647 3092 726 3150 enim
752 3090 833 3150 hulla
853 3090 912 3150 ista
943 3091 1056 3150 eximia

135 3179 243 3258 apertis
270 3176 605 3258 impudentissimiaque
632 3174 749 3249 verbis,
785 3193 853 3234 ease
882 3173 1057 3235 exurendos

134 3265 221 3323 stiam
245 3279 301 3322 eos
323 3260 443 3321 libellos
464 3278 561 3333 meos,
583 3258 738 3338 inquibus
760 3276 878 3318 errores
890 3276 951 3318 non
975 3265 1055 3340 sunt,

134 3353 161 3406 ut
183 3347 336 3406 memoria
358 3345 417 3403 mei
438 3344 560 3424 penitus
582 3343 719 3420 tollatur,
743 3349 831 3422 potes
861 3360 951 3420 nunc,
974 3341 1056 3402 Chri·

132 3431 229 3490 mane
250 3427 365 3505 lector,
396 3427 534 3488 dubitare
554 3424 732 3485 infernalem
757 3425 922 3485 draconem
944 3443 1055 3485 sonare

132 3531 182 3593 per
206 3512 322 3573 bullam
344 3509 456 3570 istam?
478 3509 580 3589 Vulgo
603 3509 721 3584 dicitur,
743 3510 860 3568 asinum
882 3509 952 3569 ideo
977 3508 1055 3569 male

131 3605 272 3675 cantare,
306 3596 378 3674 quia
400 3594 489 3654 altius
518 3592 648 3664 orditur,
683 3599 713 3652 et
733 3594 792 3651 ista
820 3610 943 3672 quoque
974 3592 1055 3652 hulla

130 3679 248 3741 felicius
270 3678 453 3757 cecinisset,
482 3677 508 3736 si
536 3695 597 3736 non
621 3675 890 3756 blasphemumne
914 3675 1053 3735 suumin

130 3763 252 3826 coelum
285 3761 456 3844 posuisset,
488 3759 658 3840 impudenti
684 3759 753 3840 plus
781 3777 872 3839 quam
900 3757 1054 3821 diabolica
