2392 4170
131 254 197 325 460
428 253 573 313 Adrianus
591 255 670 326 Papa
686 253 727 313 VI

133 430 182 492 coi
204 428 327 511 quidem
355 430 385 491 iu
423 427 575 491 mandatis
601 426 759 504 dedimus,
795 432 828 488 ut
854 426 1057 491 Nobilitatam

134 520 235 587 tuam,
257 533 348 592 quam
370 514 401 573 in
425 513 593 575 minoribus
614 512 771 572 constituti
794 511 994 590 peculiariter
1013 510 1058 573 di·

134 597 265 659 laximus
288 616 455 677 sumusque
477 596 623 675 deinceps
646 594 940 675 pateruedllecturi,
965 596 1058 658 adeat

133 689 334 761 nostramque
357 681 446 742 eiad
470 698 633 741 commune
656 679 771 740 bouum
792 698 982 759 propensam
1006 699 1059 740 ro·

134 761 281 825 luntatem
302 767 450 844 exponat,
473 764 593 844 plenius
615 761 654 823 ab
676 762 745 839 illo,
768 764 820 842 qui
842 763 1059 843 subsequetur,

134 846 361 928 explicandam.

216 930 281 991 llos
308 936 409 989 autem
431 928 629 991 Nobilitatem
659 938 741 990 luam
775 947 831 1010 pro
860 948 917 991 suo
942 927 1058 1010 officio,

134 1032 202 1073 cum
243 1014 323 1074 sacri
363 1010 487 1091 Imperii
520 1013 680 1074 Romanae
715 1013 867 1079 ecclesiae
911 1012 1059 1075 advocati

135 1097 303 1158 membrum
319 1104 411 1176 atque
423 1096 549 1158 Elector
569 1099 621 1177 sis,
643 1104 771 1177 paterna
784 1095 944 1157 hortemur
966 1104 998 1158 ct
1018 1116 1058 1157 ax

134 1181 238 1242 animo
270 1181 468 1259 requirimus,
501 1187 534 1240 ut
566 1179 606 1241 ad
641 1180 820 1261 dignitatem
852 1179 1059 1260 Apostolicae

134 1261 241 1342 Sedis,
273 1266 335 1323 imo
368 1262 496 1323 salutem
531 1270 561 1324 et
584 1263 833 1344 tranquillitatem
857 1264 953 1325 totius
972 1263 1058 1325 'Obri-

135 1348 254 1408 stianae
274 1346 404 1428 Reipub.
427 1355 628 1428 sanctamque
655 1346 747 1409 fidem
770 1346 914 1408 tuendam
938 1349 1058 1409 incum-

134 1429 205 1510 bas,
227 1431 314 1492 sicuti
339 1432 381 1490 tui
404 1430 552 1508 Maiores,
586 1448 716 1511 quorum
739 1430 868 1510 gloriam
892 1431 921 1492 in
946 1432 1059 1491 ceteris

133 1514 263 1590 suxisti,
297 1532 358 1574 non
383 1514 532 1594 minuisti,
566 1513 767 1575 incubuerunt
789 1520 821 1574 et
841 1520 872 1574 tc
905 1513 1058 1576 incubitu·

133 1616 198 1657 rum
236 1596 428 1658 confidimus.
486 1597 571 1658 Haec
612 1603 714 1658 autern
747 1597 958 1677 Hieronymus
991 1599 1058 1680 ipse

133 1679 272 1823 ppuribus
294 1678 396 1740 verbis
419 1679 600 1760 explicabit,
623 1682 670 1742 cui
692 1679 852 1762 superbis
873 1681 1058 1760 cupimus'a

163 1763 304 1824 abilitata
325 1770 377 1823 tua
398 1761 490 1823 fldem
513 1763 660 1826 adhiberi.

217 1847 329 1907 Datum
358 1846 477 1907 Romus
509 1846 591 1908 aud
622 1847 653 1912 S.
676 1848 816 1919 Petrum,
852 1847 909 1907 aab
941 1847 1058 1909 annulo

258 1930 434 2004 Piscatoris,
456 1930 506 1991 dia
528 1866 555 1995 d.
579 1931 738 2007 Octobris,
760 1931 851 1991 Anno
874 1928 1058 2010 alana,

258 2012 458 2074 Pontificatus
481 2015 578 2075 nostri
600 2032 683 2076 anuo
705 2015 815 2095 primo.

682 2097 735 2160 Be.
757 2096 804 2160 al.
830 2096 1017 2160 Cremonen.

83 2278 86 2282 ’
134 2273 439 2338 venerabilibus
462 2278 667 2340 Fratribus
690 2300 733 2340 ac
757 2279 1058 2355 dilectisFiliis,

134 2358 288 2420 nobilibus
311 2361 391 2434 viris,
414 2361 616 2424 ecclesiastici
639 2371 670 2425 et
691 2364 807 2444 politici
831 2363 947 2422 ordinis
973 2362 1057 2423 lillec·

134 2441 251 2504 toribus
279 2450 309 2503 et
345 2443 499 2525 plerisque
528 2447 718 2528 Principibus
757 2456 786 2505 et
813 2445 949 2506 Flatibus
980 2445 1056 2505 sacri

154 2525 285 2587 Romani
309 2524 431 2608 Imperii
457 2527 683 2609 Norimbergae
715 2531 743 2588 in
774 2529 936 2590 Conventa
966 2548 1038 2589 cou-

522 2616 665 2693 gregalis.

391 2765 586 2827 Adrianus
614 2768 718 2848 Papa
741 2768 796 2826 Vl.

134 2893 332 2954 Venerabiles
353 2895 473 2956 Fratres
496 2901 527 2956 et
549 2895 650 2957 dilecti
670 2895 753 2972 Filii,
776 2893 905 2955 salutem
929 2900 962 2953 et
985 2911 1056 2974 apo·

385 2978 525 3040 stolioam
549 2978 806 3040 benedictionem.

217 3094 382 3177 Postquam
395 3095 433 3157 ad
447 3098 649 3177 apostolatus
669 3095 813 3169 officium,
836 3095 939 3155 divina
956 3093 1055 3173 dispo·

135 3184 228 3237 nante
250 3179 454 3258 providentia,
474 3182 622 3261 assumpti
645 3199 764 3259 sumus,
788 3179 873 3239 tastis
898 3176 989 3238 uobis
1011 3185 1058 3237 est

134 3257 203 3332 ille,
238 3261 288 3340 qui
312 3281 369 3323 uus
398 3273 430 3324 ut
451 3267 639 3340 immeritos,
674 3265 717 3324 ita
749 3262 821 3323 nibil
845 3260 907 3321 tale
929 3279 1057 3341 exspec-

133 3348 233 3402 tantes
256 3349 425 3426 promovit,
462 3349 534 3408 nihil
564 3368 621 3408 nos
644 3345 725 3408 aliud
750 3346 799 3405 die
822 3351 980 3423 noctuque
1002 3362 1056 3405 oo-

132 3424 263 3506 gitasse,
296 3446 386 3507 quam
417 3438 449 3490 ut
477 3432 507 3491 in
537 3430 673 3493 curando
696 3449 790 3510 grege
821 3426 911 3488 nobis
939 3426 1056 3487 credito

134 3516 194 3568 tam
223 3510 252 3569 iu
288 3513 459 3573 uuiversum
494 3534 585 3594 quam
616 3513 789 3595 singulatim
820 3511 893 3572 boui
923 3511 1057 3591 pastoris

132 3601 234 3671 partes
275 3594 373 3655 modis
415 3598 555 3658 omnibus
595 3597 810 3679 impleremus,
848 3600 941 3674 atquc
978 3593 1056 3655 adeo

131 3675 245 3736 nullam
269 3679 464 3741 existimasse
486 3683 630 3742 enostris
653 3679 761 3742 ovibus
784 3686 845 3738 tam
865 3677 1056 3755 morbosam,

132 3778 224 3842 qnam
247 3778 309 3820 non
333 3778 389 3856 pro
412 3763 526 3826 viribus
542 3783 660 3848 curare,
684 3763 1002 3848 uullamtamvagam
1025 3768 1056 3847 et
