2392 4170
134 897 447 997 Datarminatio
490 897 774 1018 Theologioaa
812 896 1065 999 Facultatis.

83 1092 89 1096 ‚⁴
134 1014 400 1111 Parisiansia
419 1041 549 1133 sapor
571 1011 770 1108 doctrina
792 1012 1064 1110 Lathoriana·

311 1131 518 1224 hactonus
548 1155 626 1246 por
658 1155 750 1223 eam
777 1127 877 1247 visa

557 1296 612 1352 ·et

134 1404 782 1507 ApologiaPhil.Malaaclrthonia
804 1411 1067 1499 proLuthero.

218 1521 414 1588 adversus
437 1524 640 1601 decretum
665 1522 969 1587 Pariaienaium.

545 1657 651 1730 1521.

491 1884 700 1894 ——..—-—-=

216 2039 368 2122 Theologi
391 2042 589 2123 Parisianses,
614 2044 651 2104 de
674 2043 784 2124 quibus
804 2042 950 2104 [ratherus
973 2043 1070 2104 initio

133 2123 173 2186 ob
196 2142 301 2184 eorum
326 2127 503 2205 opinionem
537 2128 576 2186 de
604 2126 816 2207 superioritate
846 2125 1070 2188 conciliorum·

132 2226 228 2287 supra
241 2207 355 2287 Papam
379 2218 409 2269 et
433 2211 472 2268 ob
491 2229 595 2269 eorum
607 2211 856 2290 Appellationem
880 2211 997 2289 aPapa
1019 2209 1070 2271 ad·

131 2290 305 2350 Concilium
329 2312 356 2352 a.
381 2296 460 2357 1517
476 2293 587 2353 editam
602 2293 680 2353 bene
692 2303 879 2373 speraverat,
894 2303 1070 2372 postquam·

132 2376 198 2434 eiua
235 2372 379 2435 liberde
413 2378 592 2456 captivitate
629 2377 820 2457 Babyloniae
852 2377 1004 2437 eeclesiae
1027 2378 1069 2437 in‘

133 2458 243 2536 vulgus
266 2459 351 2532 exiit,
374 2461 482 2519 animia
500 2462 645 2520 commoti
659 2460 804 2520 articulos
821 2460 970 2538 quosdam
986 2460 1062 2521 doo·

131 2541 230 2600 trinae
259 2559 327 2601 cum
367 2561 406 2602 ex
433 2544 508 2602 aliie
523 2543 644 2602 Lutlreri
673 2545 803 2623 scriptis,
833 2553 895 2604 tum
924 2563 964 2601 ex
992 2545 1058 2603 eiua

132 2624 396 2690 Praeiudiode
414 2627 660 2705 captivitate
676 2627 916 2706 Babylonica
937 2624 1059 2686 aco'le-

131 2708 162 2766 ai
174 2727 218 2767 ae
241 2717 405 2788 excerptos
430 2710 478 2770 die
492 2711 598 2788 quinto
617 2709 737 2770 decimo
762 2709 873 2769 mensis
894 2707 1007 2788 Aprilis
1023 2729 1057 2770 a.

135 2793 214 2855 1521
239 2790 535 2852 condemnaverunt.
564 2791 600 2854 Id
623 2792 765 2852 iudicium
790 2793 828 2852 da
842 2791 964 2851 Lutlrari
987 2791 1058 2851 doo-

131 2875 210 2933 trina
225 2874 361 2936 locarunt
383 2878 411 2936 in
436 2877 550 2957 libello,
567 2877 618 2955 qui
640 2877 669 2936 in
684 2876 784 2936 lucem
806 2875 930 2957 prodiit·
942 2873 999 2938 sub
1012 2875 1058 2934 in*-

131 2959 314 3037 soriptiona:
350 2959 648 3020 Determinatio
685 2958 960 3039 Theologioae
1001 2959 1058 3019 Fa·

132 3040 297 3101 cultatia
339 3042 584 3103 Parisienaia
621 3062 737 3124 super
773 3042 960 3124 doctrina
994 3041 1058 3102 Ita-

132 3124 318 3185 theriana·
335 3125 531 3186 hactenus
553 3147 624 3206 per
651 3147 732 3188 earn
755 3127 858 3186 visa.
902 3125 970 3201 Qua
992 3144 1067 3186 aaa·

130 3226 201 3268 aura
225 3209 351 3287 cognita
365 3209 521 3290 Philippus
531 3210 750 3270 Melanclrthon
773 3209 943 3269 confestim*
962 3210 1058 3290 Apo·

131 3291 280 3371 logiam
303 3311 393 3372 ¹pro
425 3292 601 3354 Luthero
640 3293 836 3354 adversus
869 3293 1062 3352 furiosum·

132 3375 818 3457 PariaienaiumTheologaatrorum
841 3377 1058 3436 Decretum

132 3459 318 3538 conscripsit
352 3468 444 3538 atque
475 3479 535 3519 una
557 3478 625 3521 oum
648 3462 707 3521 isto
736 3460 898 3520 Parieiensi
926 3461 1058 3521 Decreto

132 3542 214 3622 typis
241 3561 389 3603 excusam
415 3543 657 3623 Wittambergae
680 3544 776 3605 edidit
797 3543 859 3605 aab*
875 3543 936 3603 hoc
958 3543 1060 3604 titulo:

132 3625 446 3688 Daterminatio
490 3627 780 3708 Theologicae
825 3626 1068 3689 Facultatiat

133 3707 405 3772 Pariaiaaaia
436 3731 554 3793 sapor
582 3711 787 3774 doctrina
813 3711 1067 3774 [lutheriana-
