2392 4170
143 232 206 303 168
347 231 570 293 assemsum.
593 240 643 291 art
662 235 695 292 D.
713 233 750 294 ii.
768 234 801 294 L.
816 240 870 309 pir

144 391 183 452 sit
205 397 387 472 suseepturo
404 396 650 472 saeramentum,
678 394 703 454 si
733 390 853 454 desinat
881 406 998 473 peooau

143 475 335 556 propositum
359 475 510 556 deponat,
533 475 652 537 etiamsi
674 475 790 537 nullum
814 474 931 537 bonum
956 493 998 556 pp

146 559 239 618 situm
261 558 384 621 formet.
422 557 552 633 Quidam
576 561 655 621 enim
679 558 901 637 exeisdieunt,
914 576 985 627 ,nee

145 649 208 702 tum
232 641 346 703 bonum
370 641 471 703 sordis
493 643 614 722 requiri.
638 642 724 704 Haes
745 643 858 720 omnia,
879 642 998 722 quisse

146 724 237 786 dietis
262 725 416 813 contraria
437 731 518 801 sunt,
542 745 613 786 vere
635 726 791 788 haeretios
812 732 893 787 sunt.
928 724 998 787 Inor

144 809 265 870 litatem
289 828 362 870 vero
385 827 441 889 pro
464 808 548 869 uuile
572 808 660 870 obiso
675 809 798 888 habent,
820 810 966 887 seientes,
986 824 998 887 t

147 909 210 952 nen
234 892 335 954 estin
357 896 512 971 potestate
535 898 656 970 nostra,
678 912 794 974 ponere
815 890 998 953 ineredulite

145 975 201 1049 sed
222 975 318 1036 solius
340 974 414 1054 Dei,
437 975 487 1052 qui
516 974 648 1037 infundit
676 976 759 1037 sotus
791 975 893 1041 fldem.
937 973 998 1053 Qui

145 1063 247 1119 autem
271 1077 311 1118 ex
332 1058 376 1118 eis
399 1057 515 1119 addunt
535 1060 648 1138 requiri
670 1060 855 1121 attritionem
869 1067 900 1121 et
916 1056 998 1119 flden

145 1141 298 1225 quisitam,
320 1159 399 1221 quae
421 1140 500 1202 dnae
522 1161 582 1221 res,
596 1142 667 1221 quid
681 1143 750 1220 sint,
773 1141 998 1204 uemoilloru'm

145 1224 202 1286 tuit
223 1242 357 1304 uuquam
380 1224 504 1285 doceres

220 1307 330 1370 ,causa
352 1314 465 1386 autem,
487 1326 566 1388 quae
589 1315 693 1370 movet
715 1327 769 1369 eos
800 1310 845 1369 sio
868 1307 993 1389 dooere,

145 1390 229 1470 quod
249 1391 365 1470 alioqui
393 1409 454 1450 non
489 1390 626 1452 videatur
655 1390 825 1452 different-ia
853 1390 965 1453 dabilis
994 1392 998 1453 i

145 1474 256 1535 veteris
279 1481 310 1535 et
331 1492 432 1535 norae
453 1473 530 1552 tegis
553 1482 755 1540 santamente.
800 1475 913 1537 Vetera
935 1474 998 1535 enir

144 1556 206 1618 flde
233 1562 377 1637 suseepta
406 1556 627 1635 iustiflesbant,
657 1557 719 1618 hoo
750 1562 805 1634 est,
834 1557 888 1634 iis,
920 1559 973 1638 qui

146 1647 243 1720 erant,
264 1640 351 1702 utilia
371 1640 492 1700 fuerunt
517 1641 613 1715 (siout
635 1640 782 1714 dieunt),
809 1641 894 1722 Ergo
915 1659 998 1701 nova

146 1723 220 1785 bent
241 1742 310 1785 esse
332 1722 508 1785 efficasiora
523 1730 555 1784 et
575 1724 723 1805 prodesse
746 1725 837 1785 etiam
860 1724 907 1805 iia,
933 1723 998 1804 qui'

145 1825 208 1868 nou
227 1812 308 1884 suut,
328 1813 362 1868 ut
383 1805 456 1867 boni
480 1806 565 1886 fiant,
588 1826 655 1868 sum
679 1808 752 1868 novi
768 1807 959 1869 Testamenti
971 1825 998 1870 oi

147 1889 351 1970 perfectiora,
380 1908 472 1970 quam
495 1891 607 1951 veteris
628 1891 816 1951 Testamenti
839 1909 909 1952 esse
932 1888 998 1951 deu

230 1973 296 2034 Nos
319 1980 420 2034 autem
446 1972 592 2051 dicimus,
625 1992 683 2034 nes
701 1974 772 2034 novi
803 1991 862 2033 neo
883 1973 998 2035 veteris

146 2055 289 2117 stamenti
313 2062 528 2134 sacramenta,
552 2056 606 2118 sed
631 2056 728 2118 seiam
758 2054 850 2117 fldem
879 2054 998 2119 iustitias

146 2139 226 2200 sieut
247 2137 360 2200 Paulus
372 2137 461 2198 disit:
482 2138 583 2200 Iustus
598 2159 639 2200 ex
654 2138 715 2200 fids
726 2159 783 2200 sua
795 2139 887 2216 vivet,
910 2144 942 2199 et
954 2136 998 2203 τῦ

146 2220 279 2282 ereditur
301 2221 340 2282 ad
363 2221 528 2300 iustitiam,
554 2222 625 2283 ideo
654 2224 733 2283 ratio
754 2223 882 2284 istorum
914 2220 991 2285 nihii

146 2305 224 2365 siout
245 2311 274 2365 et
292 2306 406 2383 omnia,
429 2324 508 2385 quae
531 2325 571 2366 ex
592 2305 643 2367 illa
666 2302 871 2383 deduount1).
893 2304 998 2367 Potius

147 2387 250 2448 ierunt
273 2394 466 2449 sacramenta
488 2407 589 2449 norae
612 2387 689 2470 legis
720 2407 781 2449 nou
812 2407 831 2448 a
863 2406 998 2449 saerama

145 2470 199 2531 ssd
216 2468 404 2532 aeaerifieiis
413 2478 444 2532 et
450 2472 634 2532 ceremoniis
646 2471 810 2533 sacerdotii
821 2470 998 2551 Antonini<

146 2572 201 2634 per
224 2553 302 2614 haee
325 2553 552 2615 mundabantur
574 2574 715 2634 corpora,
738 2561 849 2631 vestes,
872 2553 998 2615 sibiet·

146 2655 349 2718 quaeeunque
378 2635 417 2698 ab
446 2637 662 2713 immunditiis,
693 2656 773 2717 quae
803 2657 844 2698 ex
872 2645 984 2700 natura

127 2726 248 2798 serant,
271 2720 325 2782 ssd
348 2720 480 2799 exlege
504 2721 598 2795 Masi,
623 2720 693 2782 ideo
718 2727 752 2782 ut
782 2719 865 2781 nulla
897 2718 998 2801 promi

145 2799 190 2863 ita
211 2803 295 2864 nulia
316 2802 393 2864 fides
416 2804 446 2863 in
469 2803 513 2863 eis
528 2810 601 2865 erat.
624 2803 693 2865 Non
707 2805 788 2864 euim
801 2811 910 2864 natura
934 2809 998 2865 est'

145 2893 247 2947 satum
272 2893 325 2947 aut
346 2885 555 2964 immunditia,
578 2888 603 2946 si
627 2886 760 2947 cadaver
785 2887 939 2967 tetigeris,
960 2904 998 2949 eu

144 2988 230 3048 pram
247 2976 300 3029 aut
320 2976 550 3047 menstruatam,
572 2970 643 3031 ideo
667 2989 725 3030 nso
745 2975 919 3050 peecatum,
939 2968 996 3033 sed

144 3051 294 3112 munditia
317 3051 494 3113 venabatur.

228 3134 269 3195 At
290 3153 346 3214 per
367 3133 419 3195 illa
441 3142 547 3197 nostra
568 3143 764 3196 santamente
796 3135 983 3197 mundantur

144 3217 291 3278 scientiae
313 3216 351 3279 ab
374 3218 573 3279 immunditiis
596 3219 685 3292 veris,
710 3237 789 3298 quae
804 3237 844 3279 ex
869 3225 981 3282 nature

146 3306 176 3361 et
197 3307 327 3382 psseata
349 3308 428 3362 suut.
452 3301 526 3363 ldeo
548 3302 712 3380 promissio
737 3313 766 3360 et
788 3300 865 3362 fides
887 3302 938 3364 his
958 3300 998 3383 rip

144 3382 226 3462 quod
250 3393 281 3443 et
299 3383 330 3443 in
354 3383 456 3444 multis
479 3384 546 3444 aliis
559 3384 654 3464 signis
667 3384 788 3445 Petrum
807 3383 912 3449 videre
925 3390 998 3464 est<

144 3466 182 3526 ad
206 3469 398 3551 oeremoniss
420 3467 498 3547 legis
523 3486 584 3528 non
608 3466 812 3548 pertinebant.
855 3467 972 3531 Verum
987 3464 998 3529 i

143 3557 231 3611 extra
253 3551 456 3631 propositum.
977 3576 986 3585 ·

198 3737 232 3807 1)
249 3737 283 3792 in
302 3737 345 3793 sd.
364 3738 452 3809 erim:
474 3737 613 3792 diducunt.
