2392 4170
130 243 195 314 372
438 244 482 304 De
499 244 574 305 votis
592 244 753 306 monasticis

132 417 232 479 uultus
253 417 296 478 tui
318 417 452 479 vssoeris
479 437 561 499 pane
583 423 646 491 tun.
700 417 762 481 Sed
783 437 843 481 neo
864 423 897 480 tu
920 435 1056 499 unquam

131 501 239 562 eredas
259 519 314 563 eos
331 500 459 563 feliciter
475 501 643 581 eontinere,
664 503 717 583 qui
735 501 898 564 molestiae
911 500 1057 563 vitandae

130 585 229 665 gratia
250 584 405 647 abstinent
426 604 445 646 a
466 585 621 666 ooniugio.
676 586 876 666 Experientia
898 586 982 647 enim
1004 584 1057 647 do

131 674 191 745 oet,
213 673 246 728 ut
264 668 442 730 contineant
463 669 578 750 egregii
599 669 649 730 isti
665 670 800 750 ooniugii
822 674 1057 750 oontemptores

132 757 162 812 et
183 750 331 812 uastitatis
361 753 544 831 iaotetores,
575 770 644 813 enm
672 752 716 814 illi
743 753 844 814 solum
866 753 1058 831 contineant,

132 852 194 895 non
217 835 268 914 qui
290 833 411 916 fugiunt
437 835 628 914 molentium,
659 835 715 898 sed
736 835 846 917 quibus
869 836 975 915 datum
999 842 1058 914 est,

131 923 166 979 ut
185 925 311 998 propter
337 936 466 999 regnum
494 918 652 981 coelorum
681 920 869 983 contineant.
919 918 960 979 llt
983 917 1058 1000 quid

91 999 93 1003 ’
131 1000 254 1062 tandem
287 1000 325 1062 ad
355 1019 427 1080 nos,
457 1001 530 1082 quid
559 1001 694 1064 indioent
716 1001 845 1065 Boline?
880 1001 1058 1080 Fauiamus,

132 1083 214 1164 quod
241 1084 355 1147 bonum
378 1093 443 1163 est,
476 1105 531 1167 per
551 1084 706 1147 infamiam
742 1094 773 1147 et
794 1085 908 1148 bonam
930 1084 1060 1164 lamam,

130 1167 281 1229 Dominus
304 1167 419 1229 iudioat
440 1168 573 1248 populus
594 1176 626 1231 et
648 1168 753 1231 orbem
776 1176 876 1231 terrea
897 1169 928 1229 in
952 1169 1059 1249 aequi·

131 1258 205 1327 tate,
227 1252 327 1313 omnis
348 1252 444 1313 homo
465 1251 608 1332 mendax,
631 1251 716 1316 sulus
734 1261 836 1315 eutem
848 1251 932 1313 Deus
949 1270 1060 1331 versx,

132 1337 190 1415 ipsi
213 1337 251 1396 eit
273 1334 370 1416 gloria
392 1335 422 1397 in
444 1354 568 1414 aevum,
595 1337 705 1399 Amen.

325 1516 379 1577 De
406 1517 537 1578 viduis
564 1516 663 1598 apud
691 1516 861 1579 Paulum.

478 1638 505 1699 1.
527 1633 660 1697 Timoth.
682 1636 712 1699 5.

214 1784 360 1866 Reliquus
382 1793 430 1848 est
455 1785 543 1848 loeus
566 1807 661 1866 unns,
694 1802 785 1866 quem
813 1801 869 1867 pro
891 1783 974 1844 votis
997 1783 1058 1848 lor·

132 1877 214 1932 tasse
232 1868 336 1949 leuare
353 1869 462 1950 aliquis
476 1868 604 1952 putabit.
638 1870 667 1931 le
679 1874 727 1930 eet
737 1865 825 1930 Pauli
839 1869 866 1930 1.
876 1865 1014 1931 Timoth.
1027 1872 1056 1934 5.

131 1953 170 2014 de
192 1954 341 2034 apostatis
363 1952 472 2029 viduis,
495 1952 626 2015 dicentis
647 1952 709 2015 hou
729 1950 840 2014 modo:
865 1948 943 2011 Cum
968 1951 1056 2013 lasei-

131 2036 243 2098 vieriut
259 2034 406 2098 adversm
428 2035 599 2118 Christum,
622 2035 736 2098 nubere
757 2034 882 2113 volunt,
903 2032 1056 2097 habentes

132 2119 377 2197 damnationem,
410 2121 483 2202 quie
505 2119 596 2182 fldem
620 2121 748 2202 primam
770 2119 884 2181 irritam
907 2117 1055 2180 leserunt.

132 2202 181 2262 Ex
202 2201 264 2264 hoo
285 2202 355 2264 loeo
379 2223 439 2264 non
453 2202 618 2265 obseurum
641 2204 822 2265 estvenisse
836 2196 958 2262 celebre
980 2201 1055 2264 illud

134 2287 297 2366 Augustini
312 2286 448 2366 verbum,
471 2306 533 2367 quo
547 2287 662 2368 delinit,
685 2283 976 2348 Sanolimonialibus
994 2304 1056 2348 non
1106 2338 1113 2360 ,

133 2369 232 2430 sulum
256 2369 388 2449 nubere,
411 2370 464 2431 sed
488 2375 519 2431 et
543 2370 623 2432 velle
646 2368 760 2432 nubere
782 2367 957 2430 damnabile
979 2388 1057 2433 esse.

133 2450 195 2515 Sed
218 2450 347 2515 Paulum
370 2455 453 2536 prius
476 2453 651 2533 videamus,
674 2455 725 2535 qui
748 2454 858 2513 sinon
880 2451 941 2512 huo
964 2454 1057 2535 oogit,

134 2555 192 2598 neu
214 2535 404 2618 Augustinus
427 2538 583 2620 quippiam
607 2546 707 2620 ooget
757 2536 889 2597 Primum
912 2535 973 2597 hoo
995 2554 1056 2597 oer-

133 2625 196 2681 tum
220 2629 276 2700 est,
296 2619 423 2682 Paulum
446 2639 571 2702 prorsus
595 2622 670 2683 nihil
691 2620 777 2700 loqui
799 2618 837 2681 de
860 2618 992 2679 vovendi
1014 2621 1056 2681 in·

132 2704 248 2767 stituto.
298 2703 406 2784 Neque
436 2705 515 2765 enirn
550 2704 684 2767 eeclesia
713 2703 866 2784 primitiva
898 2701 959 2763 hoo
991 2703 1056 2764 voti

132 2805 229 2867 genus
252 2806 386 2868 unquam
409 2789 511 2869 novit,
540 2787 593 2850 sed
618 2786 775 2850 desiduis
801 2786 953 2868 loquitur,
978 2804 1056 2866 quae

132 2869 292 2931 elebantur
313 2870 466 2932 ecelesiae
486 2871 682 2933 facultatibus
711 2874 743 2932 et
767 2867 950 2931 curabantur
972 2870 1056 2931 mini-

133 2954 224 3015 sterio
254 2954 469 3035 diooonorum,
502 2955 592 3036 quale
622 2953 798 3035 exemplum
825 2954 856 3013 in
881 2955 949 3015 Aet.
974 2956 1004 3023 6,
1021 2951 1054 3051 ¹)

132 3035 272 3181 legimns.
305 3037 386 3098 Nihil
409 3038 450 3099 ibi
473 3037 510 3099 de
532 3040 603 3100 viris
625 3038 789 3119 religiosis,
809 3035 883 3097 nihil
905 3035 945 3096 de
968 3038 1056 3118 virgr·

132 3119 163 3179 ni
186 3140 236 3202 ue,
260 3119 314 3182 sed
336 3118 374 3181 de
396 3121 581 3202 pauperibus
603 3121 701 3182 viduis
724 3122 804 3200 egit,
832 3137 960 3200 quarum
983 3139 1057 3182 oure

131 3203 161 3262 in
184 3201 254 3285 lege
277 3204 355 3266 llosi
383 3206 603 3267 instantissime
632 3203 873 3268 oommendetur.
925 3201 1006 3266 Nam
1026 3205 1057 3264 in

132 3284 242 3347 eodem
271 3289 371 3369 eapite
393 3287 505 3350 Paulus
538 3288 644 3350 defluit
673 3287 799 3368 viduas,
836 3305 915 3366 quae
937 3288 1058 3370 possint

132 3368 172 3429 ali
193 3389 212 3430 a
235 3371 308 3451 suis,
331 3389 392 3432 non
413 3370 526 3434 debere
552 3372 592 3433 ali
614 3373 761 3434 facultate
782 3370 942 3434 ecelesiae.
979 3370 1059 3432 Dioit

131 3453 228 3513 enim:
251 3452 282 3514 Si
302 3454 368 3532 quis
387 3453 485 3515 fidelis
505 3452 597 3518 habet
616 3455 732 3536 viduas,
755 3453 966 3515 subministret
988 3453 1057 3533 illis,

131 3542 162 3595 et
184 3554 245 3596 non
267 3542 412 3618 gravetur
432 3539 580 3620 ecelesia,
611 3546 644 3601 ut
664 3540 720 3617 iis,
749 3556 828 3619 quae
851 3555 924 3599 vere
947 3536 1058 3600 viduae

204 3772 238 3847 1)
260 3771 294 3830 In
312 3765 359 3828 ed.
375 3767 485 3843 priore·¹
503 3771 613 3841 nunno.
