<?xml version="1.0" encoding="UTF-8"?>
<!DOCTYPE html PUBLIC "-//W3C//DTD XHTML 1.0 Transitional//EN"
    "http://www.w3.org/TR/xhtml1/DTD/xhtml1-transitional.dtd">
<html xmlns="http://www.w3.org/1999/xhtml" xml:lang="en" lang="en">
 <head>
  <title>
</title>
<meta http-equiv="Content-Type" content="text/html;charset=utf-8" />
  <meta name='ocr-system' content='tesseract 3.04.00' />
  <meta name='ocr-capabilities' content='ocr_page ocr_carea ocr_par ocr_line ocrx_word'/>
</head>
<body>
  <div class='ocr_page' id='page_1' title='image "./dmartinilutheri03luthgoog_0060.png"; bbox 0 0 2340 4162; ppageno 0'>
   <div class='ocr_carea' id='block_1_1' title="bbox 332 241 997 317">
    <p class='ocr_par' dir='ltr' id='par_1_1' title="bbox 332 241 997 317">
     <span class='ocr_line' id='line_1_1' title="bbox 332 241 997 317; baseline 0.011 -23"><span class='ocrx_word' id='word_1_1' title='bbox 332 241 366 295; x_wconf 85' lang='lat' dir='ltr'>l).</span> <span class='ocrx_word' id='word_1_2' title='bbox 385 243 419 297; x_wconf 88' lang='grc' dir='ltr'>Ι.</span> <span class='ocrx_word' id='word_1_3' title='bbox 437 241 517 296; x_wconf 78' lang='lat' dir='ltr'>Lutlu</span> <span class='ocrx_word' id='word_1_4' title='bbox 539 243 723 309; x_wconf 64' lang='lat' dir='ltr'>bulonium.</span> <span class='ocrx_word' id='word_1_5' title='bbox 953 251 997 317; x_wconf 74' lang='lat'>49</span> 
     </span>
    </p>
   </div>
   <div class='ocr_carea' id='block_1_2' title="bbox 61 396 995 977">
    <p class='ocr_par' dir='ltr' id='par_1_2' title="bbox 61 396 995 977">
     <span class='ocr_line' id='line_1_2' title="bbox 68 396 995 476; baseline 0.012 -21"><span class='ocrx_word' id='word_1_6' title='bbox 68 397 176 457; x_wconf 88' lang='lat' dir='ltr'>nalum</span> <span class='ocrx_word' id='word_1_7' title='bbox 198 402 306 473; x_wconf 87' lang='lat' dir='ltr'>eunte,</span> <span class='ocrx_word' id='word_1_8' title='bbox 333 396 408 456; x_wconf 85' lang='lat' dir='ltr'>dure</span> <span class='ocrx_word' id='word_1_9' title='bbox 430 398 560 476; x_wconf 79' lang='lat' dir='ltr'><strong>gloriam</strong></span> <span class='ocrx_word' id='word_1_10' title='bbox 584 399 649 459; x_wconf 86' lang='lat' dir='ltr'>Deo</span> <span class='ocrx_word' id='word_1_11' title='bbox 679 408 709 459; x_wconf 89' lang='lat' dir='ltr'>et</span> <span class='ocrx_word' id='word_1_12' title='bbox 740 403 899 463; x_wconf 87' lang='lat' dir='ltr'>veritatem</span> <span class='ocrx_word' id='word_1_13' title='bbox 930 407 995 466; x_wconf 88' lang='lat' dir='ltr'>eius</span> 
     </span>
     <span class='ocr_line' id='line_1_3' title="bbox 65 479 993 548; baseline 0.01 -9"><span class='ocrx_word' id='word_1_14' title='bbox 65 479 226 539; x_wconf 75' lang='lat' dir='ltr'>confiteri?</span> <span class='ocrx_word' id='word_1_15' title='bbox 256 479 333 539; x_wconf 77' lang='lat' dir='ltr'>Essa</span> <span class='ocrx_word' id='word_1_16' title='bbox 362 479 481 539; x_wconf 85' lang='lat' dir='ltr'>scilicet</span> <span class='ocrx_word' id='word_1_17' title='bbox 518 481 609 541; x_wconf 90' lang='lat' dir='ltr'>hodie</span> <span class='ocrx_word' id='word_1_18' title='bbox 631 482 809 543; x_wconf 71' lang='lat' dir='ltr'><strong>sacerdotes</strong></span> <span class='ocrx_word' id='word_1_19' title='bbox 832 504 940 548; x_wconf 89' lang='lat' dir='ltr'>omues</span> <span class='ocrx_word' id='word_1_20' title='bbox 963 490 993 548; x_wconf 91' lang='lat' dir='ltr'>iu</span> 
     </span>
     <span class='ocr_line' id='line_1_4' title="bbox 65 564 995 650; baseline 0.01 -26"><span class='ocrx_word' id='word_1_21' title='bbox 65 564 220 624; x_wconf 85' lang='lat' dir='ltr'>sententia</span> <span class='ocrx_word' id='word_1_22' title='bbox 247 582 410 643; x_wconf 78' lang='lat' dir='ltr'>perversa,</span> <span class='ocrx_word' id='word_1_23' title='bbox 444 566 617 644; x_wconf 88' lang='lat' dir='ltr'>quicunque</span> <span class='ocrx_word' id='word_1_24' title='bbox 650 568 773 627; x_wconf 89' lang='lat' dir='ltr'>missam</span> <span class='ocrx_word' id='word_1_25' title='bbox 810 588 866 648; x_wconf 85' lang='lat' dir='ltr'>pro</span> <span class='ocrx_word' id='word_1_26' title='bbox 901 589 995 650; x_wconf 89' lang='lat' dir='ltr'>opere</span> 
     </span>
     <span class='ocr_line' id='line_1_5' title="bbox 63 646 994 730; baseline 0.009 -25"><span class='ocrx_word' id='word_1_27' title='bbox 63 646 197 721; x_wconf 88' lang='lat' dir='ltr'>ducunt,</span> <span class='ocrx_word' id='word_1_28' title='bbox 219 665 283 726; x_wconf 92' lang='lat' dir='ltr'>quo</span> <span class='ocrx_word' id='word_1_29' title='bbox 305 654 485 706; x_wconf 86' lang='lat' dir='ltr'>succurrant</span> <span class='ocrx_word' id='word_1_30' title='bbox 506 649 568 707; x_wconf 88' lang='lat' dir='ltr'>suis</span> <span class='ocrx_word' id='word_1_31' title='bbox 591 657 643 708; x_wconf 88' lang='lat' dir='ltr'>sut</span> <span class='ocrx_word' id='word_1_32' title='bbox 665 649 805 730; x_wconf 86' lang='lat' dir='ltr'>aliorum,</span> <span class='ocrx_word' id='word_1_33' title='bbox 828 652 893 711; x_wconf 87' lang='lat' dir='ltr'>sive</span> <span class='ocrx_word' id='word_1_34' title='bbox 916 673 994 715; x_wconf 87' lang='lat' dir='ltr'>mor-</span> 
     </span>
     <span class='ocr_line' id='line_1_6' title="bbox 63 731 995 807; baseline 0.008 -17"><span class='ocrx_word' id='word_1_35' title='bbox 63 734 200 807; x_wconf 81' lang='lat' dir='ltr'>tiorum,</span> <span class='ocrx_word' id='word_1_36' title='bbox 231 731 298 789; x_wconf 85' lang='lat' dir='ltr'>sive</span> <span class='ocrx_word' id='word_1_37' title='bbox 325 731 480 807; x_wconf 85' lang='lat' dir='ltr'>vivorum,</span> <span class='ocrx_word' id='word_1_38' title='bbox 509 732 751 793; x_wconf 86' lang='lat' dir='ltr'>necessitatibus.</span> <span class='ocrx_word' id='word_1_39' title='bbox 792 734 933 796; x_wconf 88' lang='lat' dir='ltr'>lnsudita</span> <span class='ocrx_word' id='word_1_40' title='bbox 963 745 995 797; x_wconf 88' lang='lat' dir='ltr'>et</span> 
     </span>
     <span class='ocr_line' id='line_1_7' title="bbox 61 813 993 898; baseline 0.008 -27"><span class='ocrx_word' id='word_1_41' title='bbox 61 813 217 894; x_wconf 86' lang='lat' dir='ltr'>stupenda</span> <span class='ocrx_word' id='word_1_42' title='bbox 239 813 320 875; x_wconf 89' lang='lat' dir='ltr'>dico.</span> <span class='ocrx_word' id='word_1_43' title='bbox 366 813 426 872; x_wconf 84' lang='lat' dir='ltr'>Sed</span> <span class='ocrx_word' id='word_1_44' title='bbox 450 816 574 874; x_wconf 88' lang='lat' dir='ltr'>missam</span> <span class='ocrx_word' id='word_1_45' title='bbox 602 816 626 873; x_wconf 91' lang='lat' dir='ltr'>si</span> <span class='ocrx_word' id='word_1_46' title='bbox 654 817 816 894; x_wconf 87' lang='lat' dir='ltr'>intuearis,</span> <span class='ocrx_word' id='word_1_47' title='bbox 845 819 917 896; x_wconf 90' lang='lat' dir='ltr'>quid</span> <span class='ocrx_word' id='word_1_48' title='bbox 944 821 993 898; x_wconf 84' lang='lat' dir='ltr'>sit,</span> 
     </span>
     <span class='ocr_line' id='line_1_8' title="bbox 62 896 994 977; baseline 0.01 -23"><span class='ocrx_word' id='word_1_49' title='bbox 62 916 135 957; x_wconf 79' lang='lat' dir='ltr'>sera</span> <span class='ocrx_word' id='word_1_50' title='bbox 155 914 210 956; x_wconf 86' lang='lat' dir='ltr'>me</span> <span class='ocrx_word' id='word_1_51' title='bbox 242 915 314 956; x_wconf 86' lang='lat' dir='ltr'>esse</span> <span class='ocrx_word' id='word_1_52' title='bbox 347 896 481 957; x_wconf 89' lang='lat' dir='ltr'>locutum</span> <span class='ocrx_word' id='word_1_53' title='bbox 516 916 698 977; x_wconf 84' lang='lat' dir='ltr'>cognosces.</span> <span class='ocrx_word' id='word_1_54' title='bbox 745 899 816 975; x_wconf 28' lang='lat' dir='ltr'>Hoc,</span> <span class='ocrx_word' id='word_1_55' title='bbox 842 901 913 960; x_wconf 82' lang='lat' dir='ltr'>lecit</span> <span class='ocrx_word' id='word_1_56' title='bbox 941 902 994 963; x_wconf 86' lang='lat' dir='ltr'>ills</span> 
     </span>
    </p>
   </div>
   <div class='ocr_carea' id='block_1_3' title="bbox 61 981 1090 1062">
    <p class='ocr_par' dir='ltr' id='par_1_3' title="bbox 61 981 1090 1062">
     <span class='ocr_line' id='line_1_9' title="bbox 61 981 1090 1062; baseline 0.007 -24"><span class='ocrx_word' id='word_1_57' title='bbox 61 981 157 1040; x_wconf 88' lang='lat' dir='ltr'>nimia</span> <span class='ocrx_word' id='word_1_58' title='bbox 185 981 353 1055; x_wconf 75' lang='lat' dir='ltr'>securitas,</span> <span class='ocrx_word' id='word_1_59' title='bbox 383 998 443 1058; x_wconf 87' lang='lat' dir='ltr'>qus</span> <span class='ocrx_word' id='word_1_60' title='bbox 471 983 547 1041; x_wconf 88' lang='lat' dir='ltr'>iram</span> <span class='ocrx_word' id='word_1_61' title='bbox 571 981 627 1040; x_wconf 86' lang='lat' dir='ltr'>Dei</span> <span class='ocrx_word' id='word_1_62' title='bbox 655 984 684 1041; x_wconf 92' lang='lat' dir='ltr'>in</span> <span class='ocrx_word' id='word_1_63' title='bbox 715 1001 772 1042; x_wconf 91' lang='lat' dir='ltr'>uos</span> <span class='ocrx_word' id='word_1_64' title='bbox 800 995 992 1062; x_wconf 79' lang='lat' dir='ltr'>grassantem</span> <span class='ocrx_word' id='word_1_65' title='bbox 1083 983 1090 999; x_wconf 87' lang='lat'>’</span> 
     </span>
    </p>
   </div>
   <div class='ocr_carea' id='block_1_4' title="bbox 58 1062 995 3644">
    <p class='ocr_par' dir='ltr' id='par_1_4' title="bbox 60 1062 365 1126">
     <span class='ocr_line' id='line_1_10' title="bbox 60 1062 365 1126; baseline 0.013 -4"><span class='ocrx_word' id='word_1_66' title='bbox 60 1082 120 1124; x_wconf 91' lang='lat' dir='ltr'>non</span> <span class='ocrx_word' id='word_1_67' title='bbox 143 1062 365 1126; x_wconf 77' lang='lat' dir='ltr'><strong>intelleximus.</strong></span> 
     </span>
    </p>

    <p class='ocr_par' dir='ltr' id='par_1_5' title="bbox 58 1146 995 3056">
     <span class='ocr_line' id='line_1_11' title="bbox 142 1146 995 1234; baseline 0.001 -28"><span class='ocrx_word' id='word_1_68' title='bbox 142 1146 217 1206; x_wconf 89' lang='lat' dir='ltr'>Hoc</span> <span class='ocrx_word' id='word_1_69' title='bbox 238 1152 340 1234; x_wconf 72' lang='lat' dir='ltr'>autem</span> <span class='ocrx_word' id='word_1_70' title='bbox 363 1146 452 1205; x_wconf 82' lang='lat' dir='ltr'>facile</span> <span class='ocrx_word' id='word_1_71' title='bbox 479 1146 623 1222; x_wconf 88' lang='lat' dir='ltr'>admitt0,</span> <span class='ocrx_word' id='word_1_72' title='bbox 651 1149 824 1224; x_wconf 83' lang='lat' dir='ltr'>orationes,</span> <span class='ocrx_word' id='word_1_73' title='bbox 853 1166 929 1227; x_wconf 89' lang='lat' dir='ltr'>quas</span> <span class='ocrx_word' id='word_1_74' title='bbox 952 1148 995 1231; x_wconf 71' lang='lat' dir='ltr'>acl</span> 
     </span>
     <span class='ocr_line' id='line_1_12' title="bbox 60 1227 994 1310; baseline 0.001 -20"><span class='ocrx_word' id='word_1_75' title='bbox 60 1232 187 1290; x_wconf 88' lang='lat' dir='ltr'>missam</span> <span class='ocrx_word' id='word_1_76' title='bbox 211 1227 441 1310; x_wconf 87' lang='lat' dir='ltr'>percipiendam</span> <span class='ocrx_word' id='word_1_77' title='bbox 470 1231 649 1310; x_wconf 79' lang='lat' dir='ltr'>cougregati</span> <span class='ocrx_word' id='word_1_78' title='bbox 677 1248 781 1290; x_wconf 89' lang='lat' dir='ltr'>coram</span> <span class='ocrx_word' id='word_1_79' title='bbox 803 1230 871 1290; x_wconf 90' lang='lat' dir='ltr'>Deo</span> <span class='ocrx_word' id='word_1_80' title='bbox 900 1230 994 1291; x_wconf 82' lang='lat' dir='ltr'>effun-</span> 
     </span>
     <span class='ocr_line' id='line_1_13' title="bbox 61 1311 992 1394; baseline 0.002 -22"><span class='ocrx_word' id='word_1_81' title='bbox 61 1314 174 1389; x_wconf 81' lang='lat' dir='ltr'>dimus,</span> <span class='ocrx_word' id='word_1_82' title='bbox 198 1331 269 1372; x_wconf 87' lang='lat' dir='ltr'>esse</span> <span class='ocrx_word' id='word_1_83' title='bbox 291 1311 372 1372; x_wconf 91' lang='lat' dir='ltr'>bona</span> <span class='ocrx_word' id='word_1_84' title='bbox 394 1331 489 1392; x_wconf 86' lang='lat' dir='ltr'>opera</span> <span class='ocrx_word' id='word_1_85' title='bbox 518 1333 571 1372; x_wconf 89' lang='lat' dir='ltr'>seu</span> <span class='ocrx_word' id='word_1_86' title='bbox 595 1312 760 1394; x_wconf 85' lang='lat' dir='ltr'>beneficis,</span> <span class='ocrx_word' id='word_1_87' title='bbox 791 1332 871 1392; x_wconf 86' lang='lat' dir='ltr'>quae</span> <span class='ocrx_word' id='word_1_88' title='bbox 902 1315 992 1375; x_wconf 90' lang='lat' dir='ltr'>nobis</span> 
     </span>
     <span class='ocr_line' id='line_1_14' title="bbox 62 1396 992 1476; baseline 0.002 -21"><span class='ocrx_word' id='word_1_89' title='bbox 62 1405 168 1456; x_wconf 88' lang='lat' dir='ltr'>mutuo</span> <span class='ocrx_word' id='word_1_90' title='bbox 198 1397 406 1475; x_wconf 79' lang='lat' dir='ltr'>impertimus,</span> <span class='ocrx_word' id='word_1_91' title='bbox 441 1396 631 1476; x_wconf 78' lang='lat' dir='ltr'>applicamus</span> <span class='ocrx_word' id='word_1_92' title='bbox 662 1404 693 1455; x_wconf 85' lang='lat' dir='ltr'>st</span> <span class='ocrx_word' id='word_1_93' title='bbox 719 1398 992 1474; x_wconf 74' lang='lat' dir='ltr'>communicamus,</span> 
     </span>
     <span class='ocr_line' id='line_1_15' title="bbox 61 1479 993 1559; baseline 0 -20"><span class='ocrx_word' id='word_1_94' title='bbox 61 1489 92 1539; x_wconf 86' lang='lat' dir='ltr'>et</span> <span class='ocrx_word' id='word_1_95' title='bbox 112 1498 169 1559; x_wconf 87' lang='lat' dir='ltr'>pro</span> <span class='ocrx_word' id='word_1_96' title='bbox 194 1481 326 1539; x_wconf 84' lang='lat' dir='ltr'>invicem</span> <span class='ocrx_word' id='word_1_97' title='bbox 339 1479 505 1556; x_wconf 83' lang='lat' dir='ltr'>offerimus,</span> <span class='ocrx_word' id='word_1_98' title='bbox 527 1480 605 1539; x_wconf 89' lang='lat' dir='ltr'>siout</span> <span class='ocrx_word' id='word_1_99' title='bbox 627 1479 804 1554; x_wconf 79' lang='lat' dir='ltr'>Iacobus*)</span> <span class='ocrx_word' id='word_1_100' title='bbox 828 1499 886 1539; x_wconf 87' lang='lat' dir='ltr'>uos</span> <span class='ocrx_word' id='word_1_101' title='bbox 901 1480 993 1542; x_wconf 89' lang='lat' dir='ltr'>docet</span> 
     </span>
     <span class='ocr_line' id='line_1_16' title="bbox 64 1561 990 1642; baseline 0.001 -20"><span class='ocrx_word' id='word_1_102' title='bbox 64 1582 152 1622; x_wconf 83' lang='lat' dir='ltr'>crure</span> <span class='ocrx_word' id='word_1_103' title='bbox 174 1581 232 1642; x_wconf 88' lang='lat' dir='ltr'>pro</span> <span class='ocrx_word' id='word_1_104' title='bbox 256 1563 397 1639; x_wconf 85' lang='lat' dir='ltr'>invicem,</span> <span class='ocrx_word' id='word_1_105' title='bbox 421 1569 454 1622; x_wconf 88' lang='lat' dir='ltr'>ut</span> <span class='ocrx_word' id='word_1_106' title='bbox 474 1561 637 1623; x_wconf 83' lang='lat' dir='ltr'>salvemur.</span> <span class='ocrx_word' id='word_1_107' title='bbox 661 1563 699 1621; x_wconf 83' lang='lat' dir='ltr'>Et</span> <span class='ocrx_word' id='word_1_108' title='bbox 713 1562 822 1622; x_wconf 86' lang='lat' dir='ltr'>Paulus</span> <span class='ocrx_word' id='word_1_109' title='bbox 835 1563 856 1622; x_wconf 89' lang='lat' dir='ltr'>l.</span> <span class='ocrx_word' id='word_1_110' title='bbox 869 1562 946 1625; x_wconf 79' lang='lat' dir='ltr'>Tim.</span> <span class='ocrx_word' id='word_1_111' title='bbox 961 1564 990 1625; x_wconf 84' lang='lat'>2.</span> 
     </span>
     <span class='ocr_line' id='line_1_17' title="bbox 67 1643 991 1725; baseline 0.001 -21"><span class='ocrx_word' id='word_1_112' title='bbox 67 1646 222 1725; x_wconf 86' lang='lat' dir='ltr'>praecepit</span> <span class='ocrx_word' id='word_1_113' title='bbox 232 1643 300 1704; x_wconf 85' lang='lat' dir='ltr'>fieri</span> <span class='ocrx_word' id='word_1_114' title='bbox 314 1644 555 1721; x_wconf 74' lang='lat' dir='ltr'>obsecrationes,</span> <span class='ocrx_word' id='word_1_115' title='bbox 569 1646 734 1725; x_wconf 86' lang='lat' dir='ltr'>orationes,</span> <span class='ocrx_word' id='word_1_116' title='bbox 756 1645 991 1725; x_wconf 80' lang='lat' dir='ltr'>postulationes,</span> 
     </span>
     <span class='ocr_line' id='line_1_18' title="bbox 71 1728 992 1809; baseline 0.001 -23"><span class='ocrx_word' id='word_1_117' title='bbox 71 1746 127 1807; x_wconf 88' lang='lat' dir='ltr'>pro</span> <span class='ocrx_word' id='word_1_118' title='bbox 149 1728 287 1788; x_wconf 90' lang='lat' dir='ltr'>omnibus</span> <span class='ocrx_word' id='word_1_119' title='bbox 310 1728 500 1806; x_wconf 90' lang='lat' dir='ltr'>homiuibus,</span> <span class='ocrx_word' id='word_1_120' title='bbox 529 1746 585 1809; x_wconf 90' lang='lat' dir='ltr'>pro</span> <span class='ocrx_word' id='word_1_121' title='bbox 616 1729 753 1808; x_wconf 83' lang='lat' dir='ltr'>regibus,</span> <span class='ocrx_word' id='word_1_122' title='bbox 781 1737 812 1788; x_wconf 88' lang='lat' dir='ltr'>et</span> <span class='ocrx_word' id='word_1_123' title='bbox 839 1729 992 1806; x_wconf 89' lang='lat' dir='ltr'>omnibus,</span> 
     </span>
     <span class='ocr_line' id='line_1_19' title="bbox 69 1810 991 1890; baseline 0.004 -22"><span class='ocrx_word' id='word_1_124' title='bbox 69 1811 168 1890; x_wconf 76' lang='lat' dir='ltr'>quiin</span> <span class='ocrx_word' id='word_1_125' title='bbox 190 1811 378 1872; x_wconf 84' lang='lat' dir='ltr'>sublimitate</span> <span class='ocrx_word' id='word_1_126' title='bbox 400 1820 471 1871; x_wconf 87' lang='lat' dir='ltr'>sunt</span> <span class='ocrx_word' id='word_1_127' title='bbox 492 1813 657 1873; x_wconf 88' lang='lat' dir='ltr'>constituti.</span> <span class='ocrx_word' id='word_1_128' title='bbox 707 1810 791 1871; x_wconf 86' lang='lat' dir='ltr'>Haec</span> <span class='ocrx_word' id='word_1_129' title='bbox 819 1814 898 1871; x_wconf 85' lang='lat' dir='ltr'>euim</span> <span class='ocrx_word' id='word_1_130' title='bbox 929 1830 991 1872; x_wconf 90' lang='lat' dir='ltr'>non</span> 
     </span>
     <span class='ocr_line' id='line_1_20' title="bbox 64 1894 992 1975; baseline 0.002 -23"><span class='ocrx_word' id='word_1_131' title='bbox 64 1902 134 1953; x_wconf 92' lang='lat' dir='ltr'>sunt</span> <span class='ocrx_word' id='word_1_132' title='bbox 156 1897 260 1973; x_wconf 89' lang='lat' dir='ltr'>missa,</span> <span class='ocrx_word' id='word_1_133' title='bbox 282 1894 338 1955; x_wconf 89' lang='lat' dir='ltr'>sed</span> <span class='ocrx_word' id='word_1_134' title='bbox 363 1913 457 1974; x_wconf 86' lang='lat' dir='ltr'>opera</span> <span class='ocrx_word' id='word_1_135' title='bbox 473 1897 595 1968; x_wconf 88' lang='lat' dir='ltr'>missae,</span> <span class='ocrx_word' id='word_1_136' title='bbox 619 1895 642 1952; x_wconf 89' lang='lat' dir='ltr'>ai</span> <span class='ocrx_word' id='word_1_137' title='bbox 656 1901 756 1954; x_wconf 86' lang='lat' dir='ltr'>tamen</span> <span class='ocrx_word' id='word_1_138' title='bbox 771 1913 866 1975; x_wconf 85' lang='lat' dir='ltr'>opera</span> <span class='ocrx_word' id='word_1_139' title='bbox 888 1895 992 1955; x_wconf 88' lang='lat' dir='ltr'>vocari</span> 
     </span>
     <span class='ocr_line' id='line_1_21' title="bbox 64 1976 992 2056; baseline 0.001 -19"><span class='ocrx_word' id='word_1_140' title='bbox 64 1977 178 2037; x_wconf 88' lang='lat' dir='ltr'>debent</span> <span class='ocrx_word' id='word_1_141' title='bbox 200 1978 357 2038; x_wconf 87' lang='lat' dir='ltr'>orationes</span> <span class='ocrx_word' id='word_1_142' title='bbox 380 1977 480 2038; x_wconf 84' lang='lat' dir='ltr'>cordis</span> <span class='ocrx_word' id='word_1_143' title='bbox 504 1985 534 2038; x_wconf 92' lang='lat' dir='ltr'>et</span> <span class='ocrx_word' id='word_1_144' title='bbox 556 1980 631 2054; x_wconf 88' lang='lat' dir='ltr'>oris,</span> <span class='ocrx_word' id='word_1_145' title='bbox 662 1980 733 2056; x_wconf 86' lang='lat' dir='ltr'>quis</span> <span class='ocrx_word' id='word_1_146' title='bbox 758 1977 836 2038; x_wconf 86' lang='lat' dir='ltr'>flunt</span> <span class='ocrx_word' id='word_1_147' title='bbox 862 1997 902 2038; x_wconf 86' lang='lat' dir='ltr'>ex</span> <span class='ocrx_word' id='word_1_148' title='bbox 931 1976 992 2038; x_wconf 86' lang='lat' dir='ltr'>fide</span> 
     </span>
     <span class='ocr_line' id='line_1_22' title="bbox 62 2059 993 2142; baseline 0.002 -22"><span class='ocrx_word' id='word_1_149' title='bbox 62 2061 92 2120; x_wconf 92' lang='lat' dir='ltr'>in</span> <span class='ocrx_word' id='word_1_150' title='bbox 115 2069 312 2122; x_wconf 86' lang='lat' dir='ltr'>sacramento</span> <span class='ocrx_word' id='word_1_151' title='bbox 335 2068 481 2142; x_wconf 88' lang='lat' dir='ltr'>percepta</span> <span class='ocrx_word' id='word_1_152' title='bbox 501 2061 664 2122; x_wconf 84' lang='lat' dir='ltr'>veluucta.</span> <span class='ocrx_word' id='word_1_153' title='bbox 701 2061 770 2121; x_wconf 87' lang='lat' dir='ltr'>Non</span> <span class='ocrx_word' id='word_1_154' title='bbox 796 2063 876 2121; x_wconf 90' lang='lat' dir='ltr'>enim</span> <span class='ocrx_word' id='word_1_155' title='bbox 899 2059 993 2122; x_wconf 79' lang='lat' dir='ltr'>missis</span> 
     </span>
     <span class='ocr_line' id='line_1_23' title="bbox 63 2144 992 2224; baseline 0.002 -22"><span class='ocrx_word' id='word_1_156' title='bbox 63 2144 110 2204; x_wconf 86' lang='lat' dir='ltr'>vel</span> <span class='ocrx_word' id='word_1_157' title='bbox 133 2145 300 2224; x_wconf 86' lang='lat' dir='ltr'>promissio</span> <span class='ocrx_word' id='word_1_158' title='bbox 323 2145 380 2204; x_wconf 88' lang='lat' dir='ltr'>Dei</span> <span class='ocrx_word' id='word_1_159' title='bbox 404 2144 547 2224; x_wconf 88' lang='lat' dir='ltr'>impletur</span> <span class='ocrx_word' id='word_1_160' title='bbox 568 2145 702 2220; x_wconf 88' lang='lat' dir='ltr'>orando,</span> <span class='ocrx_word' id='word_1_161' title='bbox 732 2144 785 2204; x_wconf 90' lang='lat' dir='ltr'>sed</span> <span class='ocrx_word' id='word_1_162' title='bbox 807 2145 905 2206; x_wconf 89' lang='lat' dir='ltr'>solum</span> <span class='ocrx_word' id='word_1_163' title='bbox 930 2165 992 2204; x_wconf 87' lang='lat' dir='ltr'>cra-</span> 
     </span>
     <span class='ocr_line' id='line_1_24' title="bbox 60 2227 991 2308; baseline 0.001 -22"><span class='ocrx_word' id='word_1_164' title='bbox 60 2228 180 2306; x_wconf 82' lang='lat' dir='ltr'>dendo,</span> <span class='ocrx_word' id='word_1_165' title='bbox 203 2227 364 2287; x_wconf 86' lang='lat' dir='ltr'>credentes</span> <span class='ocrx_word' id='word_1_166' title='bbox 387 2235 487 2288; x_wconf 81' lang='lat' dir='ltr'>autem</span> <span class='ocrx_word' id='word_1_167' title='bbox 512 2247 650 2306; x_wconf 86' lang='lat' dir='ltr'>oramus,</span> <span class='ocrx_word' id='word_1_168' title='bbox 674 2235 704 2287; x_wconf 88' lang='lat' dir='ltr'>et</span> <span class='ocrx_word' id='word_1_169' title='bbox 726 2228 885 2306; x_wconf 84' lang='lat' dir='ltr'>quodlibet</span> <span class='ocrx_word' id='word_1_170' title='bbox 913 2248 991 2308; x_wconf 89' lang='lat' dir='ltr'>opus</span> 
     </span>
     <span class='ocr_line' id='line_1_25' title="bbox 61 2311 991 2390; baseline 0.003 -22"><span class='ocrx_word' id='word_1_171' title='bbox 61 2312 178 2371; x_wconf 89' lang='lat' dir='ltr'>bonum</span> <span class='ocrx_word' id='word_1_172' title='bbox 200 2312 339 2372; x_wconf 85' lang='lat' dir='ltr'>facimus.</span> <span class='ocrx_word' id='word_1_173' title='bbox 383 2311 444 2371; x_wconf 89' lang='lat' dir='ltr'>Sed</span> <span class='ocrx_word' id='word_1_174' title='bbox 466 2312 533 2390; x_wconf 89' lang='lat' dir='ltr'>quis</span> <span class='ocrx_word' id='word_1_175' title='bbox 557 2311 750 2370; x_wconf 88' lang='lat' dir='ltr'>sacerdotum</span> <span class='ocrx_word' id='word_1_176' title='bbox 779 2312 839 2371; x_wconf 91' lang='lat' dir='ltr'>hoc</span> <span class='ocrx_word' id='word_1_177' title='bbox 867 2316 991 2371; x_wconf 87' lang='lat' dir='ltr'>nomine</span> 
     </span>
     <span class='ocr_line' id='line_1_26' title="bbox 58 2393 992 2469; baseline 0.001 -17"><span class='ocrx_word' id='word_1_178' title='bbox 58 2393 232 2469; x_wconf 84' lang='lat' dir='ltr'>sacrificat,</span> <span class='ocrx_word' id='word_1_179' title='bbox 254 2402 287 2454; x_wconf 92' lang='lat' dir='ltr'>ut</span> <span class='ocrx_word' id='word_1_180' title='bbox 308 2395 390 2454; x_wconf 87' lang='lat' dir='ltr'>solus</span> <span class='ocrx_word' id='word_1_181' title='bbox 412 2399 566 2454; x_wconf 87' lang='lat' dir='ltr'>orationes</span> <span class='ocrx_word' id='word_1_182' title='bbox 589 2395 748 2453; x_wconf 84' lang='lat' dir='ltr'>arbitretur</span> <span class='ocrx_word' id='word_1_183' title='bbox 771 2415 838 2454; x_wconf 89' lang='lat' dir='ltr'>sese</span> <span class='ocrx_word' id='word_1_184' title='bbox 861 2394 992 2454; x_wconf 85' lang='lat' dir='ltr'>offerre?</span> 
     </span>
     <span class='ocr_line' id='line_1_27' title="bbox 61 2477 990 2557; baseline -0.002 -19"><span class='ocrx_word' id='word_1_185' title='bbox 61 2477 179 2538; x_wconf 85' lang='lat' dir='ltr'>Omnes</span> <span class='ocrx_word' id='word_1_186' title='bbox 218 2478 424 2556; x_wconf 85' lang='lat' dir='ltr'>imaginantur</span> <span class='ocrx_word' id='word_1_187' title='bbox 465 2498 533 2537; x_wconf 87' lang='lat' dir='ltr'>sese</span> <span class='ocrx_word' id='word_1_188' title='bbox 570 2478 678 2536; x_wconf 83' lang='lat' dir='ltr'>offerre</span> <span class='ocrx_word' id='word_1_189' title='bbox 710 2480 808 2557; x_wconf 89' lang='lat' dir='ltr'>ipsum</span> <span class='ocrx_word' id='word_1_190' title='bbox 839 2479 990 2537; x_wconf 83' lang='lat' dir='ltr'>Christum</span> 
     </span>
     <span class='ocr_line' id='line_1_28' title="bbox 61 2560 992 2640; baseline 0 -21"><span class='ocrx_word' id='word_1_191' title='bbox 61 2560 130 2621; x_wconf 89' lang='lat' dir='ltr'>Deo</span> <span class='ocrx_word' id='word_1_192' title='bbox 165 2560 245 2620; x_wconf 87' lang='lat' dir='ltr'>Patri</span> <span class='ocrx_word' id='word_1_193' title='bbox 286 2568 430 2640; x_wconf 84' lang='lat' dir='ltr'>tunquam</span> <span class='ocrx_word' id='word_1_194' title='bbox 462 2562 592 2621; x_wconf 83' lang='lat' dir='ltr'>hostiurn</span> <span class='ocrx_word' id='word_1_195' title='bbox 621 2561 926 2636; x_wconf 82' lang='lat' dir='ltr'>sufficientissimam,</span> <span class='ocrx_word' id='word_1_196' title='bbox 962 2568 992 2620; x_wconf 89' lang='lat' dir='ltr'>et</span> 
     </span>
     <span class='ocr_line' id='line_1_29' title="bbox 61 2643 990 2724; baseline 0 -21"><span class='ocrx_word' id='word_1_197' title='bbox 61 2643 179 2704; x_wconf 92' lang='lat' dir='ltr'>bonum</span> <span class='ocrx_word' id='word_1_198' title='bbox 202 2663 282 2723; x_wconf 92' lang='lat' dir='ltr'>opus</span> <span class='ocrx_word' id='word_1_199' title='bbox 303 2643 404 2704; x_wconf 85' lang='lat' dir='ltr'>facere</span> <span class='ocrx_word' id='word_1_200' title='bbox 429 2644 581 2720; x_wconf 88' lang='lat' dir='ltr'>omnibus,</span> <span class='ocrx_word' id='word_1_201' title='bbox 603 2645 711 2722; x_wconf 87' lang='lat' dir='ltr'>quibus</span> <span class='ocrx_word' id='word_1_202' title='bbox 725 2655 901 2723; x_wconf 88' lang='lat' dir='ltr'>proponunt</span> <span class='ocrx_word' id='word_1_203' title='bbox 924 2664 990 2724; x_wconf 89' lang='lat' dir='ltr'>pro·</span> 
     </span>
     <span class='ocr_line' id='line_1_30' title="bbox 62 2728 991 2806; baseline 0 -20"><span class='ocrx_word' id='word_1_204' title='bbox 62 2728 163 2805; x_wconf 90' lang='lat' dir='ltr'>desse,</span> <span class='ocrx_word' id='word_1_205' title='bbox 187 2729 258 2806; x_wconf 88' lang='lat' dir='ltr'>quia</span> <span class='ocrx_word' id='word_1_206' title='bbox 271 2728 428 2787; x_wconf 81' lang='lat' dir='ltr'>confidunt</span> <span class='ocrx_word' id='word_1_207' title='bbox 449 2730 586 2806; x_wconf 86' lang='lat' dir='ltr'>inopere</span> <span class='ocrx_word' id='word_1_208' title='bbox 609 2730 737 2806; x_wconf 83' lang='lat' dir='ltr'>operati,</span> <span class='ocrx_word' id='word_1_209' title='bbox 760 2728 841 2805; x_wconf 88' lang='lat' dir='ltr'>quod</span> <span class='ocrx_word' id='word_1_210' title='bbox 860 2729 991 2787; x_wconf 89' lang='lat' dir='ltr'>orationi</span> 
     </span>
     <span class='ocr_line' id='line_1_31' title="bbox 61 2810 989 2890; baseline 0 -20"><span class='ocrx_word' id='word_1_211' title='bbox 61 2830 123 2871; x_wconf 93' lang='lat' dir='ltr'>non</span> <span class='ocrx_word' id='word_1_212' title='bbox 156 2812 298 2870; x_wconf 88' lang='lat' dir='ltr'>tribuunt.</span> <span class='ocrx_word' id='word_1_213' title='bbox 355 2812 405 2871; x_wconf 87' lang='lat' dir='ltr'>Sic</span> <span class='ocrx_word' id='word_1_214' title='bbox 434 2810 579 2890; x_wconf 84' lang='lat' dir='ltr'>paulatim</span> <span class='ocrx_word' id='word_1_215' title='bbox 617 2831 718 2869; x_wconf 84' lang='lat' dir='ltr'>errore</span> <span class='ocrx_word' id='word_1_216' title='bbox 750 2818 924 2889; x_wconf 86' lang='lat' dir='ltr'>crescente,</span> <span class='ocrx_word' id='word_1_217' title='bbox 960 2811 989 2870; x_wconf 91' lang='lat' dir='ltr'>id</span> 
     </span>
     <span class='ocr_line' id='line_1_32' title="bbox 62 2893 990 2974; baseline 0 -21"><span class='ocrx_word' id='word_1_218' title='bbox 62 2893 146 2974; x_wconf 91' lang='lat' dir='ltr'>quod</span> <span class='ocrx_word' id='word_1_219' title='bbox 170 2896 343 2953; x_wconf 87' lang='lat' dir='ltr'>orationum</span> <span class='ocrx_word' id='word_1_220' title='bbox 366 2902 423 2972; x_wconf 88' lang='lat' dir='ltr'>est,</span> <span class='ocrx_word' id='word_1_221' title='bbox 447 2896 612 2953; x_wconf 85' lang='lat' dir='ltr'>tribuerunt</span> <span class='ocrx_word' id='word_1_222' title='bbox 638 2902 841 2971; x_wconf 82' lang='lat' dir='ltr'>sacramenta,</span> <span class='ocrx_word' id='word_1_223' title='bbox 864 2904 895 2954; x_wconf 85' lang='lat' dir='ltr'>et</span> <span class='ocrx_word' id='word_1_224' title='bbox 909 2894 990 2974; x_wconf 90' lang='lat' dir='ltr'>quod</span> 
     </span>
     <span class='ocr_line' id='line_1_33' title="bbox 61 2976 895 3056; baseline -0.001 -20"><span class='ocrx_word' id='word_1_225' title='bbox 61 2980 199 3056; x_wconf 89' lang='lat' dir='ltr'>recipere</span> <span class='ocrx_word' id='word_1_226' title='bbox 223 2977 402 3037; x_wconf 87' lang='lat' dir='ltr'>beneficium</span> <span class='ocrx_word' id='word_1_227' title='bbox 427 2976 547 3052; x_wconf 89' lang='lat' dir='ltr'>debent,</span> <span class='ocrx_word' id='word_1_228' title='bbox 570 2977 599 3034; x_wconf 91' lang='lat' dir='ltr'>id</span> <span class='ocrx_word' id='word_1_229' title='bbox 623 2977 798 3037; x_wconf 88' lang='lat' dir='ltr'>obtuleruut</span> <span class='ocrx_word' id='word_1_230' title='bbox 819 2979 895 3038; x_wconf 84' lang='lat' dir='ltr'>Deo.</span> 
     </span>
    </p>

    <p class='ocr_par' dir='ltr' id='par_1_6' title="bbox 62 3059 992 3644">
     <span class='ocr_line' id='line_1_34' title="bbox 147 3059 991 3135; baseline 0.004 -16"><span class='ocrx_word' id='word_1_231' title='bbox 147 3059 251 3135; x_wconf 81' lang='lat' dir='ltr'>Quare</span> <span class='ocrx_word' id='word_1_232' title='bbox 282 3069 370 3120; x_wconf 87' lang='lat' dir='ltr'>acute</span> <span class='ocrx_word' id='word_1_233' title='bbox 399 3061 632 3120; x_wconf 82' lang='lat' dir='ltr'>discernendum</span> <span class='ocrx_word' id='word_1_234' title='bbox 657 3069 705 3120; x_wconf 87' lang='lat' dir='ltr'>est</span> <span class='ocrx_word' id='word_1_235' title='bbox 730 3064 808 3121; x_wconf 84' lang='lat' dir='ltr'>inter</span> <span class='ocrx_word' id='word_1_236' title='bbox 830 3070 991 3122; x_wconf 84' lang='lat' dir='ltr'>testamen-</span> 
     </span>
     <span class='ocr_line' id='line_1_35' title="bbox 63 3145 990 3226; baseline 0.004 -24"><span class='ocrx_word' id='word_1_237' title='bbox 63 3155 126 3203; x_wconf 92' lang='lat' dir='ltr'>tum</span> <span class='ocrx_word' id='word_1_238' title='bbox 150 3152 437 3222; x_wconf 86' lang='lat' dir='ltr'>sacramentumque</span> <span class='ocrx_word' id='word_1_239' title='bbox 460 3146 559 3223; x_wconf 87' lang='lat' dir='ltr'>ipsum</span> <span class='ocrx_word' id='word_1_240' title='bbox 582 3151 613 3202; x_wconf 89' lang='lat' dir='ltr'>et</span> <span class='ocrx_word' id='word_1_241' title='bbox 634 3145 889 3226; x_wconf 81' lang='lat' dir='ltr'>intererationes,</span> <span class='ocrx_word' id='word_1_242' title='bbox 913 3165 990 3225; x_wconf 87' lang='lat' dir='ltr'>quas</span> 
     </span>
     <span class='ocr_line' id='line_1_36' title="bbox 62 3227 992 3309; baseline 0.003 -24"><span class='ocrx_word' id='word_1_243' title='bbox 62 3227 150 3287; x_wconf 90' lang='lat' dir='ltr'>simul</span> <span class='ocrx_word' id='word_1_244' title='bbox 176 3247 309 3303; x_wconf 88' lang='lat' dir='ltr'>oramus,</span> <span class='ocrx_word' id='word_1_245' title='bbox 333 3247 389 3286; x_wconf 84' lang='lat' dir='ltr'>neo</span> <span class='ocrx_word' id='word_1_246' title='bbox 411 3227 440 3285; x_wconf 92' lang='lat' dir='ltr'>id</span> <span class='ocrx_word' id='word_1_247' title='bbox 463 3228 573 3304; x_wconf 88' lang='lat' dir='ltr'>solum,</span> <span class='ocrx_word' id='word_1_248' title='bbox 596 3228 649 3287; x_wconf 86' lang='lat' dir='ltr'>ssd</span> <span class='ocrx_word' id='word_1_249' title='bbox 665 3230 742 3288; x_wconf 88' lang='lat' dir='ltr'>seire</span> <span class='ocrx_word' id='word_1_250' title='bbox 765 3248 887 3308; x_wconf 90' lang='lat' dir='ltr'>quoque</span> <span class='ocrx_word' id='word_1_251' title='bbox 902 3248 992 3309; x_wconf 90' lang='lat' dir='ltr'>opor·</span> 
     </span>
     <span class='ocr_line' id='line_1_37' title="bbox 62 3311 989 3393; baseline 0.001 -23"><span class='ocrx_word' id='word_1_252' title='bbox 62 3319 114 3386; x_wconf 84' lang='lat' dir='ltr'>tet,</span> <span class='ocrx_word' id='word_1_253' title='bbox 137 3312 294 3371; x_wconf 88' lang='lat' dir='ltr'>orationes</span> <span class='ocrx_word' id='word_1_254' title='bbox 317 3328 440 3389; x_wconf 88' lang='lat' dir='ltr'>prorsus</span> <span class='ocrx_word' id='word_1_255' title='bbox 464 3311 536 3369; x_wconf 90' lang='lat' dir='ltr'>nihil</span> <span class='ocrx_word' id='word_1_256' title='bbox 560 3312 678 3387; x_wconf 84' lang='lat' dir='ltr'>velere,</span> <span class='ocrx_word' id='word_1_257' title='bbox 707 3333 764 3372; x_wconf 85' lang='lat' dir='ltr'>nec</span> <span class='ocrx_word' id='word_1_258' title='bbox 793 3316 889 3374; x_wconf 83' lang='lat' dir='ltr'>oranti</span> <span class='ocrx_word' id='word_1_259' title='bbox 921 3316 989 3393; x_wconf 88' lang='lat' dir='ltr'>ipsi,</span> 
     </span>
     <span class='ocr_line' id='line_1_38' title="bbox 63 3394 990 3474; baseline 0.002 -21"><span class='ocrx_word' id='word_1_260' title='bbox 63 3414 120 3453; x_wconf 86' lang='lat' dir='ltr'>uec</span> <span class='ocrx_word' id='word_1_261' title='bbox 142 3396 190 3470; x_wconf 82' lang='lat' dir='ltr'>iis,</span> <span class='ocrx_word' id='word_1_262' title='bbox 215 3411 271 3472; x_wconf 83' lang='lat' dir='ltr'>pro</span> <span class='ocrx_word' id='word_1_263' title='bbox 294 3394 401 3471; x_wconf 87' lang='lat' dir='ltr'>quibus</span> <span class='ocrx_word' id='word_1_264' title='bbox 424 3401 562 3470; x_wconf 80' lang='lat' dir='ltr'>orantur,</span> <span class='ocrx_word' id='word_1_265' title='bbox 592 3397 650 3453; x_wconf 88' lang='lat' dir='ltr'>nisi</span> <span class='ocrx_word' id='word_1_266' title='bbox 673 3398 802 3474; x_wconf 91' lang='lat' dir='ltr'>primum</span> <span class='ocrx_word' id='word_1_267' title='bbox 827 3404 990 3457; x_wconf 85' lang='lat' dir='ltr'>testamen·</span> 
     </span>
     <span class='ocr_line' id='line_1_39' title="bbox 64 3476 992 3560; baseline 0.004 -25"><span class='ocrx_word' id='word_1_268' title='bbox 64 3487 125 3536; x_wconf 89' lang='lat' dir='ltr'>tum</span> <span class='ocrx_word' id='word_1_269' title='bbox 148 3476 209 3536; x_wconf 82' lang='lat' dir='ltr'>fide</span> <span class='ocrx_word' id='word_1_270' title='bbox 232 3482 408 3555; x_wconf 87' lang='lat' dir='ltr'>perceptum</span> <span class='ocrx_word' id='word_1_271' title='bbox 439 3479 492 3556; x_wconf 79' lang='lat' dir='ltr'>sit,</span> <span class='ocrx_word' id='word_1_272' title='bbox 530 3486 563 3536; x_wconf 93' lang='lat' dir='ltr'>ut</span> <span class='ocrx_word' id='word_1_273' title='bbox 592 3478 667 3537; x_wconf 83' lang='lat' dir='ltr'>tides</span> <span class='ocrx_word' id='word_1_274' title='bbox 697 3488 778 3557; x_wconf 91' lang='lat' dir='ltr'>oret,</span> <span class='ocrx_word' id='word_1_275' title='bbox 809 3501 889 3560; x_wconf 88' lang='lat' dir='ltr'>quae</span> <span class='ocrx_word' id='word_1_276' title='bbox 924 3481 992 3542; x_wconf 88' lang='lat' dir='ltr'>solo</span> 
     </span>
     <span class='ocr_line' id='line_1_40' title="bbox 63 3559 991 3644; baseline 0.008 -26"><span class='ocrx_word' id='word_1_277' title='bbox 63 3559 235 3634; x_wconf 82' lang='lat' dir='ltr'>exauditur,</span> <span class='ocrx_word' id='word_1_278' title='bbox 259 3561 337 3618; x_wconf 90' lang='lat' dir='ltr'>sicut</span> <span class='ocrx_word' id='word_1_279' title='bbox 360 3559 487 3619; x_wconf 88' lang='lat' dir='ltr'>lacobus</span> <span class='ocrx_word' id='word_1_280' title='bbox 511 3561 531 3621; x_wconf 92' lang='lat'>1.</span> <span class='ocrx_word' id='word_1_281' title='bbox 556 3581 622 3641; x_wconf 87' lang='lat' dir='ltr'>csp.</span> <span class='ocrx_word' id='word_1_282' title='bbox 652 3563 757 3644; x_wconf 79' lang='lat' dir='ltr'>docet3</span> <span class='ocrx_word' id='word_1_283' title='bbox 790 3566 868 3629; x_wconf 89' lang='lat' dir='ltr'>adeo</span> <span class='ocrx_word' id='word_1_284' title='bbox 899 3564 991 3644; x_wconf 85' lang='lat' dir='ltr'>longe</span> 
     </span>
    </p>
   </div>
   <div class='ocr_carea' id='block_1_5' title="bbox 89 3747 909 3951">
    <p class='ocr_par' dir='ltr' id='par_1_7' title="bbox 89 3747 909 3951">
     <span class='ocr_line' id='line_1_41' title="bbox 117 3747 306 3814; baseline 0.005 -13"><span class='ocrx_word' id='word_1_285' title='bbox 117 3751 148 3814; x_wconf 75' lang='grc'>·)</span> <span class='ocrx_word' id='word_1_286' title='bbox 168 3747 263 3802; x_wconf 84' lang='lat' dir='ltr'>Iscob.</span> <span class='ocrx_word' id='word_1_287' title='bbox 281 3750 306 3802; x_wconf 81' lang='lat'>5.</span> 
     </span>
     <span class='ocr_line' id='line_1_42' title="bbox 89 3833 909 3903; baseline 0.005 -9"><span class='ocrx_word' id='word_1_288' title='bbox 89 3855 179 3894; x_wconf 73' lang='lat' dir='ltr'>cunm</span> <span class='ocrx_word' id='word_1_289' title='bbox 193 3865 244 3903; x_wconf 71' lang='lat' dir='ltr'>opp.</span> <span class='ocrx_word' id='word_1_290' title='bbox 260 3855 285 3895; x_wconf 87' lang='lat' dir='ltr'>v.</span> <span class='ocrx_word' id='word_1_291' title='bbox 300 3855 327 3893; x_wconf 81' lang='lat' dir='ltr'>n.</span> <span class='ocrx_word' id='word_1_292' title='bbox 342 3854 369 3892; x_wconf 69' lang='lat' dir='ltr'>sc</span> <span class='ocrx_word' id='word_1_293' title='bbox 382 3854 422 3892; x_wconf 71' lang='lat' dir='ltr'>ror.</span> <span class='ocrx_word' id='word_1_294' title='bbox 435 3853 484 3894; x_wconf 69' lang='lat' dir='ltr'>uras</span> <span class='ocrx_word' id='word_1_295' title='bbox 498 3857 512 3897; x_wconf 80' lang='lat' dir='ltr'>t</span> <span class='ocrx_word' id='word_1_296' title='bbox 525 3866 548 3903; x_wconf 77' lang='grc' dir='ltr'>ρ.</span> <span class='ocrx_word' id='word_1_297' title='bbox 567 3856 611 3897; x_wconf 79' lang='lat' dir='ltr'>vor.</span> <span class='ocrx_word' id='word_1_298' title='bbox 631 3856 654 3897; x_wconf 84' lang='lat' dir='ltr'>v.</span> <span class='ocrx_word' id='word_1_299' title='bbox 888 3833 909 3898; x_wconf 74' lang='lat'>4</span> 
     </span>
     <span class='ocr_line' id='line_1_43' title="bbox 500 3926 510 3951; baseline 0 0"><span class='ocrx_word' id='word_1_300' title='bbox 500 3926 510 3951; x_wconf 76' lang='grc' dir='ltr'><em>Ι</em></span> 
     </span>
    </p>
   </div>
   <div class='ocr_carea' id='block_1_6' title="bbox 0 0 1174 4162">
    <p class='ocr_par' dir='ltr' id='par_1_8' title="bbox 0 0 1174 4162">
     <span class='ocr_line' id='line_1_44' title="bbox 0 0 1174 4162; baseline 0 0"><span class='ocrx_word' id='word_1_301' title='bbox 0 0 1174 4162; x_wconf 95' lang='lat' dir='ltr'> </span> 
     </span>
    </p>
   </div>
  </div>
 </body>
</html>
