<?xml version="1.0" encoding="UTF-8"?>
<!DOCTYPE html PUBLIC "-//W3C//DTD XHTML 1.0 Transitional//EN"
    "http://www.w3.org/TR/xhtml1/DTD/xhtml1-transitional.dtd">
<html xmlns="http://www.w3.org/1999/xhtml" xml:lang="en" lang="en">
 <head>
  <title>
</title>
<meta http-equiv="Content-Type" content="text/html;charset=utf-8" />
  <meta name='ocr-system' content='tesseract 3.04.00' />
  <meta name='ocr-capabilities' content='ocr_page ocr_carea ocr_par ocr_line ocrx_word'/>
</head>
<body>
  <div class='ocr_page' id='page_1' title='image "./dmartinilutheri03luthgoog_0637.png"; bbox 0 0 2392 4170; ppageno 0'>
   <div class='ocr_carea' id='block_1_1' title="bbox 143 198 714 306">
    <p class='ocr_par' dir='ltr' id='par_1_1' title="bbox 143 198 714 306">
     <span class='ocr_line' id='line_1_1' title="bbox 143 198 714 306; baseline -0.007 -4"><span class='ocrx_word' id='word_1_1' title='bbox 143 234 186 306; x_wconf 76' lang='lat'>94</span> <span class='ocrx_word' id='word_1_2' title='bbox 294 198 298 203; x_wconf 92' lang='lat'><em>·</em></span> <span class='ocrx_word' id='word_1_3' title='bbox 491 238 586 297; x_wconf 86' lang='lat' dir='ltr'>Ludus</span> <span class='ocrx_word' id='word_1_4' title='bbox 604 236 714 298; x_wconf 83' lang='lat' dir='ltr'>Lutberl</span> 
     </span>
    </p>
   </div>
   <div class='ocr_carea' id='block_1_2' title="bbox 72 408 1066 990">
    <p class='ocr_par' dir='ltr' id='par_1_2' title="bbox 142 408 1066 722">
     <span class='ocr_line' id='line_1_2' title="bbox 144 408 1066 493; baseline -0.002 -18"><span class='ocrx_word' id='word_1_5' title='bbox 144 408 359 475; x_wconf 79' lang='lat' dir='ltr'>vindicandum</span> <span class='ocrx_word' id='word_1_6' title='bbox 381 417 412 470; x_wconf 89' lang='lat' dir='ltr'>et</span> <span class='ocrx_word' id='word_1_7' title='bbox 441 410 590 490; x_wconf 84' lang='lat' dir='ltr'>praebere</span> <span class='ocrx_word' id='word_1_8' title='bbox 620 411 748 471; x_wconf 87' lang='lat' dir='ltr'>alteram</span> <span class='ocrx_word' id='word_1_9' title='bbox 777 412 935 473; x_wconf 87' lang='lat' dir='ltr'>maxillam</span> <span class='ocrx_word' id='word_1_10' title='bbox 957 411 1066 493; x_wconf 75' lang='lat' dir='ltr'>exigit,</span> 
     </span>
     <span class='ocr_line' id='line_1_3' title="bbox 143 492 1064 576; baseline 0.001 -21"><span class='ocrx_word' id='word_1_11' title='bbox 143 513 237 576; x_wconf 87' lang='lat' dir='ltr'>super</span> <span class='ocrx_word' id='word_1_12' title='bbox 265 492 370 555; x_wconf 91' lang='lat' dir='ltr'>Mattb.</span> <span class='ocrx_word' id='word_1_13' title='bbox 401 498 432 558; x_wconf 80' lang='lat' dir='ltr'>b.</span> <span class='ocrx_word' id='word_1_14' title='bbox 461 494 591 554; x_wconf 77' lang='lat' dir='ltr'>obscure</span> <span class='ocrx_word' id='word_1_15' title='bbox 630 493 772 574; x_wconf 88' lang='lat' dir='ltr'>loquitur.</span> <span class='ocrx_word' id='word_1_16' title='bbox 825 496 864 556; x_wconf 82' lang='lat' dir='ltr'>Et</span> <span class='ocrx_word' id='word_1_17' title='bbox 895 495 1064 556; x_wconf 80' lang='lat' dir='ltr'>secundum</span> 
     </span>
     <span class='ocr_line' id='line_1_4' title="bbox 142 576 1065 659; baseline 0 -21"><span class='ocrx_word' id='word_1_18' title='bbox 142 578 307 658; x_wconf 71' lang='lat' dir='ltr'>Magistros</span> <span class='ocrx_word' id='word_1_19' title='bbox 328 576 541 656; x_wconf 89' lang='lat' dir='ltr'>Liripipiorum</span> <span class='ocrx_word' id='word_1_20' title='bbox 564 597 625 638; x_wconf 90' lang='lat' dir='ltr'>nou</span> <span class='ocrx_word' id='word_1_21' title='bbox 657 582 866 659; x_wconf 88' lang='lat' dir='ltr'>praeceptum,</span> <span class='ocrx_word' id='word_1_22' title='bbox 889 580 943 639; x_wconf 90' lang='lat' dir='ltr'>sed</span> <span class='ocrx_word' id='word_1_23' title='bbox 964 581 1065 640; x_wconf 87' lang='lat' dir='ltr'>consi-</span> 
     </span>
     <span class='ocr_line' id='line_1_5' title="bbox 142 661 333 722; baseline -0.005 0"><span class='ocrx_word' id='word_1_24' title='bbox 142 662 217 722; x_wconf 91' lang='lat' dir='ltr'>lium</span> <span class='ocrx_word' id='word_1_25' title='bbox 259 661 333 722; x_wconf 86' lang='lat' dir='ltr'>cuit.</span> 
     </span>
    </p>

    <p class='ocr_par' dir='ltr' id='par_1_3' title="bbox 72 680 1064 990">
     <span class='ocr_line' id='line_1_6' title="bbox 225 680 1064 825; baseline 0.002 -22"><span class='ocrx_word' id='word_1_26' title='bbox 225 680 265 804; x_wconf 56' lang='lat' dir='ltr'>Fit</span> <span class='ocrx_word' id='word_1_27' title='bbox 286 744 331 803; x_wconf 88' lang='lat' dir='ltr'>sic</span> <span class='ocrx_word' id='word_1_28' title='bbox 347 743 506 822; x_wconf 85' lang='lat' dir='ltr'>babemus,</span> <span class='ocrx_word' id='word_1_29' title='bbox 528 743 610 822; x_wconf 90' lang='lat' dir='ltr'>quod</span> <span class='ocrx_word' id='word_1_30' title='bbox 629 744 785 825; x_wconf 79' lang='lat' dir='ltr'>Scriptura</span> <span class='ocrx_word' id='word_1_31' title='bbox 804 765 860 824; x_wconf 90' lang='lat' dir='ltr'>per</span> <span class='ocrx_word' id='word_1_32' title='bbox 876 765 909 805; x_wconf 87' lang='lat' dir='ltr'>ss</span> <span class='ocrx_word' id='word_1_33' title='bbox 932 745 1064 806; x_wconf 86' lang='lat' dir='ltr'>obscura</span> 
     </span>
     <span class='ocr_line' id='line_1_7' title="bbox 142 825 1063 908; baseline 0.001 -20"><span class='ocrx_word' id='word_1_34' title='bbox 142 835 198 907; x_wconf 84' lang='lat' dir='ltr'>est,</span> <span class='ocrx_word' id='word_1_35' title='bbox 220 847 274 908; x_wconf 86' lang='lat' dir='ltr'>per</span> <span class='ocrx_word' id='word_1_36' title='bbox 295 846 330 887; x_wconf 88' lang='lat' dir='ltr'>se</span> <span class='ocrx_word' id='word_1_37' title='bbox 351 826 425 887; x_wconf 91' lang='lat' dir='ltr'>nibil</span> <span class='ocrx_word' id='word_1_38' title='bbox 449 825 569 906; x_wconf 85' lang='lat' dir='ltr'>probat,</span> <span class='ocrx_word' id='word_1_39' title='bbox 591 826 697 888; x_wconf 89' lang='lat' dir='ltr'>Patres</span> <span class='ocrx_word' id='word_1_40' title='bbox 719 837 821 887; x_wconf 87' lang='lat' dir='ltr'>autem</span> <span class='ocrx_word' id='word_1_41' title='bbox 836 829 931 889; x_wconf 81' lang='lat' dir='ltr'>mutto</span> <span class='ocrx_word' id='word_1_42' title='bbox 954 828 1063 889; x_wconf 84' lang='lat' dir='ltr'>obsoc-</span> 
     </span>
     <span class='ocr_line' id='line_1_8' title="bbox 72 910 836 990; baseline 0.001 -18"><span class='ocrx_word' id='word_1_43' title='bbox 72 932 76 937; x_wconf 93' lang='lat'>·</span> <span class='ocrx_word' id='word_1_44' title='bbox 141 912 247 989; x_wconf 82' lang='lat' dir='ltr'>riores,</span> <span class='ocrx_word' id='word_1_45' title='bbox 269 917 299 971; x_wconf 88' lang='lat' dir='ltr'>et</span> <span class='ocrx_word' id='word_1_46' title='bbox 320 928 375 990; x_wconf 87' lang='lat' dir='ltr'>per</span> <span class='ocrx_word' id='word_1_47' title='bbox 397 928 430 969; x_wconf 88' lang='lat' dir='ltr'>sc</span> <span class='ocrx_word' id='word_1_48' title='bbox 453 910 550 969; x_wconf 91' lang='lat' dir='ltr'>multo</span> <span class='ocrx_word' id='word_1_49' title='bbox 575 910 672 970; x_wconf 91' lang='lat' dir='ltr'>minus</span> <span class='ocrx_word' id='word_1_50' title='bbox 696 910 836 990; x_wconf 86' lang='lat' dir='ltr'>probant.</span> 
     </span>
    </p>
   </div>
   <div class='ocr_carea' id='block_1_3' title="bbox 425 1082 770 1165">
    <p class='ocr_par' dir='ltr' id='par_1_4' title="bbox 425 1082 770 1165">
     <span class='ocr_line' id='line_1_9' title="bbox 425 1082 770 1165; baseline 0.003 -21"><span class='ocrx_word' id='word_1_51' title='bbox 425 1082 601 1165; x_wconf 80' lang='lat' dir='ltr'>Septima</span> <span class='ocrx_word' id='word_1_52' title='bbox 622 1085 770 1164; x_wconf 86' lang='lat' dir='ltr'>regula.</span> 
     </span>
    </p>
   </div>
   <div class='ocr_carea' id='block_1_4' title="bbox 137 1212 1062 1940">
    <p class='ocr_par' dir='ltr' id='par_1_5' title="bbox 222 1212 914 1292">
     <span class='ocr_line' id='line_1_10' title="bbox 222 1212 914 1292; baseline 0.004 -19"><span class='ocrx_word' id='word_1_53' title='bbox 222 1212 359 1291; x_wconf 73' lang='lat' dir='ltr'>Magistri</span> <span class='ocrx_word' id='word_1_54' title='bbox 380 1231 473 1292; x_wconf 90' lang='lat' dir='ltr'>super</span> <span class='ocrx_word' id='word_1_55' title='bbox 494 1212 668 1273; x_wconf 77' lang='lat' dir='ltr'>Sententiae</span> <span class='ocrx_word' id='word_1_56' title='bbox 689 1220 762 1273; x_wconf 88' lang='lat' dir='ltr'>sunt</span> <span class='ocrx_word' id='word_1_57' title='bbox 783 1212 914 1277; x_wconf 87' lang='lat' dir='ltr'>obscuri.</span> 
     </span>
    </p>

    <p class='ocr_par' dir='ltr' id='par_1_6' title="bbox 137 1294 1062 1940">
     <span class='ocr_line' id='line_1_11' title="bbox 202 1294 1062 1377; baseline 0.002 -23"><span class='ocrx_word' id='word_1_58' title='bbox 202 1294 313 1370; x_wconf 78' lang='lat' dir='ltr'>¹Quod</span> <span class='ocrx_word' id='word_1_59' title='bbox 342 1297 479 1356; x_wconf 90' lang='lat' dir='ltr'>omnium</span> <span class='ocrx_word' id='word_1_60' title='bbox 506 1295 766 1355; x_wconf 89' lang='lat' dir='ltr'>evidentissimum</span> <span class='ocrx_word' id='word_1_61' title='bbox 797 1304 844 1356; x_wconf 90' lang='lat' dir='ltr'>est</span> <span class='ocrx_word' id='word_1_62' title='bbox 865 1315 919 1377; x_wconf 90' lang='lat' dir='ltr'>per</span> <span class='ocrx_word' id='word_1_63' title='bbox 941 1298 1062 1376; x_wconf 83' lang='lat' dir='ltr'>experi-</span> 
     </span>
     <span class='ocr_line' id='line_1_12' title="bbox 140 1378 1062 1458; baseline 0.001 -19"><span class='ocrx_word' id='word_1_64' title='bbox 140 1380 270 1456; x_wconf 84' lang='lat' dir='ltr'>entiam,</span> <span class='ocrx_word' id='word_1_65' title='bbox 293 1381 365 1458; x_wconf 89' lang='lat' dir='ltr'>quia</span> <span class='ocrx_word' id='word_1_66' title='bbox 387 1378 494 1437; x_wconf 84' lang='lat' dir='ltr'>nullus</span> <span class='ocrx_word' id='word_1_67' title='bbox 509 1397 577 1437; x_wconf 92' lang='lat' dir='ltr'>cum</span> <span class='ocrx_word' id='word_1_68' title='bbox 602 1380 699 1439; x_wconf 88' lang='lat' dir='ltr'>altero</span> <span class='ocrx_word' id='word_1_69' title='bbox 722 1378 911 1457; x_wconf 87' lang='lat' dir='ltr'>concordat,</span> <span class='ocrx_word' id='word_1_70' title='bbox 933 1378 1062 1458; x_wconf 87' lang='lat' dir='ltr'>quilibet</span> 
     </span>
     <span class='ocr_line' id='line_1_13' title="bbox 139 1461 1061 1543; baseline 0 -20"><span class='ocrx_word' id='word_1_71' title='bbox 139 1463 225 1523; x_wconf 89' lang='lat' dir='ltr'>alteri</span> <span class='ocrx_word' id='word_1_72' title='bbox 249 1462 398 1524; x_wconf 89' lang='lat' dir='ltr'>obscurus</span> <span class='ocrx_word' id='word_1_73' title='bbox 421 1469 450 1521; x_wconf 88' lang='lat' dir='ltr'>et</span> <span class='ocrx_word' id='word_1_74' title='bbox 471 1462 595 1540; x_wconf 85' lang='lat' dir='ltr'>ignotus</span> <span class='ocrx_word' id='word_1_75' title='bbox 618 1468 674 1521; x_wconf 88' lang='lat' dir='ltr'>est.</span> <span class='ocrx_word' id='word_1_76' title='bbox 710 1461 853 1522; x_wconf 84' lang='lat' dir='ltr'>Hiucalii</span> <span class='ocrx_word' id='word_1_77' title='bbox 862 1462 1061 1543; x_wconf 85' lang='lat' dir='ltr'>Albertistae,</span> 
     </span>
     <span class='ocr_line' id='line_1_14' title="bbox 139 1544 1061 1628; baseline 0.001 -22"><span class='ocrx_word' id='word_1_78' title='bbox 139 1545 191 1606; x_wconf 86' lang='lat' dir='ltr'>alii</span> <span class='ocrx_word' id='word_1_79' title='bbox 212 1545 401 1625; x_wconf 63' lang='lat' dir='ltr'>Egiuiistse„</span> <span class='ocrx_word' id='word_1_80' title='bbox 426 1545 479 1603; x_wconf 90' lang='lat' dir='ltr'>alii</span> <span class='ocrx_word' id='word_1_81' title='bbox 505 1544 703 1628; x_wconf 80' lang='lat' dir='ltr'>Thomistae‚</span> <span class='ocrx_word' id='word_1_82' title='bbox 732 1546 783 1605; x_wconf 89' lang='lat' dir='ltr'>alii</span> <span class='ocrx_word' id='word_1_83' title='bbox 807 1545 977 1620; x_wconf 80' lang='lat' dir='ltr'>Scotistse,</span> <span class='ocrx_word' id='word_1_84' title='bbox 1006 1546 1061 1607; x_wconf 92' lang='lat' dir='ltr'>alii</span> 
     </span>
     <span class='ocr_line' id='line_1_15' title="bbox 137 1626 1059 1708; baseline -0.001 -17"><span class='ocrx_word' id='word_1_85' title='bbox 137 1626 350 1704; x_wconf 86' lang='lat' dir='ltr'>Sootellistae‚</span> <span class='ocrx_word' id='word_1_86' title='bbox 378 1627 428 1687; x_wconf 87' lang='lat' dir='ltr'>alii</span> <span class='ocrx_word' id='word_1_87' title='bbox 449 1627 678 1708; x_wconf 72' lang='lat' dir='ltr'>,Modernistas‚</span> <span class='ocrx_word' id='word_1_88' title='bbox 705 1627 759 1687; x_wconf 90' lang='lat' dir='ltr'>alii</span> <span class='ocrx_word' id='word_1_89' title='bbox 786 1627 985 1708; x_wconf 82' lang='lat' dir='ltr'>Occauistse,</span> <span class='ocrx_word' id='word_1_90' title='bbox 1007 1628 1059 1691; x_wconf 88' lang='lat' dir='ltr'>alii</span> 
     </span>
     <span class='ocr_line' id='line_1_16' title="bbox 139 1708 1056 1792; baseline 0 -19"><span class='ocrx_word' id='word_1_91' title='bbox 139 1709 358 1792; x_wconf 80' lang='lat' dir='ltr'>Gregoriistae.</span> <span class='ocrx_word' id='word_1_92' title='bbox 409 1708 476 1772; x_wconf 90' lang='lat' dir='ltr'>Imo</span> <span class='ocrx_word' id='word_1_93' title='bbox 503 1711 534 1771; x_wconf 93' lang='lat' dir='ltr'>bi</span> <span class='ocrx_word' id='word_1_94' title='bbox 567 1718 639 1772; x_wconf 88' lang='lat' dir='ltr'>sunt</span> <span class='ocrx_word' id='word_1_95' title='bbox 666 1711 802 1772; x_wconf 90' lang='lat' dir='ltr'>omnium</span> <span class='ocrx_word' id='word_1_96' title='bbox 838 1710 1056 1789; x_wconf 78' lang='lat' dir='ltr'>obscurissimi,</span> 
     </span>
     <span class='ocr_line' id='line_1_17' title="bbox 139 1794 1059 1876; baseline 0.001 -22"><span class='ocrx_word' id='word_1_97' title='bbox 139 1796 221 1873; x_wconf 88' lang='lat' dir='ltr'>quod</span> <span class='ocrx_word' id='word_1_98' title='bbox 250 1803 351 1876; x_wconf 88' lang='lat' dir='ltr'>patet,</span> <span class='ocrx_word' id='word_1_99' title='bbox 380 1794 451 1873; x_wconf 90' lang='lat' dir='ltr'>quia</span> <span class='ocrx_word' id='word_1_100' title='bbox 479 1813 538 1854; x_wconf 90' lang='lat' dir='ltr'>neo</span> <span class='ocrx_word' id='word_1_101' title='bbox 566 1795 596 1855; x_wconf 92' lang='lat' dir='ltr'>in</span> <span class='ocrx_word' id='word_1_102' title='bbox 620 1794 742 1873; x_wconf 84' lang='lat' dir='ltr'>Biblia,</span> <span class='ocrx_word' id='word_1_103' title='bbox 776 1813 834 1854; x_wconf 87' lang='lat' dir='ltr'>nec</span> <span class='ocrx_word' id='word_1_104' title='bbox 859 1795 890 1855; x_wconf 90' lang='lat' dir='ltr'>iu</span> <span class='ocrx_word' id='word_1_105' title='bbox 920 1794 1059 1865; x_wconf 85' lang='lat' dir='ltr'>Patribus</span> 
     </span>
     <span class='ocr_line' id='line_1_18' title="bbox 138 1877 483 1940; baseline 0.006 -2"><span class='ocrx_word' id='word_1_106' title='bbox 138 1885 224 1938; x_wconf 88' lang='lat' dir='ltr'>tanta</span> <span class='ocrx_word' id='word_1_107' title='bbox 244 1887 292 1939; x_wconf 91' lang='lat' dir='ltr'>est</span> <span class='ocrx_word' id='word_1_108' title='bbox 312 1877 483 1940; x_wconf 81' lang='lat' dir='ltr'>diversitas.</span> 
     </span>
    </p>
   </div>
   <div class='ocr_carea' id='block_1_5' title="bbox 353 2045 756 2139">
    <p class='ocr_par' dir='ltr' id='par_1_7' title="bbox 353 2045 756 2139">
     <span class='ocr_line' id='line_1_19' title="bbox 353 2045 756 2139; baseline 0.002 -19"><span class='ocrx_word' id='word_1_109' title='bbox 353 2108 356 2112; x_wconf 86' lang='lat'>.</span> <span class='ocrx_word' id='word_1_110' title='bbox 438 2045 588 2120; x_wconf 81' lang='lat' dir='ltr'>¹Octauo</span> <span class='ocrx_word' id='word_1_111' title='bbox 611 2060 756 2139; x_wconf 86' lang='lat' dir='ltr'>regula.</span> 
     </span>
    </p>
   </div>
   <div class='ocr_carea' id='block_1_6' title="bbox 129 2157 1058 2518">
    <p class='ocr_par' dir='ltr' id='par_1_8' title="bbox 129 2157 1058 2518">
     <span class='ocr_line' id='line_1_20' title="bbox 129 2157 1058 2283; baseline 0.002 -37"><span class='ocrx_word' id='word_1_112' title='bbox 129 2198 132 2203; x_wconf 87' lang='lat'>&#39;</span> <span class='ocrx_word' id='word_1_113' title='bbox 219 2187 301 2283; x_wconf 84' lang='lat' dir='ltr'>Nulli</span> <span class='ocrx_word' id='word_1_114' title='bbox 330 2157 516 2247; x_wconf 80' lang='lat' dir='ltr'>credendum</span> <span class='ocrx_word' id='word_1_115' title='bbox 543 2195 590 2248; x_wconf 91' lang='lat' dir='ltr'>est</span> <span class='ocrx_word' id='word_1_116' title='bbox 612 2187 847 2249; x_wconf 79' lang='lat' dir='ltr'>Sententiarium</span> <span class='ocrx_word' id='word_1_117' title='bbox 878 2185 1058 2268; x_wconf 83' lang='lat' dir='ltr'>simpliciter</span> 
     </span>
     <span class='ocr_line' id='line_1_21' title="bbox 137 2273 1056 2437; baseline 0.001 -24"><span class='ocrx_word' id='word_1_118' title='bbox 137 2273 307 2413; x_wconf 48' lang='lat' dir='ltr'>allegiapttpt</span> <span class='ocrx_word' id='word_1_119' title='bbox 332 2374 372 2413; x_wconf 87' lang='lat' dir='ltr'>ex</span> <span class='ocrx_word' id='word_1_120' title='bbox 399 2354 575 2433; x_wconf 86' lang='lat' dir='ltr'>praedicta,</span> <span class='ocrx_word' id='word_1_121' title='bbox 603 2355 676 2437; x_wconf 87' lang='lat' dir='ltr'>quis</span> <span class='ocrx_word' id='word_1_122' title='bbox 703 2355 803 2417; x_wconf 89' lang='lat' dir='ltr'>omnis</span> <span class='ocrx_word' id='word_1_123' title='bbox 826 2355 894 2415; x_wconf 88' lang='lat' dir='ltr'>talis</span> <span class='ocrx_word' id='word_1_124' title='bbox 916 2354 1056 2437; x_wconf 82' lang='lat' dir='ltr'>allegans</span> 
     </span>
     <span class='ocr_line' id='line_1_22' title="bbox 136 2436 1028 2518; baseline 0.001 -19"><span class='ocrx_word' id='word_1_125' title='bbox 136 2439 250 2518; x_wconf 85' lang='lat' dir='ltr'>allegat</span> <span class='ocrx_word' id='word_1_126' title='bbox 270 2436 454 2498; x_wconf 87' lang='lat' dir='ltr'>discordiam</span> <span class='ocrx_word' id='word_1_127' title='bbox 477 2445 508 2498; x_wconf 89' lang='lat' dir='ltr'>et</span> <span class='ocrx_word' id='word_1_128' title='bbox 529 2438 776 2498; x_wconf 87' lang='lat' dir='ltr'>obscurissimam</span> <span class='ocrx_word' id='word_1_129' title='bbox 800 2439 1028 2500; x_wconf 79' lang='lat' dir='ltr'>obscuritatem.</span> 
     </span>
    </p>
   </div>
   <div class='ocr_carea' id='block_1_7' title="bbox 456 2610 733 2691">
    <p class='ocr_par' dir='ltr' id='par_1_9' title="bbox 456 2610 733 2691">
     <span class='ocr_line' id='line_1_23' title="bbox 456 2610 733 2691; baseline 0.011 -21"><span class='ocrx_word' id='word_1_130' title='bbox 456 2610 565 2672; x_wconf 91' lang='lat' dir='ltr'>Nona</span> <span class='ocrx_word' id='word_1_131' title='bbox 587 2611 733 2691; x_wconf 83' lang='lat' dir='ltr'>regula.</span> 
     </span>
    </p>
   </div>
   <div class='ocr_carea' id='block_1_8' title="bbox 130 2738 1055 3823">
    <p class='ocr_par' dir='ltr' id='par_1_10' title="bbox 133 2738 1053 2970">
     <span class='ocr_line' id='line_1_24' title="bbox 217 2738 1053 2820; baseline 0.002 -21"><span class='ocrx_word' id='word_1_132' title='bbox 217 2739 307 2800; x_wconf 88' lang='lat' dir='ltr'>Dicta</span> <span class='ocrx_word' id='word_1_133' title='bbox 329 2738 603 2801; x_wconf 87' lang='lat' dir='ltr'>Sententiariorum</span> <span class='ocrx_word' id='word_1_134' title='bbox 628 2738 741 2799; x_wconf 90' lang='lat' dir='ltr'>debent</span> <span class='ocrx_word' id='word_1_135' title='bbox 761 2741 860 2820; x_wconf 79' lang='lat' dir='ltr'>accipi</span> <span class='ocrx_word' id='word_1_136' title='bbox 884 2740 1053 2801; x_wconf 87' lang='lat' dir='ltr'>secundum</span> 
     </span>
     <span class='ocr_line' id='line_1_25' title="bbox 134 2822 1052 2905; baseline -0.001 -20"><span class='ocrx_word' id='word_1_137' title='bbox 134 2824 361 2905; x_wconf 86' lang='lat' dir='ltr'>expositionem</span> <span class='ocrx_word' id='word_1_138' title='bbox 398 2822 613 2902; x_wconf 85' lang='lat' dir='ltr'>Magistrorum</span> <span class='ocrx_word' id='word_1_139' title='bbox 649 2829 838 2901; x_wconf 88' lang='lat' dir='ltr'>nostrorum,</span> <span class='ocrx_word' id='word_1_140' title='bbox 873 2830 1052 2904; x_wconf 86' lang='lat' dir='ltr'>praesertim</span> 
     </span>
     <span class='ocr_line' id='line_1_26' title="bbox 133 2907 358 2970; baseline 0.009 -2"><span class='ocrx_word' id='word_1_141' title='bbox 133 2907 358 2970; x_wconf 89' lang='lat' dir='ltr'>Psrisiensium.</span> 
     </span>
    </p>

    <p class='ocr_par' dir='ltr' id='par_1_11' title="bbox 130 2986 1055 3823">
     <span class='ocr_line' id='line_1_27' title="bbox 216 2986 1054 3070; baseline 0.001 -20"><span class='ocrx_word' id='word_1_142' title='bbox 216 2991 304 3050; x_wconf 87' lang='lat' dir='ltr'>Patet</span> <span class='ocrx_word' id='word_1_143' title='bbox 324 3008 365 3049; x_wconf 86' lang='lat' dir='ltr'>ex</span> <span class='ocrx_word' id='word_1_144' title='bbox 387 2988 491 3064; x_wconf 88' lang='lat' dir='ltr'>dictis,</span> <span class='ocrx_word' id='word_1_145' title='bbox 513 2994 544 3046; x_wconf 88' lang='lat' dir='ltr'>et</span> <span class='ocrx_word' id='word_1_146' title='bbox 566 3007 584 3046; x_wconf 90' lang='lat' dir='ltr'>a</span> <span class='ocrx_word' id='word_1_147' title='bbox 605 2986 767 3048; x_wconf 84' lang='lat' dir='ltr'>sufficienti</span> <span class='ocrx_word' id='word_1_148' title='bbox 789 2988 959 3067; x_wconf 86' lang='lat' dir='ltr'>divisione,</span> <span class='ocrx_word' id='word_1_149' title='bbox 983 2993 1054 3070; x_wconf 89' lang='lat' dir='ltr'>quia</span> 
     </span>
     <span class='ocr_line' id='line_1_28' title="bbox 133 3072 1053 3154; baseline 0.001 -20"><span class='ocrx_word' id='word_1_150' title='bbox 133 3074 414 3154; x_wconf 83' lang='lat' dir='ltr'>nullussuperest,</span> <span class='ocrx_word' id='word_1_151' title='bbox 436 3072 488 3151; x_wconf 91' lang='lat' dir='ltr'>qui</span> <span class='ocrx_word' id='word_1_152' title='bbox 510 3072 608 3152; x_wconf 92' lang='lat' dir='ltr'>possit</span> <span class='ocrx_word' id='word_1_153' title='bbox 628 3073 740 3150; x_wconf 79' lang='lat' dir='ltr'>requiri</span> <span class='ocrx_word' id='word_1_154' title='bbox 762 3073 793 3131; x_wconf 92' lang='lat' dir='ltr'>in</span> <span class='ocrx_word' id='word_1_155' title='bbox 822 3075 1053 3152; x_wconf 87' lang='lat' dir='ltr'>quaestionibus</span> 
     </span>
     <span class='ocr_line' id='line_1_29' title="bbox 133 3155 1055 3234; baseline 0 -16"><span class='ocrx_word' id='word_1_156' title='bbox 133 3164 165 3218; x_wconf 89' lang='lat' dir='ltr'>et</span> <span class='ocrx_word' id='word_1_157' title='bbox 193 3156 302 3220; x_wconf 87' lang='lat' dir='ltr'>dubiis.</span> <span class='ocrx_word' id='word_1_158' title='bbox 362 3155 402 3216; x_wconf 82' lang='lat' dir='ltr'>Et</span> <span class='ocrx_word' id='word_1_159' title='bbox 431 3159 476 3215; x_wconf 91' lang='lat' dir='ltr'>sic</span> <span class='ocrx_word' id='word_1_160' title='bbox 504 3161 600 3234; x_wconf 86' lang='lat' dir='ltr'>patet.</span> <span class='ocrx_word' id='word_1_161' title='bbox 650 3155 728 3214; x_wconf 90' lang='lat' dir='ltr'>Dum</span> <span class='ocrx_word' id='word_1_162' title='bbox 759 3155 864 3216; x_wconf 87' lang='lat' dir='ltr'>Patres</span> <span class='ocrx_word' id='word_1_163' title='bbox 898 3157 1055 3219; x_wconf 79' lang='lat' dir='ltr'>elucidant</span> 
     </span>
     <span class='ocr_line' id='line_1_30' title="bbox 132 3237 1053 3321; baseline 0.001 -21"><span class='ocrx_word' id='word_1_164' title='bbox 132 3238 306 3321; x_wconf 82' lang='lat' dir='ltr'>Scripturas</span> <span class='ocrx_word' id='word_1_165' title='bbox 328 3239 492 3315; x_wconf 83' lang='lat' dir='ltr'>obscuras,</span> <span class='ocrx_word' id='word_1_166' title='bbox 521 3237 591 3297; x_wconf 85' lang='lat' dir='ltr'>lacti</span> <span class='ocrx_word' id='word_1_167' title='bbox 616 3246 686 3297; x_wconf 90' lang='lat' dir='ltr'>suut</span> <span class='ocrx_word' id='word_1_168' title='bbox 709 3239 767 3318; x_wconf 91' lang='lat' dir='ltr'>ipsi</span> <span class='ocrx_word' id='word_1_169' title='bbox 800 3239 895 3300; x_wconf 89' lang='lat' dir='ltr'>multo</span> <span class='ocrx_word' id='word_1_170' title='bbox 918 3239 1053 3301; x_wconf 88' lang='lat' dir='ltr'>obscuri·</span> 
     </span>
     <span class='ocr_line' id='line_1_31' title="bbox 133 3320 1054 3404; baseline 0 -20"><span class='ocrx_word' id='word_1_171' title='bbox 133 3342 211 3404; x_wconf 85' lang='lat' dir='ltr'>ores,</span> <span class='ocrx_word' id='word_1_172' title='bbox 234 3331 266 3383; x_wconf 88' lang='lat' dir='ltr'>ut</span> <span class='ocrx_word' id='word_1_173' title='bbox 285 3323 356 3403; x_wconf 90' lang='lat' dir='ltr'>plus</span> <span class='ocrx_word' id='word_1_174' title='bbox 377 3324 408 3382; x_wconf 92' lang='lat' dir='ltr'>in</span> <span class='ocrx_word' id='word_1_175' title='bbox 430 3321 490 3382; x_wconf 90' lang='lat' dir='ltr'>illis</span> <span class='ocrx_word' id='word_1_176' title='bbox 504 3320 704 3380; x_wconf 89' lang='lat' dir='ltr'>laborandum</span> <span class='ocrx_word' id='word_1_177' title='bbox 727 3323 775 3401; x_wconf 86' lang='lat' dir='ltr'>sit,</span> <span class='ocrx_word' id='word_1_178' title='bbox 799 3328 832 3381; x_wconf 90' lang='lat' dir='ltr'>ut</span> <span class='ocrx_word' id='word_1_179' title='bbox 843 3323 1054 3403; x_wconf 79' lang='lat' dir='ltr'>intelligantur</span> 
     </span>
     <span class='ocr_line' id='line_1_32' title="bbox 132 3404 1052 3487; baseline 0 -20"><span class='ocrx_word' id='word_1_180' title='bbox 132 3415 162 3468; x_wconf 88' lang='lat' dir='ltr'>et</span> <span class='ocrx_word' id='word_1_181' title='bbox 184 3406 418 3484; x_wconf 80' lang='lat' dir='ltr'>concordantur,</span> <span class='ocrx_word' id='word_1_182' title='bbox 440 3423 532 3486; x_wconf 91' lang='lat' dir='ltr'>quam</span> <span class='ocrx_word' id='word_1_183' title='bbox 555 3405 612 3484; x_wconf 89' lang='lat' dir='ltr'>ipsi</span> <span class='ocrx_word' id='word_1_184' title='bbox 635 3404 778 3466; x_wconf 92' lang='lat' dir='ltr'>iuBiblia</span> <span class='ocrx_word' id='word_1_185' title='bbox 798 3406 999 3487; x_wconf 84' lang='lat' dir='ltr'>intelligenda</span> <span class='ocrx_word' id='word_1_186' title='bbox 1022 3416 1052 3467; x_wconf 91' lang='lat' dir='ltr'>et</span> 
     </span>
     <span class='ocr_line' id='line_1_33' title="bbox 131 3488 1053 3570; baseline 0.001 -20"><span class='ocrx_word' id='word_1_187' title='bbox 131 3488 351 3553; x_wconf 87' lang='lat' dir='ltr'>concordanda</span> <span class='ocrx_word' id='word_1_188' title='bbox 373 3488 606 3565; x_wconf 85' lang='lat' dir='ltr'>laboraverunt,</span> <span class='ocrx_word' id='word_1_189' title='bbox 629 3496 660 3548; x_wconf 92' lang='lat' dir='ltr'>ut</span> <span class='ocrx_word' id='word_1_190' title='bbox 678 3488 751 3547; x_wconf 88' lang='lat' dir='ltr'>satis</span> <span class='ocrx_word' id='word_1_191' title='bbox 774 3489 886 3568; x_wconf 89' lang='lat' dir='ltr'>probat</span> <span class='ocrx_word' id='word_1_192' title='bbox 906 3490 1053 3570; x_wconf 80' lang='lat' dir='ltr'>Magister</span> 
     </span>
     <span class='ocr_line' id='line_1_34' title="bbox 131 3571 1050 3651; baseline -0.002 -15"><span class='ocrx_word' id='word_1_193' title='bbox 131 3573 372 3651; x_wconf 79' lang='lat' dir='ltr'>Sententiarum,</span> <span class='ocrx_word' id='word_1_194' title='bbox 406 3571 570 3633; x_wconf 86' lang='lat' dir='ltr'>Gratianus</span> <span class='ocrx_word' id='word_1_195' title='bbox 604 3579 635 3630; x_wconf 88' lang='lat' dir='ltr'>et</span> <span class='ocrx_word' id='word_1_196' title='bbox 675 3590 781 3631; x_wconf 91' lang='lat' dir='ltr'>omnes</span> <span class='ocrx_word' id='word_1_197' title='bbox 817 3572 1050 3651; x_wconf 85' lang='lat' dir='ltr'>Universitatcs‚</span> 
     </span>
     <span class='ocr_line' id='line_1_35' title="bbox 130 3653 1050 3736; baseline -0.001 -17"><span class='ocrx_word' id='word_1_198' title='bbox 130 3659 210 3719; x_wconf 90' lang='lat' dir='ltr'>sicut</span> <span class='ocrx_word' id='word_1_199' title='bbox 230 3657 372 3721; x_wconf 86' lang='lat' dir='ltr'>diximus.</span> <span class='ocrx_word' id='word_1_200' title='bbox 415 3655 549 3716; x_wconf 88' lang='lat' dir='ltr'>Ulterius</span> <span class='ocrx_word' id='word_1_201' title='bbox 575 3653 764 3736; x_wconf 76' lang='lat' dir='ltr'>Scribentm,</span> <span class='ocrx_word' id='word_1_202' title='bbox 792 3654 863 3716; x_wconf 92' lang='lat' dir='ltr'>dum</span> <span class='ocrx_word' id='word_1_203' title='bbox 893 3655 1050 3718; x_wconf 86' lang='lat' dir='ltr'>elucidant</span> 
     </span>
     <span class='ocr_line' id='line_1_36' title="bbox 130 3739 1049 3823; baseline -0.003 -18"><span class='ocrx_word' id='word_1_204' title='bbox 130 3742 256 3823; x_wconf 83' lang='lat' dir='ltr'>Patres,</span> <span class='ocrx_word' id='word_1_205' title='bbox 279 3742 350 3805; x_wconf 86' lang='lat' dir='ltr'>facti</span> <span class='ocrx_word' id='word_1_206' title='bbox 379 3751 449 3802; x_wconf 88' lang='lat' dir='ltr'>suut</span> <span class='ocrx_word' id='word_1_207' title='bbox 476 3741 610 3802; x_wconf 92' lang='lat' dir='ltr'>omnium</span> <span class='ocrx_word' id='word_1_208' title='bbox 641 3739 848 3802; x_wconf 88' lang='lat' dir='ltr'>obscurissimi</span> <span class='ocrx_word' id='word_1_209' title='bbox 876 3745 908 3803; x_wconf 87' lang='lat' dir='ltr'>et</span> <span class='ocrx_word' id='word_1_210' title='bbox 936 3740 1049 3804; x_wconf 88' lang='lat' dir='ltr'>discor·</span> 
     </span>
    </p>
   </div>
   <div class='ocr_carea' id='block_1_9' title="bbox 0 0 1200 4170">
    <p class='ocr_par' dir='ltr' id='par_1_12' title="bbox 0 0 1200 4170">
     <span class='ocr_line' id='line_1_37' title="bbox 0 0 1200 4170; baseline 0 3"><span class='ocrx_word' id='word_1_211' title='bbox 0 0 1200 4170; x_wconf 95' lang='lat' dir='ltr'> </span> 
     </span>
    </p>
   </div>
  </div>
 </body>
</html>
