2392 4170
344 252 509 310 Anusansrr
529 255 564 312 D.
582 255 618 311 it.
635 255 780 312 Letharos.
993 251 1054 321 137

145 413 324 477 &unctoria
347 416 440 495 botis,
463 417 620 479 sicinanis
635 425 665 478 st
677 418 812 494 inermis,
835 425 865 478 st
880 437 952 479 vere
970 416 1053 480 bolla

145 497 300 576 noederet,
329 501 388 561 nisi
416 502 570 581 insignem
600 501 769 577 inscitiam,
798 520 859 581 qua
888 521 957 562 cum
985 521 1054 562 mea

145 599 204 643 vara
224 601 293 643 csse
314 583 475 663 vidissent,
497 591 528 644 et
549 591 651 646 tamen
673 586 736 666 pati
758 584 884 662 nollent,
902 603 960 645 nec
982 604 1053 645 con·

146 663 227 725 intare
248 675 388 746 possent,
411 675 606 728 tentaverunt
626 669 965 729 vanoterricutamento
988 688 1053 748 per-

147 747 215 808 ditae
234 752 344 831 papyri
369 771 417 810 me
440 759 563 814 terrere.
586 750 646 812 Sed
667 751 816 814 Lutherus
841 751 927 812 bellis
949 771 1051 811 assue-

147 837 185 892 tus
196 831 280 893 bullis
293 852 355 894 non
369 840 497 895 terretur
506 842 536 895 et
547 835 626 895 inter
638 835 920 916 inanempapyrum
931 854 968 895 ac
990 853 1052 894 am-

151 915 277 995 nipotens
298 918 426 978 verbum
449 918 507 977 Dei
531 916 720 996 distinguere
742 917 856 981 didicit.

213 997 358 1061 Eiusdem
394 1001 532 1061 inscitiae
555 1008 587 1061 et
614 997 689 1062 illud
719 1010 781 1078 est,
809 1000 893 1081 quod
917 1008 1051 1060 vexante

150 1083 321 1143 conscientia
344 1102 405 1144 non
434 1094 505 1144 sunt
534 1086 599 1145 ansi
623 1085 767 1145 articulos
795 1084 974 1145 nominatim
1008 1083 1051 1142 di·

150 1183 239 1243 gerere
260 1184 399 1245 quosque
425 1168 455 1227 in
481 1168 605 1228 ordines
627 1187 710 1228 suos.
753 1169 932 1228 Timuerunt
962 1166 1053 1240 eninr,

151 1265 181 1307 ns
197 1247 377 1310 haereticum
401 1260 581 1328 assererent,
604 1270 694 1331 quem
717 1270 775 1311 osc
792 1269 953 1311 erroneum
975 1249 1053 1308 forte

152 1349 197 1391 mc
214 1332 428 1394 scandalosum
450 1340 580 1414 possent
601 1333 774 1396 ostendere.
811 1332 942 1394 Proinde
966 1333 1050 1392 inve·

153 1421 242 1476 namot
262 1415 441 1478 adverbium
463 1418 646 1498 respective,
665 1426 779 1498 etpost
799 1421 995 1476 enumeratos
1007 1434 1050 1475 ar-

154 1496 243 1559 ticulos
264 1498 369 1559 dicunt
401 1501 480 1561 aiios
501 1503 673 1581 respective
694 1501 885 1575 haereticos,
909 1499 986 1558 aiios
1009 1517 1054 1557 er-

153 1598 254 1659 roneos,
274 1583 353 1644 alios
375 1583 588 1664 scandalosos,
611 1586 692 1664 quod
716 1593 762 1646 est
784 1584 901 1644 dicere:
923 1581 1051 1660 Nospu-

154 1669 232 1725 tanus
252 1665 374 1746 aliquos
397 1685 466 1727 esse
486 1667 670 1747 haereticos,
693 1668 771 1727 alios
793 1685 949 1744 erroneos,
973 1665 1050 1725 alios

96 1812 100 1843 Ι
154 1747 349 1826 scandalosos,
373 1750 426 1810 sed
439 1752 604 1823 nescimus,
626 1752 694 1830 qui,
717 1750 839 1830 quales,
861 1749 977 1830 quenti.
1021 1747 1048 1808 Ο

153 1832 314 1893 ucdcuiosa
333 1834 525 1912 ignorantia,
556 1852 647 1912 qnam
670 1834 789 1895 lubrica
810 1839 841 1893 et
860 1832 988 1910 fugitiva
1010 1848 1054 1908 es,

152 1929 222 1990 qnam
246 1915 316 1976 odis
339 1915 457 1992 lucem,
486 1930 519 1978 ut
550 1920 642 1977 vertis
670 1937 708 1978 ae
729 1918 855 1978 revertis
878 1915 991 1988 omnia,
1016 1932 1053 1973 ne

96 2010 100 2105 p
151 1999 261 2078 capiaris
283 2000 364 2059 sicut
385 2000 514 2060 Proteus
536 2000 684 2079 quidam?
705 2000 770 2061 Nec
792 2000 837 2060 sio
859 2005 961 2060 tamen
984 2016 1054 2056 eva-

150 2077 202 2157 des,
229 2083 294 2142 imo
330 2084 359 2141 ia
396 2085 507 2143 astutia
539 2093 589 2143 tua
612 2085 709 2164 magis
742 2081 996 2164 compehenderis
1023 2087 1054 2140 et

147 2163 325 2225 subverteris.

209 2246 307 2308 Prodi
328 2249 449 2328 itaque,
471 2247 683 2309 indoctissima
695 2249 882 2324 antichriste,
906 2247 983 2308 doce
997 2265 1054 2307 nos

144 2332 314 2411 apientiam
338 2339 437 2409 tuam,
460 2331 606 2393 distribue
628 2340 681 2392 tua
702 2333 797 2411 ipsios
812 2330 923 2410 verba,
947 2330 1005 2404 dic,
1029 2330 1053 2388 si

144 2416 205 2474 rasti
230 2424 263 2474 tu
288 2415 367 2494 ipse,
392 2414 464 2493 quid
487 2414 612 2490 dixeris,
635 2415 774 2490 ostende,
797 2416 864 2493 quis
887 2414 925 2473 sit
947 2412 1053 2473 haere-

143 2495 214 2579 ticas,
241 2498 313 2577 quis
338 2516 410 2558 vero
433 2517 589 2572 erroneus,
613 2498 680 2576 quis
701 2497 914 2573 scandalosus,
935 2505 964 2556 et
987 2497 1054 2573 quis

140 2579 167 2639 tit
184 2580 422 2662 qualiscunque.
458 2582 555 2641 Decet
577 2583 657 2642 enim
680 2589 742 2642 tam
754 2579 950 2660 magnificum
971 2578 1055 2637 dam-

137 2671 269 2746 notorem
294 2682 399 2742 nosse,
422 2664 495 2743 quid
517 2664 650 2743 damnet,
674 2665 879 2745 turpissimum
902 2671 1002 2721 autem
1016 2663 1054 2720 sit

134 2745 278 2808 domuere
301 2746 460 2807 articulum
484 2747 679 2825 haereticum,
702 2746 1054 2824 eteundemnonposse

133 2832 301 2891 nominare.
347 2829 428 2891 Nolo
451 2835 568 2892 tantum
591 2833 770 2913 respective,
792 2828 847 2890 sed
868 2828 1008 2889 absolute
1024 2833 1054 2887 et

133 2920 212 2975 arte
235 2911 353 2973 doceri.
394 2912 466 2973 Sum
499 2914 578 2973 enim
609 2914 783 2976 Oceanioae
817 2912 973 2990 factionis,
1002 2912 1053 2991 qui

131 3003 288 3077 respectus
303 3002 512 3074 contemnunt,
535 2998 639 3058 omnia
653 3005 753 3057 autem
772 2996 913 3058 absoluta
927 2995 1051 3073 habent,

131 3088 160 3140 at
180 3081 229 3139 sic
250 3079 337 3138 iocor
357 3080 387 3137 in
410 3079 498 3139 istam
517 3081 654 3143 moriam.
677 3079 754 3140 Vide
772 3100 856 3161 ergo,
879 3082 919 3140 mi
944 3079 1051 3155 lector,

130 3163 283 3242 insignem
315 3161 467 3222 inscitiam
500 3162 779 3242 antichristianum,
811 3164 902 3242 quam
935 3163 1048 3224 infelici

132 3245 202 3307 doio
227 3264 264 3305 se
287 3244 444 3305 occultare
465 3248 664 3324 praesumsit,
685 3246 741 3307 sub
764 3246 909 3307 adverbio
931 3266 1053 3328 respec-

131 3330 199 3392 tive.
225 3327 296 3387 Non
319 3326 417 3386 solum
441 3328 521 3388 enim
544 3349 605 3390 non
628 3329 720 3391 docet
744 3331 912 3408 veritatem,
927 3340 967 3391 et
978 3350 1046 3392 cau·

133 3429 197 3472 sam
224 3409 452 3486 damnationis,
466 3409 529 3472 ,sed
547 3431 604 3474 nec
620 3432 753 3475 errorem
767 3422 937 3475 monstrare
950 3415 1052 3491 audet,

132 3514 187 3556 neo
209 3493 271 3554 hoo
292 3493 392 3572 ipsum
405 3493 550 3572 indicare,
565 3495 647 3574 quod
659 3495 793 3575 damnat,
813 3505 955 3558 ettamen
970 3499 1051 3558 dam·
1090 3568 1092 3572 ¹

132 3585 191 3639 nat.
215 3576 328 3637 Nonne
349 3574 517 3637 lautissima
540 3576 696 3640 damnatio
712 3579 870 3659 damnare,
891 3588 921 3641 et
933 3585 1052 3642 nescire

131 3660 203 3740 quid
223 3659 372 3720 damnes?
408 3659 518 3720 Nonne
548 3660 746 3724 disertissima
779 3665 878 3725 oratio
909 3663 990 3746 toqui
1020 3674 1052 3726 et

132 3744 251 3804 nescire
273 3741 344 3822 quid
367 3742 523 3824 loquaris?
565 3743 643 3820 Quin
674 3747 827 3827 anticyrae
848 3748 983 3828 integras
1006 3749 1051 3808 his
