2392 4170
449 250 531 310 Doet.
551 250 628 315 llsrt.
647 249 726 306 Loth.
989 238 1054 312 297

132 427 158 489 si
180 444 288 488 omnes
310 425 479 488 erraverint
506 430 560 488 aut
586 425 769 488 miraculose
790 426 870 489 intus
893 423 974 487 duoti
990 423 1052 485 lu‘e·

131 510 213 572 riuti
246 508 361 591 Aperta
383 515 431 570 ost
452 519 482 570 et
503 508 720 590 irrefragabilis
742 509 901 592 Evangelii
930 514 1049 571 senten-

132 595 186 674 tia,
208 593 346 655 damnari
368 593 524 654 doetrinae
547 592 703 655 horninum
726 602 756 655 et
769 594 879 656 liberas
896 613 959 669 eas,
981 602 1053 654 nori

133 695 193 758 que
223 677 341 738 illarum
375 675 520 739 dominos
551 694 639 754 esse,
670 697 765 758 quare
795 697 857 739 uon
888 694 1052 758 possumus

132 780 238 822 earum
261 759 327 822 lieri
348 761 438 835 servi,
457 760 517 821 ulla
539 761 703 822 autoritate
725 762 915 843 angelorum,
939 759 1052 822 nedum

133 852 242 907 nostra
263 843 356 905 stulte
377 844 595 924 superstitione
617 852 648 906 et
669 845 856 925 humilitate,
882 850 916 905 ut
942 842 1052 904 Paulus

134 929 187 990 eit.
230 926 374 989 Similiter
397 936 503 1009 aperta
530 934 577 988 eet
605 930 731 1005 veritas,
762 935 902 991 votorum
937 928 1053 988 institu-

132 1017 196 1073 tum
219 1030 288 1072 esse
309 1011 449 1072 servilem
473 1011 651 1092 omnium1)
674 1012 851 1075 doctrinam.
893 1011 954 1073 Gur
975 1028 1050 1089 ergo

133 1096 297 1175 patiamur,
318 1100 351 1154 ιιι
369 1095 449 1156 servi
466 1097 603 1175 equitent
622 1102 653 1158 et
666 1095 781 1158 domini
799 1097 946 1177 peditent,
968 1095 1055 1155 iuxta

134 1175 358 1243 Salomonem?
393 1177 474 1254 Quin
495 1180 598 1260 potius
621 1179 743 1241 Christo
772 1181 886 1263 gratias
915 1190 1053 1260 agamus,

133 1262 186 1342 qui
209 1279 266 1322 nos
287 1260 348 1322 hae
369 1261 507 1323 libertate
529 1262 702 1344 honoravit,
725 1271 757 1324 et
778 1262 867 1324 uobis
889 1281 956 1323 eern
988 1262 1054 1321 vio·

134 1345 196 1407 lere
218 1345 319 1425 impiis
341 1346 421 1406 votis
444 1345 638 1408 molientibus
659 1347 839 1408 inviolatam
857 1346 1001 1426 serravit,
1024 1350 1056 1405 et

134 1435 208 1490 rota
229 1435 335 1490 nostra
357 1447 479 1509 semper
499 1429 599 1510 irrite,
628 1430 723 1492 libere
752 1438 784 1493 et
804 1430 890 1491 nulla
911 1447 982 1490 esse
1007 1427 1054 1488 flr·

134 1511 223 1573 miter
243 1511 411 1589 ordinavit,
437 1511 520 1592 ipse,
543 1513 616 1575 dum
639 1532 697 1575 uos
719 1514 898 1590 insanimus,
921 1511 1054 1590 benigne

134 1614 191 1675 pro
212 1595 301 1658 nobis
325 1595 470 1676 vigilavit.

216 1677 273 1740 llio
294 1677 432 1739 fortassis
453 1678 563 1741 ridebit
583 1680 692 1761 aliquis
716 1687 749 1743 et
768 1679 927 1743 ridiculum
950 1684 1054 1740 votum

133 1761 194 1824 hoe
214 1761 424 1843 subssnnabit,
446 1763 527 1843 quod
546 1764 647 1824 verius
661 1772 710 1831 est
727 1763 880 1825 simulatio
901 1762 1053 1842 quaedam

134 1847 213 1922 voti3
236 1844 310 1925 quid
331 1846 412 1906 eninr
435 1852 483 1907 est
503 1848 561 1907 uisi
583 1849 783 1928 praestigium
805 1846 924 1907 disere:
946 1847 1055 1906 Voveo

134 1927 189 1989 tibi
211 1927 305 1989 libere
326 1947 436 2011 agere,
465 1930 546 2010 quod
571 1932 668 1991 visum
695 1930 807 1992 luerit?
850 1929 960 1991 Rideat
982 1946 1057 1989 sane

133 2013 184 2091 qui
206 2011 300 2087 volet,
323 2012 416 2074 modo
439 2014 528 2075 simul
551 2015 639 2093 solat,
661 2014 736 2075 nibil
760 2014 867 2074 mirum
886 2030 985 2092 neque
1001 2028 1058 2073 no·

134 2112 204 2155 vom
228 2114 307 2174 esee,
328 2096 354 2155 ei
375 2095 516 2159 homines
538 2098 630 2158 stulte
652 2104 683 2159 et
706 2097 832 2158 ridieule
852 2103 961 2178 agant,
984 2094 1054 2155 dum

134 2175 210 2238 eitra
242 2183 273 2237 et
305 2178 383 2239 ultra
412 2180 466 2240 Dei
498 2180 624 2242 verbum
659 2183 722 2243 suis
754 2180 885 2261 propriis
919 2176 1055 2241 consiliis

134 2266 275 2338 aguntur.
318 2259 427 2322 Sermo
458 2269 527 2324 tuus
558 2263 674 2346 (inquit
702 2260 910 2346 Christus*))
943 2262 1055 2324 veritas
1141 2274 1143 2278 “

135 2346 191 2403 est.
221 2339 302 2416 Quid
325 2349 412 2422 putas
428 2364 528 2407 sermo
547 2346 680 2408 hominis
698 2348 747 2424 ait,
766 2348 824 2407 nisi
837 2343 1055 2407 mendesium?

134 2423 307 2486 Ridioulum
320 2432 376 2501 est,
389 2425 444 2486 sed
453 2427 504 2506 piis,
518 2429 568 2506 qui
582 2430 741 2490 veritatem
755 2429 953 2508 evangelicae
968 2427 1056 2489 liber·

134 2510 205 2570 tatis
214 2507 342 2569 audiunt
354 2508 402 2568 vel
411 2509 631 2594 agnosount²)‚
645 2518 779 2572 osterum
794 2512 932 2591 operatio
945 2511 1056 2571 erroris

133 2591 190 2653 sub
210 2592 273 2653 isto
295 2591 423 2653 ridieulo
442 2611 505 2654 nou
529 2594 628 2655 minus
650 2593 757 2675 implet
779 2594 868 2653 nimie
891 2594 1002 2656 seriam
1024 2598 1057 2653 et

134 2694 271 2736 severam
293 2676 370 2736 iram
394 2674 466 2759 oei,
493 2681 541 2738 tot
561 2676 694 2738 millibus
722 2677 892 2737 animarum
920 2677 985 2736 istis
1013 2674 1056 2735 la·

136 2758 222 2838 queis
246 2759 357 2820 misere
379 2761 478 2840 eaptis
500 2767 530 2821 et
556 2759 693 2842 perditis.
742 2760 915 2820 Humanum
951 2764 1056 2818 luven-

134 2852 197 2901 tom
228 2846 274 2901 aet
300 2848 422 2921 votum,
452 2843 617 2904 humanum
645 2844 802 2905 inventum
832 2847 944 2907 manet.
993 2837 1056 2903 Sed

134 2944 196 2986 non
231 2925 262 2985 io
297 2932 395 2986 totum
423 2933 527 2988 tamen
556 2925 717 2988 ridieulum
745 2932 807 3005 eet,
841 2945 911 2986 nam
942 2942 1074 2985 vovere*

134 3002 355 3069 subieetionem
379 3010 469 3071 istam
492 3010 618 3072 liberam
641 3008 679 3071 ad
697 3017 828 3090 tempus,
851 3010 911 3069 n'on
929 3008 1055 3068 estina-

135 3091 195 3152 tile.
242 3090 387 3153 Videmus
410 3094 491 3154 enim
513 3094 687 3174 primitivae
708 3094 857 3155 eoelesiae
884 3092 1054 3172 iustitutum

134 3174 228 3234 luisse
249 3182 280 3235 et
303 3194 418 3237 morem
448 3177 541 3257 plane
569 3176 818 3256 saluberrimum,
851 3180 885 3235 ut
917 3175 1056 3234 inventu·

136 3267 195 3316 tem
219 3259 356 3318 seniores
388 3259 445 3322 sibi
473 3260 512 3321 ed
545 3268 665 3341 tempus
694 3257 940 3321 eommendetarn
973 3257 1056 3317 iusti-

134 3346 254 3402 tuerent
275 3342 304 3400 in
327 3340 388 3402 tide
410 3349 441 3403 et
462 3343 639 3424 disciplina,
670 3342 752 3424 quod
783 3347 814 3402 et
843 3340 1054 3422 apostolorum

133 3422 216 3484 Petri
239 3429 269 3484 et
291 3423 377 3484 Pauli
399 3426 548 3506 epistolae
576 3425 728 3505 indicant,
757 3425 808 3486 ubi
837 3424 971 3485 iuniores
1003 3442 1055 3485 vo·

134 3505 201 3566 lunt
222 3505 311 3567 subdi
333 3508 515 3570 senioribus.
557 3508 637 3570 Hine
659 3510 790 3590 primum
814 3512 904 3569 notae
925 3506 1052 3568 soboles

133 3588 342 3668 Christianae,
372 3591 402 3650 in
433 3590 541 3670 quibus
570 3601 602 3653 et
631 3592 756 3673 puellae
785 3608 908 3671 quoque
938 3589 1055 3651 erudie-

134 3695 161 3699 “
207 3724 235 3794 1)
259 3725 292 3781 n
317 3724 360 3781 eu.
392 3724 485 3796 priore
507 3726 620 3796 legitur:
648 3725 800 3782 hominum.
851 3721 1057 3795 ·)10han.17.

134 3797 166 3864 2)
189 3793 310 3855 Ibidem:
332 3802 514 3869 sonuerunt.
