2392 4170
387 252 424 312 D.
442 256 477 310 u.
498 256 576 311 Lntb.
593 258 777 313 Prssludtnm.
989 260 1051 326 113

136 408 225 487 luitur,
248 407 340 488 idque
358 430 451 471 nemo
473 422 678 492 sacramento,
701 414 755 475 sed
771 422 897 476 naturae
919 415 968 477 vel
990 436 1051 477 me-

136 490 243 552 dicinae
266 491 417 554 beneflcio
444 493 509 554 fieri
532 505 636 575 putat,
665 516 734 556 nam
762 508 956 560 sacramento
980 519 1051 560 con-

135 575 245 646 trariam
265 577 326 636 vim
343 577 488 640 tribuunt.
534 578 613 654 Quid
635 600 709 659 ergo
722 580 882 642 dicemus?
904 584 1050 663 Antapo-

136 657 218 719 stolus
245 658 305 719 bac
340 661 547 740 promissione
581 665 739 741 mentitur,
773 675 826 724 aut
862 668 963 726 unctio
993 668 1080 726 ista.

135 752 344 804 usamentum
389 763 451 804 non
474 745 545 819 erit,
574 748 737 825 promissio
766 749 847 807 enim
875 767 1049 809 sacramen·

137 823 193 885 stis
213 833 297 886 certa
318 837 375 904 est,
398 838 430 886 st
450 827 529 889 baca
550 830 580 888 in
599 831 706 890 maiori
729 837 817 909 parte
839 831 923 890 fallit.
958 830 1050 910 Quin,

121 907 281 969 -stiterum
310 909 525 990 theologorum
555 911 682 972 istorum
712 913 902 992 prudentiam
926 926 955 973 et
978 916 1050 994 vigi·

135 987 243 1053 hubam
272 1010 516 1073 cognoscamus,
549 995 618 1055 ideo
647 1005 816 1055 extremam
845 1015 914 1057 esse
943 997 1051 1057 volunt

136 1076 306 1153 mulionem,
328 1095 369 1137 ne
382 1083 442 1137 stet
463 1079 521 1138 ists
533 1080 707 1157 promissio,
729 1078 790 1139 boo
811 1088 866 1154 εει,
890 1099 928 1139 ne
950 1098 1049 1139 sacra-

136 1166 253 1218 somn
281 1159 322 1218 sit
351 1170 587 1222 sacramentum.
640 1161 672 1221 Si
706 1163 787 1221 enirn
822 1168 962 1222 extrema
991 1171 1048 1240 est,

136 1256 185 1301 son
205 1250 302 1318 sanat,
324 1241 380 1302 sed
404 1243 484 1303 cedit
505 1242 684 1322 infirmitati,
707 1245 731 1302 si
754 1252 857 1304 autem
876 1253 974 1321 sanat,
997 1264 1048 1304 ex-

137 1330 216 1383 tans
238 1343 307 1385 esse
329 1343 390 1385 non
427 1327 526 1390 debet.
569 1327 615 1388 lta
638 1326 670 1387 fit
700 1326 809 1401 horum
832 1327 1047 1406 Magistrorum

136 1404 379 1488 interpretatione,
405 1416 437 1469 ut
457 1409 588 1471 lacobus
610 1410 800 1489 intelligatur
821 1408 878 1470 sibi
896 1412 952 1490 ipsi
976 1428 1048 1470 con·

135 1487 280 1551 ssdixisss
302 1497 343 1570 et,
366 1505 642 1554 oeseoramentum
665 1496 851 1572 institueret,
875 1512 1048 1553 sacremen-

136 1576 186 1631 tnm
204 1574 385 1650 instituisse,
414 1577 486 1636 dum
509 1576 579 1638 ideo
609 1584 778 1637 extremam
802 1577 910 1637 volunt
932 1577 1046 1635 unctio·

137 1672 205 1730 acm,
226 1663 259 1716 ut
280 1675 341 1719 non
364 1659 403 1718 sit
425 1679 546 1734 verum,
573 1662 674 1721 sanari
707 1679 761 1738 per
786 1679 854 1720 eam
883 1657 1045 1733 infirmum,

137 1740 203 1816 qnod
229 1739 279 1800 illc
300 1743 414 1805 statuit.
458 1741 490 1802 si
525 1743 586 1803 hoo
614 1762 675 1803 non
708 1751 755 1803 est
781 1744 931 1819 insanire,
968 1761 1045 1821 rogo

138 1820 195 1898 quid
215 1832 262 1884 ast
281 1824 437 1886 insanire?

202 1902 363 1988 Contingit
382 1908 429 1969 his
450 1907 524 1970 illud
547 1910 691 1989 apostoli,
714 1908 735 1970 1.
752 1906 830 1968 Tim.
857 1914 884 1983 1,
907 1907 1045 1968 volentes

138 2003 191 2049 csse
215 1989 291 2071 legis
321 1990 481 2070 doctores,
510 2010 580 2053 cum
603 1993 747 2072 ignorent
769 1991 840 2071 quid
870 1991 1046 2070 loquantur,

137 2072 231 2133 tstde
253 2070 364 2154 quibus
386 2075 545 2139 affirment.
584 2073 635 2136 Sic
663 2076 768 2135 omnia
797 2077 873 2135 citra
901 2074 1044 2134 iudicium

137 2150 223 2233 legum
245 2165 277 2218 st
297 2167 474 2237 sequuntur.
508 2158 623 2219 Eadem
637 2160 718 2219 enim
742 2159 905 2218 oscitantis
921 2166 951 2218 ει
975 2177 1046 2217 con-

137 2235 284 2300 luuionem
314 2242 515 2302 auricularem
549 2262 590 2301 ex
617 2241 678 2302 boc
704 2241 847 2320 apostolo
880 2240 1047 2302 hauserunt

136 2317 255 2385 licente:
279 2322 475 2386 confitemini
497 2326 674 2384 alterutrum
696 2334 825 2404 peccata
847 2335 957 2384 vestra.
987 2323 1047 2384 Sed

137 2421 177 2465 sss
196 2406 258 2468 boc
280 2417 405 2468 serrant
425 2409 492 2486 isti,
521 2408 606 2489 pund
630 2408 790 2488 apostolus
811 2407 897 2468 iubet
924 2409 1047 2488 presby-

138 2492 198 2552 ltsos
221 2490 377 2553 ecclesiae
397 2491 510 2568 induci,
532 2501 563 2552 et
584 2511 676 2571 super
690 2490 842 2551 infirmum
865 2493 955 2554 orari.
988 2491 1048 2550 Vix

136 2588 194 2635 suns
216 2573 434 2635 sacerdotnlus
452 2593 532 2634 nunc
554 2576 689 2652 mittitur,
712 2593 781 2633 oum
804 2575 964 2654 apostolus
977 2573 1049 2633 velit

133 2656 231 2719 ssttos
254 2656 376 2733 adesse,
399 2677 459 2719 non
483 2667 607 2737 propter
629 2659 824 2733 unctionem,
846 2658 900 2716 sed
924 2664 1048 2736 propter

131 2741 303 2818 orationem,
328 2740 407 2802 unde
430 2743 516 2801 dicit:
540 2741 646 2803 Oratio
661 2739 733 2800 fidei
751 2739 883 2801 salvabit
895 2738 1047 2799 infirmum

130 2828 175 2883 stc.
219 2822 418 2903 Quamquam
439 2826 588 2885 incertum
620 2834 667 2884 est
690 2824 776 2900 mihi,
810 2844 849 2883 an
872 2823 1048 2883 sacerdotes

131 2906 193 2969 sslit
212 2907 355 2987 intelligi,
379 2926 448 2967 cum
472 2908 554 2968 dicat
576 2908 789 2987 presbyteros,
818 2906 848 2966 id
872 2915 927 2982 est,
950 2907 1049 2966 senio·

131 3006 177 3053 sss,
220 2986 332 3069 Neque
362 2992 443 3051 enim
473 2992 618 3051 continuo
652 2990 798 3051 sacerdos
828 2996 881 3050 aut
912 2990 1050 3050 minister

130 3080 179 3149 εει,
200 3075 253 3153 qui
277 3075 380 3134 senior
402 3082 457 3151 est,
480 3093 541 3154 quo
565 3074 713 3153 suspicari
737 3075 847 3153 possis,
870 3071 1047 3153 apostolum

132 3155 276 3233 soluisse,
296 3162 329 3217 ut
350 3159 488 3218 seniores
510 3165 541 3218 et
563 3160 720 3236 graviores
742 3157 772 3216 in
796 3155 928 3217 ecclesia
948 3157 1049 3216 visita·

131 3245 189 3301 rant
209 3238 374 3318 infirmum,
396 3243 447 3320 qui
469 3260 547 3321 opus
559 3240 786 3301 misericordiae
798 3240 946 3301 iacientes
967 3249 998 3301 et
1019 3242 1048 3300 in

132 3318 183 3383 lide
205 3331 331 3385 orantes
353 3343 422 3384 enm
450 3331 608 3385 sanarent:
644 3342 829 3403 quamquam
859 3325 963 3404 negari
986 3343 1047 3384 non

134 3406 239 3486 possit,
275 3407 425 3469 ecclesias
457 3408 530 3468 olim
558 3428 578 3469 a
607 3407 778 3468 senioribus
812 3406 905 3467 fnisse
939 3414 1048 3489 rectas,

134 3485 241 3569 stoque
262 3489 330 3550 istis
343 3490 586 3552 ordinationibus
600 3497 631 3551 et
644 3490 937 3570 consecrationibus,
959 3508 1048 3573 prop·

135 3573 172 3631 ιη
191 3580 324 3634 aetatem
347 3581 379 3634 ει
400 3571 525 3655 longum
549 3593 650 3635 rerum
673 3593 760 3633 usum
783 3574 812 3633 in
835 3573 896 3635 hoc
911 3574 1025 3635 electis.

207 3653 310 3732 Quare
340 3657 420 3718 banc
448 3659 622 3717 unctionem
646 3656 775 3717 eandem
798 3676 857 3738 ego
880 3676 949 3718 esse
971 3656 1047 3718 arbi·

138 3738 200 3816 tros,
220 3757 299 3819 quse
321 3738 397 3806 Mar.
420 3741 447 3804 6.
472 3740 511 3801 de
531 3740 680 3821 apostolis
708 3739 864 3807 scribitur:
892 3740 933 3803 Et
953 3760 1045 3821 unge-

159 3853 679 3908 useron.r.s.·s=0‹.u·ts1›.rot
694 3857 720 3901 r.
946 3826 967 3894 8
