2392 4170
454 250 538 312 Dost.
557 253 637 313 Mart.
655 252 733 311 Lutb.
781 262 784 267 ’
998 248 1061 324 309

219 426 319 493 Video
331 421 540 492 Bernhardum
563 428 721 492 atsimiiss
743 426 887 491 divinitus
906 431 1059 510 'serratos',
1180 448 1184 454 ·

138 523 169 575 ut
191 513 269 575 iraeo
291 512 393 591 ludios
411 513 492 575 serio
508 513 714 594 quaiiounque
737 518 951 593 temperarent.
997 514 1060 576 Exss

136 604 218 660 stant
240 596 406 659 Sermones
429 599 510 674 eius,
534 615 611 677 quos
633 596 830 677 prophetavit
851 607 888 658 et
902 596 1006 660 dosuit
1028 599 1059 660 iu

136 682 381 763 ooogregatione
395 681 542 762 Fratrum,
565 700 626 762 quo
649 681 740 742 unioo
765 699 860 760 opere
883 680 985 743 retulit
998 684 1059 763 pri·

136 784 223 827 soum
235 762 503 826 Pauli-institutum
527 783 622 845 seque
644 772 675 824 et
692 782 767 824 suos
790 783 894 825 seeum
917 766 1059 847 serravit,

136 851 216 910 siout
237 847 349 910 Paulus
373 847 411 909 de
424 848 586 909 Timotheo
610 848 695 909 dixit.
738 847 786 908 Aa
808 848 884 908 siin
909 854 1059 910 monaste·

136 933 188 994 riis
211 931 361 992 eiusmodi
374 932 542 994 Bernhardi
555 938 668 1011 esseut,
691 931 814 992 tolerari
827 937 956 1011 possent
968 944 1059 1012 prop·
1127 951 1129 954 ·

137 1024 183 1077 ter
214 1017 326 1077 serium
349 1014 433 1077 Pauli
468 1017 637 1076 institutum
669 1033 709 1075 ex
737 1025 824 1096 parte
853 1013 1059 1078 observatum.

136 1099 177 1161 Aa
199 1099 249 1160 ubi
272 1106 343 1159 sunt
365 1118 467 1160 merae
490 1098 762 1160 mortuaefistulae
784 1105 816 1158 et
837 1107 939 1161 mutas
955 1098 1059 1179 tibias,

136 1201 216 1264 quae
237 1183 266 1243 in
291 1202 363 1244 aera
385 1188 511 1257 sonant,
536 1201 604 1242 oum
627 1181 739 1242 Paulus
762 1180 912 1261 dictast),
945 1200 998 1243 aas
1021 1182 1059 1243 ab
1120 1242 1123 1248 ,

136 1265 251 1327 infldeli
274 1267 429 1327 euntemni
452 1273 483 1327 et
502 1266 641 1328 insaniae
664 1267 811 1339 accusari,
834 1267 1060 1346 quantomagis

137 1369 156 1411 a
179 1347 320 1411 fidelibus
342 1348 561 1429 relinquendae
583 1347 790 1430 etfugieudae
813 1348 904 1409 sunt?
927 1349 984 1409 nisi
999 1369 1060 1411 ms·

136 1435 236 1494 lomus
258 1451 327 1494 asse
349 1433 472 1513 peiores
494 1450 585 1513 qnam
608 1440 717 1514 gentes
740 1430 930 1509 etiniideles‚
952 1440 984 1494 et
1000 1432 1061 1494 hoa

135 1535 242 1579 sonum
266 1516 400 1596 atpium
423 1515 580 1593 arbitrari,
614 1514 696 1597 quod
717 1515 761 1576 iiii
781 1516 938 1594 insanum,
966 1516 1059 1577 etiam

135 1601 219 1661 Pauli
242 1618 411 1679 ooosensu,
446 1600 554 1661 merito
578 1599 743 1681 appellant.
787 1598 833 1661 Ne
856 1617 929 1679 ergo
952 1600 1059 1660 suedas
1172 1617 1176 1624 ’

135 1690 240 1745 votum
277 1690 360 1743 tuum
396 1682 478 1763 apud
502 1683 601 1744 Deum
633 1683 715 1763 exigi
748 1680 945 1764 autprobari
969 1702 1060 1763 super

135 1767 191 1828 has
212 1766 365 1844 insanias,
402 1766 456 1828 aad
481 1785 549 1826 eum
572 1766 685 1827 flduoia
713 1765 821 1827 eredas
842 1764 1006 1845 reprobum
1030 1772 1061 1827 et

135 1850 312 1911 damnatum
335 1869 414 1932 esee,
437 1869 506 1911 oum
528 1849 579 1911 hio
600 1860 662 1910 non
686 1847 785 1909 solum
809 1855 938 1924 tentare,
961 1849 1015 1910 sed
1030 1858 1060 1909 et

135 1933 261 1996 irridere
275 1934 373 1996 Deum
399 1934 560 1995 videantur
581 1933 649 1995 istis
671 1930 817 1997 ludibriis.
861 1931 961 2012 Atque
983 1933 1061 1993 haee

135 2017 300 2098 deprimis
328 2017 423 2080 tribus
458 2015 610 2079 mandatis
643 2034 743 2096 pausa
774 2033 829 2096 pro
852 2020 990 2095 tempore
1012 2035 1059 2076 sa·

135 2102 174 2162 tis
195 2102 280 2163 sint·
373 2134 379 2148 ·
442 2121 443 2124 ¹
990 2120 995 2128 ¹

274 2278 355 2360 Ψ)
401 2266 611 2344 Adversari
640 2287 732 2341 vota
754 2271 937 2342 ueritati(

215 2431 382 2498 Veniamus
421 2434 459 2494 ad
491 2434 658 2495 secundam
681 2432 833 2510 tabulam,
863 2441 894 2495 et
916 2434 1061 2496 mandata

134 2520 200 2580 eius
222 2520 252 2579 in
276 2516 337 2579 duo
360 2518 419 2579 ista
441 2516 641 2597 colligamus,
669 2517 700 2576 in
723 2513 930 2578 obedientiam
952 2519 1058 2598 pareri·

134 2610 197 2663 tum
231 2607 263 2662 et
301 2603 460 2662 caritatem
501 2601 643 2682 proximi.
686 2596 764 2659 Nam
800 2605 872 2678 post
902 2599 995 2661 fldem
1029 2603 1059 2662 in

135 2686 233 2747 Deum
266 2684 341 2746 nihil
366 2685 462 2746 maius
486 2692 533 2744 est
555 2687 715 2764 pareutum
738 2679 923 2759 obedientia,
946 2682 984 2743 de
1000 2697 1060 2761 qua

134 2766 297 2849 magnifiee
319 2766 430 2829 Paulus
467 2772 494 2832 1.
515 2766 647 2830 Timoth.
671 2769 717 2830 ia:
772 2763 900 2825 Disoant
929 2767 1059 2845 primum

134 2852 258 2913 domum
282 2871 369 2912 suam
399 2870 506 2932 regere
534 2857 566 2912 et
598 2855 733 2911 mutuam
761 2847 859 2908 vioern
881 2848 1059 2993 Barentihus

136 2934 283 3016 reddere,
313 2934 479 2997 nonenim
502 2940 661 3015 aosaptum
686 2940 732 2992 est
752 2945 857 3016 ,soram
911 2932 963 2994 eoi
1003 2931 1060 2992 His

134 3019 246 3079 Paulus
278 3017 421 3100 prohibet
443 3036 586 3099 prorsus,
621 3036 661 3077 ne
693 3013 783 3075 vidua
808 3022 1000 3094 assumatur,
1033 3017 1059 3077 si

132 3100 226 3163 habat
247 3100 383 3178 domum,
407 3121 497 3182 quam
520 3106 617 3181 regat,
640 3107 671 3161 et
692 3104 852 3180 parentes,
875 3097 985 3178 quibus
1008 3097 1059 3160 ob·

132 3190 288 3264 sequatur,
310 3184 428 3247 addens
451 3187 557 3246 etiam:
602 3183 633 3246 si
656 3183 723 3263 quis
736 3199 860 3242 auorum
878 3190 908 3242 et
925 3184 1059 3242 maxime

132 3268 371 3330 domestioorum
396 3288 499 3329 euram
522 3288 584 3329 non
607 3266 716 3342 habet,
741 3262 841 3325 ‚fldem
876 3267 1000 3346 negavit
1030 3276 1060 3327 et

131 3359 180 3412 est
200 3351 316 3412 infideli
338 3351 479 3413 deterior.
524 3352 592 3412 lam'
611 3346 797 3430 superfluum
817 3356 864 3408 est
885 3358 1058 3421 recensere,

132 3434 291 3515 quomodo
315 3435 473 3495 sanitatem
496 3433 641 3496 omnibns
663 3431 833 3513 praeferat,
865 3431 895 3497 1.
919 3431 1057 3495 Corinth.

134 3515 186 3583 13:
223 3518 327 3580 omnia
362 3517 478 3578 iaaiens
512 3516 585 3578 nihii
607 3535 706 3594 esse,
735 3515 815 3594 quas
844 3516 910 3575 sine
932 3517 1058 3578 ueritate

130 3599 217 3662 flunt.
259 3599 295 3664 Id
309 3608 421 3682 autem,
446 3600 527 3681 quod
542 3599 658 3666 Paulus
671 3598 710 3661 de
723 3597 816 3661 vidua
827 3597 909 3679 dioit,
933 3619 1057 3680 prorsus

204 3785 233 3855 *)
254 3787 279 3843 1.
299 3783 424 3844 conam
444 3787 469 3842 4.
508 3785 540 3859 1)
560 3786 592 3845 Iu
617 3789 662 3848 sd.
686 3789 783 3864 priora
800 3790 969 3852 tieem-
