2392 4170
137 234 200 305 {iffi
429 235 587 295 centaurio
605 239 783 301 turbemus

139 391 332 459 ‚venundetur
354 391 412 452 sub
435 400 583 473 peoeeto,
607 395 686 456 siout
706 394 794 455 dioit:
829 395 931 455 Mente
960 393 1062 457 ternio

138 475 199 555 legi
211 476 278 552 Dsi,
301 495 393 541 earne
416 487 523 549 sptem
547 478 609 557 legi
631 479 759 559 peooeti.
802 477 871 538 Nou
887 485 917 537 te
937 476 993 539 bio
1009 476 1062 541 ut·

143 559 185 623 lot
213 559 375 635 Letomus,
412 560 488 628 dues
517 562 634 622 taciens
667 562 851 622 noluntates.
895 560 981 623 Unus
1010 568 1063 621 -est

140 641 235 704 bomo
258 643 386 719 Paulus,
409 646 459 722 qui
473 649 644 724 utrumque
678 645 772 704 dese
795 643 978 720 confitetur,
997 644 1060 705 elio

136 734 166 787 et
188 726 248 786 olio
270 734 429 806 respectu,
451 726 626 806 sub-gratis
647 738 694 787 est
716 727 896 807 spiritualis,
922 726 979 787 sed
1002 727 1059 787 sub

138 808 218 888 Lege
264 811 411 888 esrnslis3
463 810 544 870 idem
598 811 685 888 idem.
733 810 845 870 Paulus
870 842 873 849 ,
899 808 1061 889 utrobique

138 890 251 954 donum
274 894 361 967 feeit,
405 899 438 953 ut
469 895 509 954 sit
536 893 699 973 spiritualis
736 902 766 953 et
787 893 843 954 sub
880 893 994 972 gratis,
1030 895 1060 953 iu

136 977 236 1055 gratis
264 978 353 1037 unius
393 976 524 1037 hominis
557 976 625 1037 Iesu
660 976 778 1039 Christi.
822 975 986 1037 Peccatum
1010 976 1061 1042 tm

137 1059 193 1135 uit,
229 1068 260 1120 ut
292 1061 330 1119 sit
353 1060 499 1136 earnalis,
529 1059 668 1121 sednon
692 1059 831 1137 subire,
869 1059 941 1139 quin
963 1059 1062 1140 gratta

137 1146 168 1201 et
202 1143 247 1203 iru
281 1161 343 1203 nou
373 1145 582 1222 -oonvenlunt,
619 1152 677 1203 neo
710 1163 779 1203 sese
812 1151 918 1203 mutuo
939 1143 1059 1224 impug-

137 1232 227 1298 nent,
250 1244 308 1286 neo
330 1225 457 1286 alterurn
481 1225 604 1287 alterius
627 1226 816 1304 dominetur,
842 1227 923 1293 siout
944 1226 1059 1289 donum

137 1317 167 1367 et
189 1316 349 1388 peecatum
372 1310 496 1374 leniunt.
539 1309 599 1384 lte,
628 1309 718 1385 Quod
746 1310 827 1371 enim
849 1327 977 1389 operor,
1000 1327 1059 1390 ego

136 1391 266 1453 earnalis
289 1411 351 1452 non
373 1392 528 1471 intelligo,
557 1392 696 1472 intelligo
724 1399 825 1453 sutem
858 1411 917 1472 ego
940 1393 1059 1473 spiritu·

135 1475 208 1552 slis,
244 1475 358 1555 alioqui
389 1475 546 1555 quomodo
576 1486 682 1556 posset
712 1476 751 1536 de
784 1496 818 1535 se
845 1476 1059 1557 pronunciare,

136 1577 171 1616 se
193 1577 264 1619 esse
286 1577 347 1617 non
372 1558 607 1639 intelligentem,
639 1559 710 1637 quid
734 1558 896 1639 operetur?
940 1558 1059 1619 Deinde

134 1641 165 1700 in
191 1640 388 1720 sequentibus
412 1641 523 1703 malum
547 1641 691 1722 appellet,
714 1642 796 1721 quod
810 1651 963 1721 operetur,
985 1660 1058 1723 ergo

136 1724 280 1802 iutelligit
301 1725 414 1785 malum
439 1725 520 1804 quod
544 1737 704 1804 operetur,
741 1725 794 1785 sed
818 1744 909 1785 earne
931 1744 994 1784 uon
1017 1726 1058 1784 in-

138 1806 256 1885 telligit,
279 1807 362 1886 quod
380 1816 483 1868 mente
504 1808 654 1886 intelligit.
700 1810 778 1868 Vere
795 1809 875 1868 enim
897 1817 1058 1887 peceatum

136 1890 167 1949 in
193 1909 286 1952 cerne
308 1893 410 1950 furens
432 1898 519 1971 putet
540 1890 654 1951 bonum
677 1910 762 1970 esse,
792 1891 875 1971 quod
898 1893 1057 1971 eoncupis-

136 1972 186 2048 uit,
210 1982 239 2033 et
261 1975 304 2034 its
324 1975 397 2033 feeit
410 1973 659 2052 hominiquoque
673 1993 833 2055 apparere,
856 1992 917 2032 non
942 1973 1058 2045 videns,

134 2074 225 2133 quum
251 2057 363 2116 malurn
387 2059 434 2117 sit.
477 2057 545 2116 Nun
570 2059 650 2116 enim
665 2057 747 2136 quod
764 2057 836 2118 volo
849 2056 976 2132 bonum,
998 2057 1057 2117 boo

134 2157 206 2217 ego,
230 2138 284 2198 sed
307 2138 390 2217 quod
416 2138 487 2199 odio
512 2139 641 2218 melum,
670 2141 730 2200 hoo
752 2159 822 2218 ego.
867 2139 949 2198 Eoos
972 2140 1057 2200 intel·

133 2221 200 2300 ligit
232 2221 345 2281 bonum
370 2229 401 2281 et
434 2222 566 2298 malum,
602 2222 655 2282 sed
678 2224 789 2282 Paulus
820 2223 986 2302 spiritualis
1011 2224 1057 2283 sio

131 2304 274 2384 intelligit
305 2314 334 2363 et
355 2303 420 2364 vult
442 2312 472 2364 et
494 2304 568 2365 odil.
613 2307 751 2366 Carnnlis
781 2324 855 2365 vero
885 2325 946 2366 non
971 2307 1057 2378 intel·

134 2386 199 2465 ligit
221 2387 335 2446 bonum
360 2397 389 2447 et
412 2389 528 2467 agitet
550 2397 633 2448 emet
656 2389 767 2448 malum
792 2408 847 2468 pro
872 2387 963 2449 bono.

171 2509 174 2513 -
217 2470 355 2530 Proterat
378 2490 459 2531 nuno
480 2470 651 2551 Scripturas
673 2472 829 2545 Letumns,
852 2471 962 2549 quibus
986 2492 1054 2552 pro·

132 2552 235 2630 betur,
263 2554 345 2632 quod
380 2554 509 2613 earnalis
538 2555 691 2634 significet
718 2555 767 2614 bio
799 2554 879 2614 aliud
910 2574 1003 2633 quam
1025 2557 1054 2614 in

132 2636 198 2696 eliis
222 2636 315 2701 loeis.
357 2644 388 2697 et
407 2657 497 2715 quam
522 2639 618 2716 exigit
640 2636 847 2697 Grammatico
869 2646 899 2695 et
922 2638 1055 2716 simplex

133 2719 327 2798 signifieat-io.
371 2719 501 2794 Probet,
536 2720 617 2799 quod
642 2720 754 2787 malum
786 2730 815 2778 et
838 2720 951 2780 bonurn
973 2721 1055 2781 eliud

131 2804 190 2863 hoo
213 2802 281 2863 loeo
296 2821 387 2881 quam
402 2804 431 2862 in
448 2804 515 2863 aliis
531 2802 713 2881 significent,
736 2803 844 2883 probel
866 2803 948 2881 quod
967 2804 1055 2876 velle,

130 2885 228 2957 nolle,
265 2885 387 2961 odisse,
421 2906 515 2965 agere
544 2886 627 2946 uliud
649 2886 802 2965 significet
833 2886 882 2944 bie
906 2889 1050 2966 qusmiu

131 2968 198 3028 aliis
223 2969 307 3029 loeis.
352 2968 442 3044 Quod
464 2988 534 3029 eum
556 2988 617 3028 non
642 2970 755 3049 possit,
778 2975 808 3028 et
831 2987 936 3028 eorum
960 2971 1061 3049 signia

131 3050 245 3112 ilioslio
268 3052 372 3131 pietati
397 3052 456 3111 boo
478 3052 548 3112 loeo
573 3072 634 3110 non
658 3051 767 3126 obstet,
792 3052 947 3130 quidest,
971 3053 1068 3131 quod-

131 3134 288 3195 hominum
312 3135 424 3212 glossis
447 3135 646 3194 moveamur?
669 3135 775 3213 Neque
799 3136 878 3193 enim
902 3154 963 3195 non
988 3156 1055 3214 pro-

131 3218 197 3294 prie
219 3217 349 3277 carnalis
373 3217 490 3293 dieitur,
513 3219 565 3296 qui
588 3238 626 3278 ex
649 3227 735 3296 perte
758 3218 888 3277 earnalis
911 3227 976 3292 est,
1000 3220 1054 3281 rie

130 3305 164 3359 ut
194 3299 272 3378 dixi,
312 3300 393 3378 quod
427 3322 487 3360 nnn
512 3300 581 3361 ideo
608 3320 668 3360 non
692 3311 738 3360 est
760 3301 868 3375 homo,
899 3301 987 3379 quil)
1010 3303 1052 3360 iu·

131 3381 233 3442 firmus
256 3390 310 3443 nul
330 3402 440 3461 parvus
464 3383 558 3443 homo
582 3390 636 3444 est.
682 3384 879 3443 Vulneretum
894 3393 940 3442 est
963 3393 1055 3464 oeput

130 3466 272 3541 bominis,
296 3472 325 3524 et
350 3485 419 3524 vere
435 3465 573 3543 dicimus,
598 3466 691 3526 bomo
715 3467 890 3526 vulneratus
914 3474 970 3528 est.
1016 3468 1054 3529 Et

130 3549 181 3626 qui
216 3549 347 3627 pereutit
374 3548 483 3626 pedem
517 3552 619 3628 esuis,
655 3551 811 3610 verissime
847 3569 956 3610 canem
981 3570 1053 3630 per·

201 3735 235 3802 1)
254 3686 348 3792 nis.
367 3687 440 3790 riis
452 3687 535 3806 iuri.
