2392 4170
463 263 545 324 Doet.
563 266 642 325 biart
662 267 744 325 butt·
1009 263 1072 337 389

145 439 320 526 interrogo:
341 438 458 518 inqua
467 444 623 519 potestate
645 438 936 521 baeofaoitisiipsi
951 402 1070 502 dioubt:

146 522 226 600 Quia
247 523 292 584 sio
313 523 441 585 issimus
463 528 495 585 et
515 523 707 589 sioieeimns.
738 521 785 586 Sit
807 544 864 606 pro
877 525 998 586 ratione
1015 543 1072 587 uo·

145 606 262 685 luntas,
300 626 357 688 pro
395 607 560 668 autoritate
592 608 677 685 ritus,
704 628 761 689 pro
783 609 848 670 iure
868 607 1071 690 consuetudo,

148 690 241 772 idque
262 691 292 751 iu
315 689 515 760 rebus-Dei„

228 774 283 834 Est
305 773 386 855 apud
408 792 464 836 eos
478 775 562 855 ipsos
573 774 604 836 iu
629 773 751 836 Sebolis
764 775 827 837 suis
841 776 1069 841 vitiosissimum

144 877 243 936 genus
268 857 452 939 disputandi,
475 857 557 939 quod
576 864 690 920 vooant
717 859 896 939 petitionem
921 860 1071 940 principii.

144 941 212 1003 Hos
222 940 343 1002 diseunt
353 947 385 1003 et
395 941 510 1003 doesnt
520 959 617 1021 usque
629 941 669 1002 ad
682 961 788 1020 eanos,
804 961 908 1023 usque
918 941 957 1004 ad
970 942 1071 1023 repul·

143 1043 238 1101 orum,
251 1029 299 1086 tot
310 1023 482 1100 sudoribus,
495 1030 550 1085 tot
562 1025 732 1106 sumptibus
746 1027 907 1087 miserrimi
920 1026 1071 1102 homines,

144 1107 195 1170 ubi
209 1127 284 1170 vero
300 1107 339 1169 ad
352 1128 440 1169 usum
456 1105 614 1170 doetrinae
635 1128 710 1170 suae
731 1105 866 1187 veniunt,
889 1109 964 1171 nibil
987 1108 1069 1171 aliud

142 1199 283 1274 possunt,
305 1192 364 1252 nisi
385 1192 582 1254 vitiosissime
601 1193 781 1273 prineipinm
803 1199 917 1274 petere.
960 1193 1005 1255 ita
1027 1190 1071 1271 iit,

142 1275 399 1357 utagoelamsm:
420 1273 673 1356 Evangeliuml),
695 1275 908 1357 Evangelium,
921 1276 1070 1352 Christus,

142 1357 290 1436 cbristus,
325 1358 385 1439 ipsi
418 1358 643 1439 respondeant:
687 1359 804 1438 Patres,
840 1360 955 1438 Patres,
986 1377 1069 1437 usus,

142 1460 225 1522 usus,
249 1447 373 1520 statuta,
397 1447 519 1507 statuta.
563 1442 621 1505 Ubi
644 1460 717 1503 vero
730 1442 810 1522 dieo,
832 1443 948 1520 Patres,
970 1461 1069 1523 usum,

140 1530 255 1586 statute
275 1527 398 1606 'saepius
420 1544 548 1603 errasse,
574 1532 717 1606 oportere
747 1525 897 1591 eiusmodi
935 1525 1070 1589 firmiore

140 1614 172 1668 et
198 1609 329 1670 eertiore
357 1608 521 1670 autoritate
549 1609 685 1688 munire,
720 1607 872 1670 Christum
902 1627 974 1671 vero
1006 1628 1067 1670 non

139 1710 234 1773 posse
255 1709 366 1758 errare.
409 1691 468 1752 Hie
487 1691 623 1772 pisoibus
636 1692 734 1772 magis
756 1694 830 1754 muti
853 1699 893 1770 et,
916 1698 949 1754 ut
969 1691 1069 1773 Serip-

139 1782 207 1836 tura
228 1773 310 1856 dieis,
333 1776 412 1837 siout
432 1773 555 1856 aspides
578 1773 690 1836 surdae
713 1775 857 1838 obturant
884 1794 984 1853 sures,
1027 1795 1068 1840 ne

137 1856 264 1918 audiant
291 1878 401 1920 voeem
433 1859 628 1920 ineantantis.
672 1857 735 1920 Aut
763 1858 824 1921 boo
847 1859 965 1939 denuo,
982 1857 1066 1938 quod

136 1960 259 2022 semper
284 1944 315 2004 in
346 1961 466 2004 summa
495 1947 581 2002 natat
601 1942 709 2019 saliva,
733 1942 805 2003 mibi
828 1941 972 2003 reddunt:
996 1942 1066 2002 Am·

136 2023 256 2086 brosius
279 2027 325 2087 sio
346 2025 429 2102 dioit,
450 2032 523 2086 tune
545 2024 665 2087 dootior
686 2043 719 2086 es
739 2024 927 2086 Ambrosio?
949 2024 994 2085 Tu
1016 2043 1063 2086 so·

135 2107 184 2168 lus
205 2108 310 2189 sapis?
332 2128 370 2170 ae
390 2116 551 2190 praeterea
577 2106 661 2170 nibil.
705 2106 801 2184 Quasi
825 2108 989 2189 disputatio
1012 2125 1065 2168 no-

135 2196 199 2250 stre
220 2191 261 2250 sit
281 2191 319 2251 de
342 2192 481 2252 doetrine
503 2191 657 2253 Ambrosii
687 2198 718 2252 et
746 2212 824 2270 mea,
853 2190 1014 2271 autquasi
1035 2197 1067 2251 et

136 2291 196 2352 ego
219 2290 281 2333 nou
303 2275 419 2352 possim
443 2273 561 2335 dieers:
589 2275 635 2336 Tu
656 2273 853 2338 Ambrosium
876 2273 957 2336 maie
978 2272 1066 2335 intel-

137 2355 207 2436 ligis
228 2361 261 2416 et
282 2353 443 2436 depravas.
486 2353 634 2433 Obseero,
656 2358 724 2435 quis
745 2358 814 2420 finis
836 2364 884 2419 est
904 2376 973 2419 oum
996 2375 1065 2419 eae·

136 2439 180 2499 eis
202 2438 268 2498 istis
291 2444 322 2499 et
342 2438 465 2500 furiosis
487 2446 516 2498 et
539 2438 716 2502 amentibus,
735 2439 931 2521 disputandi?
1009 2473 1013 2483 ·

218 2521 301 2583 'Palis
329 2527 377 2584 est
408 2528 440 2581 et
464 2520 515 2581 hio
540 2520 618 2582 liber
647 2520 739 2601 Regis
761 2521 902 2604 Angliae,
925 2524 976 2602 qui
998 2542 1066 2605 per,

135 2610 230 2685 petuo
257 2611 343 2666 textu
373 2603 455 2666 aliud
484 2603 561 2665 nibil
582 2605 656 2684 agit,
683 2622 774 2683 quam
797 2611 829 2665 ut
851 2604 1066 2667 traditionibus

133 2686 292 2750 hominum
327 2695 357 2750 et
370 2687 482 2769 glossis
495 2687 617 2748 Petrum
641 2692 672 2747 et
683 2707 740 2748 usu
752 2685 925 2750 seoulorurn
948 2694 1065 2770 urgeat.

135 2770 193 2831 Hie
213 2770 294 2847 furit,
314 2773 366 2832 hio
387 2768 559 2848 maledicit,
589 2770 641 2831 bio
664 2776 746 2832 totns
767 2771 910 2832 eonvieia
930 2777 962 2832 et
982 2772 1065 2833 virus

133 2860 191 2933 est,
214 2854 296 2934 quod
318 2855 379 2916 iliis
392 2854 522 2931 doetior,
544 2853 691 2931 sanotior,
713 2855 813 2922 maior
833 2848 939 2915 baberi
961 2853 1070 2927 velim,

133 2936 203 2998 Non
226 2943 409 3013 eontentus,
438 2936 522 3016 quod
550 2937 712 2999 talia-illis
738 2938 893 3019 permitto,
917 2940 949 2997 ut
970 2936 1066 2998 libera

133 3017 314 3098 habeantur,
337 3021 393 3081 sed
405 3021 599 3082 neeessarios
617 3019 706 3082 uobis
717 3020 865 3083 ertieulos
887 3018 958 3080 fldei
981 3021 1066 3083 Deus

132 3102 186 3163 ille
206 3122 305 3165 novus
326 3105 442 3182 statuit,
463 3103 609 3185 quidquid
633 3123 673 3165 ex
687 3102 861 3166 hominibus
876 3103 990 3164 dietum
1013 3109 1066 3164 aut

132 3185 247 3247 fastum
268 3188 437 3265 invenerit,
467 3207 545 3268 quos
574 3187 632 3248 nisi
662 3187 797 3265 oredsm,
829 3187 952 3268 quantis
979 3187 1064 3247 iuriis

133 3270 242 3350 agitur,
273 3276 306 3331 ut
337 3271 524 3333 haereticum
564 3276 595 3332 et
627 3272 733 3333 neseio
761 3277 838 3351 quot
859 3275 1004 3350 portenta
1025 3289 1066 3332 ex

133 3371 184 3413 me
216 3353 316 3417 faeiat.
360 3351 515 3430 Obssero,
545 3351 626 3414 unde
655 3353 828 3415 nobisiiie‘
852 3371 952 3414 novus
981 3353 1065 3414 Deus

132 3435 202 3497 Rex
223 3435 366 3517 Angliae‚
405 3442 528 3498 creator
559 3454 709 3498 novorum
743 3434 939 3499 artieulorum
969 3435 1065 3497 fidei?

133 3538 227 3580 unum
253 3538 316 3603 ego
339 3519 488 3581 haetenus
510 3520 610 3580 Deum
632 3521 721 3600 novi,
753 3521 801 3581 eni
822 3520 870 3580 ius
892 3526 975 3582 esset
996 3520 1064 3580 arti·

132 3601 220 3664 enlos
241 3600 314 3664 tidei
335 3602 470 3666 condere
497 3609 529 3664 et
549 3601 643 3664 fldem
665 3605 801 3684 exigere.

116 3764 119 3769 ’
174 3774 338 3860 *nurus
356 3790 539 3864 evangelion.
