<?xml version="1.0" encoding="UTF-8"?>
<!DOCTYPE html PUBLIC "-//W3C//DTD XHTML 1.0 Transitional//EN"
    "http://www.w3.org/TR/xhtml1/DTD/xhtml1-transitional.dtd">
<html xmlns="http://www.w3.org/1999/xhtml" xml:lang="en" lang="en">
 <head>
  <title>
</title>
<meta http-equiv="Content-Type" content="text/html;charset=utf-8" />
  <meta name='ocr-system' content='tesseract 3.04.00' />
  <meta name='ocr-capabilities' content='ocr_page ocr_carea ocr_par ocr_line ocrx_word'/>
</head>
<body>
  <div class='ocr_page' id='page_1' title='image "./dmartinilutheri03luthgoog_0449.png"; bbox 0 0 2392 4170; ppageno 0'>
   <div class='ocr_carea' id='block_1_1' title="bbox 147 239 787 307">
    <p class='ocr_par' dir='ltr' id='par_1_1' title="bbox 147 239 787 307">
     <span class='ocr_line' id='line_1_1' title="bbox 147 239 787 307; baseline -0.008 -7"><span class='ocrx_word' id='word_1_1' title='bbox 147 239 209 307; x_wconf 70' lang='lat'><strong>438</strong></span> <span class='ocrx_word' id='word_1_2' title='bbox 440 240 600 299; x_wconf 71' lang='lat' dir='ltr'><strong>eontentio</strong></span> <span class='ocrx_word' id='word_1_3' title='bbox 619 239 787 301; x_wconf 69' lang='lat' dir='ltr'><strong>Lutherions</strong></span> 
     </span>
    </p>
   </div>
   <div class='ocr_carea' id='block_1_2' title="bbox 74 392 1073 3784">
    <p class='ocr_par' dir='ltr' id='par_1_2' title="bbox 74 392 1073 1801">
     <span class='ocr_line' id='line_1_2' title="bbox 148 392 1073 477; baseline -0.006 -17"><span class='ocrx_word' id='word_1_4' title='bbox 148 414 283 475; x_wconf 81' lang='lat' dir='ltr'><strong>unquam</strong></span> <span class='ocrx_word' id='word_1_5' title='bbox 313 394 564 477; x_wconf 82' lang='lat' dir='ltr'><strong>intelligentium,</strong></span> <span class='ocrx_word' id='word_1_6' title='bbox 593 395 666 458; x_wconf 67' lang='lat' dir='ltr'><strong>ideo⁴</strong></span> <span class='ocrx_word' id='word_1_7' title='bbox 701 395 746 455; x_wconf 86' lang='lat' dir='ltr'><strong>sic</strong></span> <span class='ocrx_word' id='word_1_8' title='bbox 771 392 1022 470; x_wconf 68' lang='lat' dir='ltr'><strong>contunduntur,</strong></span> <span class='ocrx_word' id='word_1_9' title='bbox 1041 400 1073 459; x_wconf 83' lang='lat' dir='ltr'><strong>et</strong></span> 
     </span>
     <span class='ocr_line' id='line_1_3' title="bbox 148 475 1070 558; baseline -0.005 -15"><span class='ocrx_word' id='word_1_10' title='bbox 148 479 286 545; x_wconf 82' lang='lat' dir='ltr'><strong>alterum.</strong></span> <span class='ocrx_word' id='word_1_11' title='bbox 299 497 354 558; x_wconf 87' lang='lat' dir='ltr'><strong>pro</strong></span> <span class='ocrx_word' id='word_1_12' title='bbox 378 479 475 540; x_wconf 80' lang='lat' dir='ltr'><strong>altero</strong></span> <span class='ocrx_word' id='word_1_13' title='bbox 497 485 674 557; x_wconf 78' lang='lat' dir='ltr'><strong>sequuntur.</strong></span> <span class='ocrx_word' id='word_1_14' title='bbox 718 477 996 558; x_wconf 77' lang='lat' dir='ltr'><strong>Diooergo,1sicut</strong></span> <span class='ocrx_word' id='word_1_15' title='bbox 1016 475 1070 541; x_wconf 70' lang='lat' dir='ltr'><strong>ie&#39;x</strong></span> 
     </span>
     <span class='ocr_line' id='line_1_4' title="bbox 151 559 1070 643; baseline -0.004 -20"><span class='ocrx_word' id='word_1_16' title='bbox 151 561 294 639; x_wconf 80' lang='lat' dir='ltr'><strong>decalogi</strong></span> <span class='ocrx_word' id='word_1_17' title='bbox 334 570 381 622; x_wconf 96' lang='grc' dir='ltr'><strong>εει</strong></span> <span class='ocrx_word' id='word_1_18' title='bbox 417 561 514 637; x_wconf 88' lang='lat' dir='ltr'><strong>bona,</strong></span> <span class='ocrx_word' id='word_1_19' title='bbox 549 562 575 621; x_wconf 86' lang='lat' dir='ltr'><strong>ei</strong></span> <span class='ocrx_word' id='word_1_20' title='bbox 596 569 734 622; x_wconf 82' lang='lat' dir='ltr'><strong>servetur</strong></span> <span class='ocrx_word' id='word_1_21' title='bbox 755 559 804 643; x_wconf 86' lang='lat' dir='ltr'><strong>(id</strong></span> <span class='ocrx_word' id='word_1_22' title='bbox 827 568 885 636; x_wconf 85' lang='lat' dir='ltr'><strong>est,</strong></span> <span class='ocrx_word' id='word_1_23' title='bbox 906 560 932 621; x_wconf 86' lang='lat' dir='ltr'><strong>ei</strong></span> <span class='ocrx_word' id='word_1_24' title='bbox 954 559 1070 625; x_wconf 75' lang='lat' dir='ltr'><strong>habeas</strong></span> 
     </span>
     <span class='ocr_line' id='line_1_5' title="bbox 151 642 1073 725; baseline -0.007 -16"><span class='ocrx_word' id='word_1_25' title='bbox 151 642 260 721; x_wconf 81' lang='lat' dir='ltr'><strong>fidem,</strong></span> <span class='ocrx_word' id='word_1_26' title='bbox 294 663 373 724; x_wconf 84' lang='lat' dir='ltr'><strong>quae</strong></span> <span class='ocrx_word' id='word_1_27' title='bbox 396 652 442 706; x_wconf 87' lang='grc' dir='ltr'><strong>εει</strong></span> <span class='ocrx_word' id='word_1_28' title='bbox 463 644 620 725; x_wconf 81' lang='lat' dir='ltr'><strong>plenitudo</strong></span> <span class='ocrx_word' id='word_1_29' title='bbox 643 644 720 724; x_wconf 82' lang='lat' dir='ltr'><strong>legis</strong></span> <span class='ocrx_word' id='word_1_30' title='bbox 743 652 774 706; x_wconf 89' lang='lat' dir='ltr'><strong>et</strong></span> <span class='ocrx_word' id='word_1_31' title='bbox 795 644 940 720; x_wconf 76' lang='lat' dir='ltr'><strong>iustitis),</strong></span> <span class='ocrx_word' id='word_1_32' title='bbox 963 653 1073 707; x_wconf 82' lang='lat' dir='ltr'><strong>contra</strong></span> 
     </span>
     <span class='ocr_line' id='line_1_6' title="bbox 149 725 1072 807; baseline -0.005 -18"><span class='ocrx_word' id='word_1_33' title='bbox 149 745 236 797; x_wconf 80' lang='lat' dir='ltr'><strong>more</strong></span> <span class='ocrx_word' id='word_1_34' title='bbox 256 732 289 795; x_wconf 87' lang='lat' dir='ltr'><strong>et</strong></span> <span class='ocrx_word' id='word_1_35' title='bbox 306 729 363 807; x_wconf 82' lang='lat' dir='ltr'><strong>ira,</strong></span> <span class='ocrx_word' id='word_1_36' title='bbox 388 736 418 788; x_wconf 89' lang='lat' dir='ltr'><strong>et</strong></span> <span class='ocrx_word' id='word_1_37' title='bbox 438 727 601 793; x_wconf 83' lang='lat' dir='ltr'><strong>sunbona</strong></span> <span class='ocrx_word' id='word_1_38' title='bbox 623 726 687 806; x_wconf 87' lang='lat' dir='ltr'><strong>tibi,</strong></span> <span class='ocrx_word' id='word_1_39' title='bbox 710 728 735 786; x_wconf 85' lang='lat' dir='ltr'><strong>si</strong></span> <span class='ocrx_word' id='word_1_40' title='bbox 759 745 820 789; x_wconf 92' lang='lat' dir='ltr'><strong>non</strong></span> <span class='ocrx_word' id='word_1_41' title='bbox 833 744 946 802; x_wconf 81' lang='lat' dir='ltr'><strong>serves,</strong></span> <span class='ocrx_word' id='word_1_42' title='bbox 968 725 1072 805; x_wconf 83' lang='lat' dir='ltr'><strong>idest,</strong></span> 
     </span>
     <span class='ocr_line' id='line_1_7' title="bbox 149 809 1071 890; baseline 0 -21"><span class='ocrx_word' id='word_1_43' title='bbox 149 811 176 879; x_wconf 79' lang='lat' dir='ltr'><strong>ai</strong></span> <span class='ocrx_word' id='word_1_44' title='bbox 199 829 259 877; x_wconf 87' lang='lat' dir='ltr'><strong>nou</strong></span> <span class='ocrx_word' id='word_1_45' title='bbox 283 809 398 876; x_wconf 79' lang='lat' dir='ltr'><strong>habeas</strong></span> <span class='ocrx_word' id='word_1_46' title='bbox 412 810 514 886; x_wconf 87' lang='lat' dir='ltr'><strong>fidem,</strong></span> <span class='ocrx_word' id='word_1_47' title='bbox 536 810 761 890; x_wconf 87' lang='lat' dir='ltr'><strong>quantumlibet</strong></span> <span class='ocrx_word' id='word_1_48' title='bbox 771 812 837 870; x_wconf 85' lang='lat' dir='ltr'><strong>aius</strong></span> <span class='ocrx_word' id='word_1_49' title='bbox 855 823 955 889; x_wconf 83' lang='lat' dir='ltr'><strong>opere</strong></span> <span class='ocrx_word' id='word_1_50' title='bbox 964 809 1071 873; x_wconf 74' lang='lat' dir='ltr'><strong>iacias.</strong></span> 
     </span>
     <span class='ocr_line' id='line_1_8' title="bbox 149 891 1071 973; baseline -0.003 -18"><span class='ocrx_word' id='word_1_51' title='bbox 149 892 228 964; x_wconf 73' lang='lat' dir='ltr'><strong>Nam</strong></span> <span class='ocrx_word' id='word_1_52' title='bbox 250 894 365 961; x_wconf 84' lang='lat' dir='ltr'><strong>iustitie</strong></span> <span class='ocrx_word' id='word_1_53' title='bbox 388 893 463 973; x_wconf 84' lang='lat' dir='ltr'><strong>legis</strong></span> <span class='ocrx_word' id='word_1_54' title='bbox 484 895 577 957; x_wconf 87' lang='lat' dir='ltr'><strong>etiem</strong></span> <span class='ocrx_word' id='word_1_55' title='bbox 601 893 744 972; x_wconf 82' lang='lat' dir='ltr'><strong>decalogi</strong></span> <span class='ocrx_word' id='word_1_56' title='bbox 773 891 931 959; x_wconf 83' lang='lat' dir='ltr'><strong>immunda</strong></span> <span class='ocrx_word' id='word_1_57' title='bbox 959 900 999 953; x_wconf 84' lang='lat' dir='ltr'><strong>et</strong></span> <span class='ocrx_word' id='word_1_58' title='bbox 1018 891 1071 956; x_wconf 83' lang='lat' dir='ltr'><strong>eb-</strong></span> 
     </span>
     <span class='ocr_line' id='line_1_9' title="bbox 130 975 1072 1056; baseline 0.004 -25"><span class='ocrx_word' id='word_1_59' title='bbox 130 975 226 1049; x_wconf 77' lang='lat' dir='ltr'><strong>plita</strong></span> <span class='ocrx_word' id='word_1_60' title='bbox 248 983 295 1038; x_wconf 82' lang='lat' dir='ltr'><strong>eet</strong></span> <span class='ocrx_word' id='word_1_61' title='bbox 315 995 371 1056; x_wconf 90' lang='lat' dir='ltr'><strong>per</strong></span> <span class='ocrx_word' id='word_1_62' title='bbox 392 975 556 1053; x_wconf 78' lang='lat' dir='ltr'><strong>Christum,</strong></span> <span class='ocrx_word' id='word_1_63' title='bbox 578 978 640 1037; x_wconf 87' lang='lat' dir='ltr'><strong>imo</strong></span> <span class='ocrx_word' id='word_1_64' title='bbox 661 978 758 1055; x_wconf 79' lang='lat' dir='ltr'><strong>magis</strong></span> <span class='ocrx_word' id='word_1_65' title='bbox 781 995 870 1055; x_wconf 85' lang='lat' dir='ltr'><strong>qusm</strong></span> <span class='ocrx_word' id='word_1_66' title='bbox 883 975 1072 1039; x_wconf 76' lang='lat' dir='ltr'><strong>ceremonia-</strong></span> 
     </span>
     <span class='ocr_line' id='line_1_10' title="bbox 144 1057 1070 1139; baseline -0.006 -16"><span class='ocrx_word' id='word_1_67' title='bbox 144 1058 195 1123; x_wconf 78' lang='lat' dir='ltr'><strong>lis.</strong></span> <span class='ocrx_word' id='word_1_68' title='bbox 236 1059 316 1123; x_wconf 84' lang='lat' dir='ltr'><strong>Nam</strong></span> <span class='ocrx_word' id='word_1_69' title='bbox 343 1060 412 1139; x_wconf 84' lang='lat' dir='ltr'><strong>ipse</strong></span> <span class='ocrx_word' id='word_1_70' title='bbox 446 1061 569 1139; x_wconf 83' lang='lat' dir='ltr'><strong>proprie</strong></span> <span class='ocrx_word' id='word_1_71' title='bbox 605 1067 652 1119; x_wconf 85' lang='grc' dir='ltr'><strong>εει</strong></span> <span class='ocrx_word' id='word_1_72' title='bbox 678 1059 818 1121; x_wconf 90' lang='lat' dir='ltr'><strong>velamen</strong></span> <span class='ocrx_word' id='word_1_73' title='bbox 851 1057 951 1119; x_wconf 85' lang='lat' dir='ltr'><strong>vultus</strong></span> <span class='ocrx_word' id='word_1_74' title='bbox 980 1057 1070 1136; x_wconf 77' lang='lat' dir='ltr'><strong>diust,</strong></span> 
     </span>
     <span class='ocr_line' id='line_1_11' title="bbox 149 1140 1072 1222; baseline -0.004 -17"><span class='ocrx_word' id='word_1_75' title='bbox 149 1141 232 1220; x_wconf 74' lang='lat' dir='ltr'><strong>quod</strong></span> <span class='ocrx_word' id='word_1_76' title='bbox 253 1140 325 1215; x_wconf 67' lang='lat' dir='ltr'><strong>fidoi</strong></span> <span class='ocrx_word' id='word_1_77' title='bbox 345 1143 445 1222; x_wconf 86' lang='lat' dir='ltr'><strong>glorie</strong></span> <span class='ocrx_word' id='word_1_78' title='bbox 467 1143 553 1204; x_wconf 84' lang='lat' dir='ltr'><strong>tollit.</strong></span> <span class='ocrx_word' id='word_1_79' title='bbox 596 1142 641 1204; x_wconf 81' lang='lat' dir='ltr'><strong>Ite</strong></span> <span class='ocrx_word' id='word_1_80' title='bbox 662 1142 893 1221; x_wconf 80' lang='lat' dir='ltr'><strong>ceremonialis,</strong></span> <span class='ocrx_word' id='word_1_81' title='bbox 914 1159 1072 1220; x_wconf 80' lang='lat' dir='ltr'><strong>quoscun-</strong></span> 
     </span>
     <span class='ocr_line' id='line_1_12' title="bbox 147 1223 1071 1305; baseline -0.002 -18"><span class='ocrx_word' id='word_1_82' title='bbox 147 1223 313 1302; x_wconf 70' lang='lat' dir='ltr'><strong>que-bons</strong></span> <span class='ocrx_word' id='word_1_83' title='bbox 336 1234 396 1298; x_wconf 79' lang='lat' dir='ltr'><strong>est,</strong></span> <span class='ocrx_word' id='word_1_84' title='bbox 418 1227 445 1286; x_wconf 89' lang='lat' dir='ltr'><strong>si</strong></span> <span class='ocrx_word' id='word_1_85' title='bbox 468 1245 535 1291; x_wconf 84' lang='lat' dir='ltr'><strong>esur</strong></span> <span class='ocrx_word' id='word_1_86' title='bbox 558 1244 680 1298; x_wconf 82' lang='lat' dir='ltr'><strong>serves,</strong></span> <span class='ocrx_word' id='word_1_87' title='bbox 704 1245 764 1287; x_wconf 89' lang='lat' dir='ltr'><strong>uon</strong></span> <span class='ocrx_word' id='word_1_88' title='bbox 781 1232 890 1287; x_wconf 80' lang='lat' dir='ltr'><strong>autem</strong></span> <span class='ocrx_word' id='word_1_89' title='bbox 913 1223 1071 1305; x_wconf 79' lang='lat' dir='ltr'><strong>operibns,</strong></span> 
     </span>
     <span class='ocr_line' id='line_1_13' title="bbox 143 1306 1073 1387; baseline -0.002 -19"><span class='ocrx_word' id='word_1_90' title='bbox 143 1307 207 1375; x_wconf 81' lang='lat' dir='ltr'><strong>sed</strong></span> <span class='ocrx_word' id='word_1_91' title='bbox 224 1306 285 1377; x_wconf 75' lang='lat' dir='ltr'><strong>fide</strong></span> <span class='ocrx_word' id='word_1_92' title='bbox 306 1327 373 1379; x_wconf 81' lang='lat' dir='ltr'><strong>eam</strong></span> <span class='ocrx_word' id='word_1_93' title='bbox 396 1327 516 1384; x_wconf 78' lang='lat' dir='ltr'><strong>servae,</strong></span> <span class='ocrx_word' id='word_1_94' title='bbox 538 1309 568 1369; x_wconf 90' lang='lat' dir='ltr'><strong>id</strong></span> <span class='ocrx_word' id='word_1_95' title='bbox 591 1315 653 1386; x_wconf 86' lang='lat' dir='ltr'><strong>ast,</strong></span> <span class='ocrx_word' id='word_1_96' title='bbox 675 1309 700 1369; x_wconf 84' lang='lat' dir='ltr'><strong>ei</strong></span> <span class='ocrx_word' id='word_1_97' title='bbox 723 1310 767 1367; x_wconf 90' lang='lat' dir='ltr'><strong>sic</strong></span> <span class='ocrx_word' id='word_1_98' title='bbox 789 1308 1020 1387; x_wconf 84' lang='lat' dir='ltr'><strong>opererieenm,</strong></span> <span class='ocrx_word' id='word_1_99' title='bbox 1040 1315 1073 1367; x_wconf 90' lang='lat' dir='ltr'><strong>nt</strong></span> 
     </span>
     <span class='ocr_line' id='line_1_14' title="bbox 148 1389 1072 1467; baseline -0.006 -11"><span class='ocrx_word' id='word_1_100' title='bbox 148 1409 209 1456; x_wconf 84' lang='lat' dir='ltr'><strong>nou</strong></span> <span class='ocrx_word' id='word_1_101' title='bbox 232 1391 262 1458; x_wconf 83' lang='lat' dir='ltr'><strong>in</strong></span> <span class='ocrx_word' id='word_1_102' title='bbox 283 1390 353 1467; x_wconf 74' lang='lat' dir='ltr'><strong>iilis,</strong></span> <span class='ocrx_word' id='word_1_103' title='bbox 375 1391 430 1455; x_wconf 83' lang='lat' dir='ltr'><strong>sed</strong></span> <span class='ocrx_word' id='word_1_104' title='bbox 451 1390 564 1457; x_wconf 84' lang='lat' dir='ltr'><strong>infide</strong></span> <span class='ocrx_word' id='word_1_105' title='bbox 587 1394 666 1453; x_wconf 85' lang='lat' dir='ltr'><strong>scias</strong></span> <span class='ocrx_word' id='word_1_106' title='bbox 690 1410 759 1453; x_wconf 87' lang='lat' dir='ltr'><strong>esse</strong></span> <span class='ocrx_word' id='word_1_107' title='bbox 777 1391 931 1453; x_wconf 87' lang='lat' dir='ltr'><strong>iustitiam.</strong></span> <span class='ocrx_word' id='word_1_108' title='bbox 956 1389 1072 1453; x_wconf 63' lang='lat' dir='ltr'><strong>Conna</strong></span> 
     </span>
     <span class='ocr_line' id='line_1_15' title="bbox 146 1472 1071 1552; baseline -0.004 -17"><span class='ocrx_word' id='word_1_109' title='bbox 146 1491 210 1535; x_wconf 86' lang='lat' dir='ltr'><strong>aon</strong></span> <span class='ocrx_word' id='word_1_110' title='bbox 233 1472 330 1551; x_wconf 84' lang='lat' dir='ltr'><strong>boue,</strong></span> <span class='ocrx_word' id='word_1_111' title='bbox 354 1493 451 1550; x_wconf 86' lang='lat' dir='ltr'><strong>mors,</strong></span> <span class='ocrx_word' id='word_1_112' title='bbox 473 1475 520 1537; x_wconf 84' lang='lat' dir='ltr'><strong>ira</strong></span> <span class='ocrx_word' id='word_1_113' title='bbox 542 1484 604 1549; x_wconf 82' lang='lat' dir='ltr'><strong>est,</strong></span> <span class='ocrx_word' id='word_1_114' title='bbox 631 1476 656 1537; x_wconf 87' lang='lat' dir='ltr'><strong>ai</strong></span> <span class='ocrx_word' id='word_1_115' title='bbox 679 1482 766 1535; x_wconf 88' lang='lat' dir='ltr'><strong>extra</strong></span> <span class='ocrx_word' id='word_1_116' title='bbox 789 1472 879 1535; x_wconf 86' lang='lat' dir='ltr'><strong>fidem</strong></span> <span class='ocrx_word' id='word_1_117' title='bbox 903 1491 1020 1552; x_wconf 70' lang='lat' dir='ltr'><strong>aeruca,</strong></span> <span class='ocrx_word' id='word_1_118' title='bbox 1041 1472 1071 1539; x_wconf 88' lang='lat' dir='ltr'><strong>id</strong></span> 
     </span>
     <span class='ocr_line' id='line_1_16' title="bbox 74 1555 1072 1636; baseline 0.002 -19"><span class='ocrx_word' id='word_1_119' title='bbox 74 1596 76 1601; x_wconf 90' lang='lat'><em>-</em></span> <span class='ocrx_word' id='word_1_120' title='bbox 150 1555 385 1636; x_wconf 53' lang='lat' dir='ltr'><strong>quod‘estppc</strong></span> <span class='ocrx_word' id='word_1_121' title='bbox 405 1557 432 1619; x_wconf 90' lang='lat' dir='ltr'><strong>si</strong></span> <span class='ocrx_word' id='word_1_122' title='bbox 454 1575 519 1617; x_wconf 84' lang='lat' dir='ltr'><strong>non</strong></span> <span class='ocrx_word' id='word_1_123' title='bbox 545 1577 659 1619; x_wconf 83' lang='lat' dir='ltr'><strong>servos.</strong></span> <span class='ocrx_word' id='word_1_124' title='bbox 704 1556 806 1617; x_wconf 84' lang='lat' dir='ltr'><strong>Cieret</strong></span> <span class='ocrx_word' id='word_1_125' title='bbox 833 1576 922 1636; x_wconf 83' lang='lat' dir='ltr'><strong>ergo,</strong></span> <span class='ocrx_word' id='word_1_126' title='bbox 952 1555 1072 1619; x_wconf 59' lang='lat' dir='ltr'><strong>literam</strong></span> 
     </span>
     <span class='ocr_line' id='line_1_17' title="bbox 149 1637 1072 1719; baseline -0.001 -19"><span class='ocrx_word' id='word_1_127' title='bbox 149 1637 345 1705; x_wconf 76' lang='lat' dir='ltr'><strong>occidentem</strong></span> <span class='ocrx_word' id='word_1_128' title='bbox 367 1658 437 1709; x_wconf 78' lang='lat' dir='ltr'><strong>eece</strong></span> <span class='ocrx_word' id='word_1_129' title='bbox 460 1640 631 1710; x_wconf 77' lang='lat' dir='ltr'><strong>uniuersam</strong></span> <span class='ocrx_word' id='word_1_130' title='bbox 656 1640 775 1719; x_wconf 84' lang='lat' dir='ltr'><strong>tegern,</strong></span> <span class='ocrx_word' id='word_1_131' title='bbox 794 1639 945 1719; x_wconf 29' lang='lat' dir='ltr'><strong>,spiritum</strong></span> <span class='ocrx_word' id='word_1_132' title='bbox 974 1637 1072 1701; x_wconf 73' lang='lat' dir='ltr'><strong>rivid-</strong></span> 
     </span>
     <span class='ocr_line' id='line_1_18' title="bbox 148 1721 960 1801; baseline 0.006 -21"><span class='ocrx_word' id='word_1_133' title='bbox 148 1728 269 1790; x_wconf 78' lang='lat' dir='ltr'><strong>cantem</strong></span> <span class='ocrx_word' id='word_1_134' title='bbox 291 1728 393 1791; x_wconf 68' lang='lat' dir='ltr'><strong>amem</strong></span> <span class='ocrx_word' id='word_1_135' title='bbox 414 1725 543 1801; x_wconf 80' lang='lat' dir='ltr'><strong>gretiam</strong></span> <span class='ocrx_word' id='word_1_136' title='bbox 565 1724 594 1789; x_wconf 89' lang='lat' dir='ltr'><strong>in</strong></span> <span class='ocrx_word' id='word_1_137' title='bbox 616 1722 677 1783; x_wconf 86' lang='lat' dir='ltr'><strong>fide</strong></span> <span class='ocrx_word' id='word_1_138' title='bbox 699 1721 819 1785; x_wconf 80' lang='lat' dir='ltr'><strong>Christi.</strong></span> <span class='ocrx_word' id='word_1_139' title='bbox 957 1780 960 1785; x_wconf 88' lang='lat'><em>.</em></span> 
     </span>
    </p>

    <p class='ocr_par' dir='ltr' id='par_1_3' title="bbox 146 1803 1072 3126">
     <span class='ocr_line' id='line_1_19' title="bbox 232 1803 1070 1887; baseline 0.004 -24"><span class='ocrx_word' id='word_1_140' title='bbox 232 1803 310 1871; x_wconf 77' lang='lat' dir='ltr'><strong>Oura</strong></span> <span class='ocrx_word' id='word_1_141' title='bbox 331 1823 405 1885; x_wconf 80' lang='lat' dir='ltr'><strong>ergo</strong></span> <span class='ocrx_word' id='word_1_142' title='bbox 423 1805 482 1873; x_wconf 83' lang='lat' dir='ltr'><strong>illie</strong></span> <span class='ocrx_word' id='word_1_143' title='bbox 498 1806 599 1886; x_wconf 84' lang='lat' dir='ltr'><strong>legem</strong></span> <span class='ocrx_word' id='word_1_144' title='bbox 614 1805 718 1866; x_wconf 83' lang='lat' dir='ltr'><strong>literae</strong></span> <span class='ocrx_word' id='word_1_145' title='bbox 741 1805 870 1882; x_wconf 77' lang='lat' dir='ltr'>dederit,</span> <span class='ocrx_word' id='word_1_146' title='bbox 896 1823 957 1869; x_wconf 82' lang='lat' dir='ltr'><strong>noo</strong></span> <span class='ocrx_word' id='word_1_147' title='bbox 970 1805 1070 1887; x_wconf 80' lang='lat' dir='ltr'><strong>tegern</strong></span> 
     </span>
     <span class='ocr_line' id='line_1_20' title="bbox 149 1884 1069 1966; baseline 0.003 -21"><span class='ocrx_word' id='word_1_148' title='bbox 149 1884 221 1949; x_wconf 87' lang='lat' dir='ltr'><strong>fidei</strong></span> <span class='ocrx_word' id='word_1_149' title='bbox 241 1906 297 1966; x_wconf 88' lang='lat' dir='ltr'><strong>per</strong></span> <span class='ocrx_word' id='word_1_150' title='bbox 318 1888 436 1963; x_wconf 83' lang='lat' dir='ltr'><strong>Mosen,</strong></span> <span class='ocrx_word' id='word_1_151' title='bbox 459 1896 541 1951; x_wconf 87' lang='lat' dir='ltr'><strong>recte</strong></span> <span class='ocrx_word' id='word_1_152' title='bbox 554 1888 637 1964; x_wconf 91' lang='lat' dir='ltr'><strong>dicit,</strong></span> <span class='ocrx_word' id='word_1_153' title='bbox 660 1907 728 1949; x_wconf 89' lang='lat' dir='ltr'><strong>sese</strong></span> <span class='ocrx_word' id='word_1_154' title='bbox 751 1907 812 1949; x_wconf 88' lang='lat' dir='ltr'><strong>non</strong></span> <span class='ocrx_word' id='word_1_155' title='bbox 835 1887 927 1966; x_wconf 80' lang='lat' dir='ltr'><strong>bons,</strong></span> <span class='ocrx_word' id='word_1_156' title='bbox 946 1906 1009 1951; x_wconf 84' lang='lat' dir='ltr'><strong>nec</strong></span> <span class='ocrx_word' id='word_1_157' title='bbox 1028 1890 1069 1949; x_wconf 79' lang='lat' dir='ltr'><strong>ri·</strong></span> 
     </span>
     <span class='ocr_line' id='line_1_21' title="bbox 150 1968 1072 2050; baseline 0.002 -22"><span class='ocrx_word' id='word_1_158' title='bbox 150 1968 304 2036; x_wconf 77' lang='lat' dir='ltr'><strong>sifioentia</strong></span> <span class='ocrx_word' id='word_1_159' title='bbox 325 1969 439 2037; x_wconf 81' lang='lat' dir='ltr'><strong>iudicis</strong></span> <span class='ocrx_word' id='word_1_160' title='bbox 450 1969 583 2042; x_wconf 80' lang='lat' dir='ltr'>dedisse,</span> <span class='ocrx_word' id='word_1_161' title='bbox 606 1973 750 2049; x_wconf 86' lang='lat' dir='ltr'><strong>quianon</strong></span> <span class='ocrx_word' id='word_1_162' title='bbox 763 1977 907 2050; x_wconf 77' lang='lat' dir='ltr'><strong>poterant</strong></span> <span class='ocrx_word' id='word_1_163' title='bbox 926 1970 1028 2035; x_wconf 86' lang='lat' dir='ltr'><strong>bonos</strong></span> <span class='ocrx_word' id='word_1_164' title='bbox 1043 1983 1072 2033; x_wconf 90' lang='grc' dir='ltr'><strong>ει</strong></span> 
     </span>
     <span class='ocr_line' id='line_1_22' title="bbox 151 2051 1071 2120; baseline 0.002 -10"><span class='ocrx_word' id='word_1_165' title='bbox 151 2052 239 2112; x_wconf 83' lang='lat' dir='ltr'><strong>vivos</strong></span> <span class='ocrx_word' id='word_1_166' title='bbox 261 2051 373 2115; x_wconf 83' lang='lat' dir='ltr'><strong>facere.</strong></span> <span class='ocrx_word' id='word_1_167' title='bbox 417 2051 523 2120; x_wconf 74' lang='lat' dir='ltr'><strong>Gratia</strong></span> <span class='ocrx_word' id='word_1_168' title='bbox 546 2061 647 2115; x_wconf 85' lang='lat' dir='ltr'><strong>eutem</strong></span> <span class='ocrx_word' id='word_1_169' title='bbox 670 2054 721 2114; x_wconf 86' lang='lat' dir='ltr'><strong>lex</strong></span> <span class='ocrx_word' id='word_1_170' title='bbox 743 2055 823 2119; x_wconf 76' lang='lat' dir='ltr'><strong>vitea</strong></span> <span class='ocrx_word' id='word_1_171' title='bbox 845 2061 893 2114; x_wconf 87' lang='grc' dir='ltr'><strong>εει</strong></span> <span class='ocrx_word' id='word_1_172' title='bbox 904 2054 1022 2115; x_wconf 81' lang='lat' dir='ltr'><strong>faciens</strong></span> <span class='ocrx_word' id='word_1_173' title='bbox 1041 2064 1071 2115; x_wconf 89' lang='lat' dir='ltr'><strong>et</strong></span> 
     </span>
     <span class='ocr_line' id='line_1_23' title="bbox 153 2132 1070 2211; baseline 0.005 -19"><span class='ocrx_word' id='word_1_174' title='bbox 153 2132 255 2194; x_wconf 86' lang='lat' dir='ltr'><strong>bonos</strong></span> <span class='ocrx_word' id='word_1_175' title='bbox 277 2140 311 2197; x_wconf 85' lang='grc' dir='ltr'><strong>ει</strong></span> <span class='ocrx_word' id='word_1_176' title='bbox 328 2134 465 2211; x_wconf 80' lang='lat' dir='ltr'><strong>rivcsat</strong></span> <span class='ocrx_word' id='word_1_177' title='bbox 486 2136 593 2197; x_wconf 82' lang='lat' dir='ltr'><strong>iustos.</strong></span> <span class='ocrx_word' id='word_1_178' title='bbox 616 2136 655 2199; x_wconf 74' lang='lat' dir='ltr'><strong>Er</strong></span> <span class='ocrx_word' id='word_1_179' title='bbox 667 2138 712 2196; x_wconf 86' lang='lat' dir='ltr'><strong>sic</strong></span> <span class='ocrx_word' id='word_1_180' title='bbox 727 2136 837 2197; x_wconf 84' lang='lat' dir='ltr'><strong>Paulus</strong></span> <span class='ocrx_word' id='word_1_181' title='bbox 855 2137 920 2196; x_wconf 87' lang='lat' dir='ltr'><strong>vult</strong></span> <span class='ocrx_word' id='word_1_182' title='bbox 929 2137 1004 2199; x_wconf 89' lang='lat' dir='ltr'><strong>novi</strong></span> <span class='ocrx_word' id='word_1_183' title='bbox 1015 2137 1070 2199; x_wconf 81' lang='lat' dir='ltr'><strong>Te-</strong></span> 
     </span>
     <span class='ocr_line' id='line_1_24' title="bbox 152 2217 1070 2298; baseline 0.003 -22"><span class='ocrx_word' id='word_1_184' title='bbox 152 2218 295 2283; x_wconf 66' lang='lat' dir='ltr'><strong>ammenti</strong></span> <span class='ocrx_word' id='word_1_185' title='bbox 317 2217 470 2279; x_wconf 71' lang='lat' dir='ltr'><strong>ministros</strong></span> <span class='ocrx_word' id='word_1_186' title='bbox 486 2237 555 2278; x_wconf 87' lang='grc' dir='ltr'><strong>εεεε</strong></span> <span class='ocrx_word' id='word_1_187' title='bbox 572 2221 727 2280; x_wconf 82' lang='lat' dir='ltr'><strong>ministros</strong></span> <span class='ocrx_word' id='word_1_188' title='bbox 750 2220 877 2298; x_wconf 84' lang='lat' dir='ltr'><strong>gratiae,</strong></span> <span class='ocrx_word' id='word_1_189' title='bbox 899 2238 963 2281; x_wconf 88' lang='lat' dir='ltr'><strong>nou</strong></span> <span class='ocrx_word' id='word_1_190' title='bbox 985 2221 1070 2281; x_wconf 92' lang='lat' dir='ltr'><strong>mini-</strong></span> 
     </span>
     <span class='ocr_line' id='line_1_25' title="bbox 154 2299 1071 2378; baseline 0.007 -23"><span class='ocrx_word' id='word_1_191' title='bbox 154 2305 233 2361; x_wconf 78' lang='lat' dir='ltr'><strong>stros</strong></span> <span class='ocrx_word' id='word_1_192' title='bbox 256 2299 342 2378; x_wconf 79' lang='lat' dir='ltr'><strong>legis,</strong></span> <span class='ocrx_word' id='word_1_193' title='bbox 366 2302 438 2378; x_wconf 82' lang='lat' dir='ltr'><strong>quin</strong></span> <span class='ocrx_word' id='word_1_194' title='bbox 460 2300 593 2363; x_wconf 76' lang='lat' dir='ltr'><strong>officium</strong></span> <span class='ocrx_word' id='word_1_195' title='bbox 613 2321 717 2362; x_wconf 86' lang='lat' dir='ltr'><strong>eorum</strong></span> <span class='ocrx_word' id='word_1_196' title='bbox 739 2304 788 2378; x_wconf 87' lang='lat' dir='ltr'><strong>sit,</strong></span> <span class='ocrx_word' id='word_1_197' title='bbox 810 2321 871 2362; x_wconf 88' lang='lat' dir='ltr'><strong>uon</strong></span> <span class='ocrx_word' id='word_1_198' title='bbox 892 2302 980 2365; x_wconf 80' lang='lat' dir='ltr'><strong>dicei.</strong></span> <span class='ocrx_word' id='word_1_199' title='bbox 1001 2302 1071 2366; x_wconf 86' lang='lat' dir='ltr'><strong>Hoc</strong></span> 
     </span>
     <span class='ocr_line' id='line_1_26' title="bbox 150 2381 1070 2463; baseline 0.004 -22"><span class='ocrx_word' id='word_1_200' title='bbox 150 2381 316 2459; x_wconf 79' lang='lat' dir='ltr'><strong>animiam</strong></span> <span class='ocrx_word' id='word_1_201' title='bbox 338 2383 464 2451; x_wconf 82' lang='lat' dir='ltr'><strong>missum</strong></span> <span class='ocrx_word' id='word_1_202' title='bbox 488 2397 563 2461; x_wconf 85' lang='lat' dir='ltr'><strong>crat,</strong></span> <span class='ocrx_word' id='word_1_203' title='bbox 586 2384 639 2447; x_wconf 85' lang='lat' dir='ltr'><strong>sed</strong></span> <span class='ocrx_word' id='word_1_204' title='bbox 663 2383 789 2461; x_wconf 75' lang='lat' dir='ltr'><strong>Christi,</strong></span> <span class='ocrx_word' id='word_1_205' title='bbox 810 2384 841 2444; x_wconf 93' lang='lat' dir='ltr'><strong>id</strong></span> <span class='ocrx_word' id='word_1_206' title='bbox 866 2392 926 2455; x_wconf 82' lang='grc' dir='ltr'><strong>εει,</strong></span> <span class='ocrx_word' id='word_1_207' title='bbox 950 2386 1070 2463; x_wconf 76' lang='lat' dir='ltr'><strong>gratiae</strong></span> 
     </span>
     <span class='ocr_line' id='line_1_27' title="bbox 149 2463 1070 2547; baseline 0.005 -26"><span class='ocrx_word' id='word_1_208' title='bbox 149 2463 322 2532; x_wconf 68' lang='lat' dir='ltr'><strong>claritatem</strong></span> <span class='ocrx_word' id='word_1_209' title='bbox 344 2466 532 2544; x_wconf 83' lang='lat' dir='ltr'><strong>praedicere.</strong></span> <span class='ocrx_word' id='word_1_210' title='bbox 577 2468 615 2527; x_wconf 81' lang='lat' dir='ltr'><strong>Et</strong></span> <span class='ocrx_word' id='word_1_211' title='bbox 637 2467 726 2531; x_wconf 83' lang='lat' dir='ltr'><strong>veiim</strong></span> <span class='ocrx_word' id='word_1_212' title='bbox 751 2466 854 2528; x_wconf 90' lang='lat' dir='ltr'><strong>doceri</strong></span> <span class='ocrx_word' id='word_1_213' title='bbox 876 2487 895 2531; x_wconf 87' lang='lat' dir='ltr'><strong>a</strong></span> <span class='ocrx_word' id='word_1_214' title='bbox 917 2467 1070 2547; x_wconf 74' lang='lat' dir='ltr'><strong>Mugionis</strong></span> 
     </span>
     <span class='ocr_line' id='line_1_28' title="bbox 148 2547 1069 2629; baseline 0.004 -22"><span class='ocrx_word' id='word_1_215' title='bbox 148 2547 280 2621; x_wconf 78' lang='lat' dir='ltr'><strong>nostris,</strong></span> <span class='ocrx_word' id='word_1_216' title='bbox 315 2547 397 2615; x_wconf 88' lang='lat' dir='ltr'><strong>unde</strong></span> <span class='ocrx_word' id='word_1_217' title='bbox 433 2550 549 2627; x_wconf 80' lang='lat' dir='ltr'><strong>sciant,</strong></span> <span class='ocrx_word' id='word_1_218' title='bbox 576 2549 663 2629; x_wconf 58' lang='lat' dir='ltr'><strong>‘qued</strong></span> <span class='ocrx_word' id='word_1_219' title='bbox 699 2550 811 2611; x_wconf 78' lang='lat' dir='ltr'><strong>Erech.</strong></span> <span class='ocrx_word' id='word_1_220' title='bbox 846 2555 877 2615; x_wconf 86' lang='grc' dir='ltr'><strong>ει</strong></span> <span class='ocrx_word' id='word_1_221' title='bbox 906 2550 1019 2616; x_wconf 77' lang='lat' dir='ltr'><strong>Penius</strong></span> <span class='ocrx_word' id='word_1_222' title='bbox 1040 2553 1069 2614; x_wconf 90' lang='lat'><strong>2.</strong></span> 
     </span>
     <span class='ocr_line' id='line_1_29' title="bbox 148 2627 1069 2711; baseline 0.004 -20"><span class='ocrx_word' id='word_1_223' title='bbox 148 2627 286 2691; x_wconf 81' lang='lat' dir='ltr'><strong>Corinth.</strong></span> <span class='ocrx_word' id='word_1_224' title='bbox 309 2632 338 2695; x_wconf 85' lang='lat'><strong>3.</strong></span> <span class='ocrx_word' id='word_1_225' title='bbox 358 2630 400 2693; x_wconf 88' lang='lat' dir='ltr'><strong>de</strong></span> <span class='ocrx_word' id='word_1_226' title='bbox 415 2634 612 2697; x_wconf 84' lang='lat' dir='ltr'><strong>ceremoniali</strong></span> <span class='ocrx_word' id='word_1_227' title='bbox 629 2632 812 2711; x_wconf 82' lang='lat' dir='ltr'><strong>loquentur?</strong></span> <span class='ocrx_word' id='word_1_228' title='bbox 834 2632 945 2693; x_wconf 83' lang='lat' dir='ltr'>Nonne</span> <span class='ocrx_word' id='word_1_229' title='bbox 968 2633 1069 2697; x_wconf 81' lang='lat' dir='ltr'><strong>solum</strong></span> 
     </span>
     <span class='ocr_line' id='line_1_30' title="bbox 148 2715 1069 2795; baseline -0.007 -14"><span class='ocrx_word' id='word_1_230' title='bbox 148 2719 352 2792; x_wconf 72' lang='lat' dir='ltr'><strong>ceparanum</strong></span> <span class='ocrx_word' id='word_1_231' title='bbox 383 2723 438 2779; x_wconf 86' lang='lat' dir='ltr'><strong>aut</strong></span> <span class='ocrx_word' id='word_1_232' title='bbox 467 2715 598 2779; x_wconf 84' lang='lat' dir='ltr'><strong>hominis</strong></span> <span class='ocrx_word' id='word_1_233' title='bbox 632 2716 838 2777; x_wconf 84' lang='lat' dir='ltr'><strong>testimouium</strong></span> <span class='ocrx_word' id='word_1_234' title='bbox 869 2715 1069 2795; x_wconf 78' lang='lat' dir='ltr'><strong>allegabunt?</strong></span> 
     </span>
     <span class='ocr_line' id='line_1_31' title="bbox 146 2793 1069 2879; baseline 0.001 -20"><span class='ocrx_word' id='word_1_235' title='bbox 146 2793 198 2859; x_wconf 82' lang='lat' dir='ltr'><strong>Sic</strong></span> <span class='ocrx_word' id='word_1_236' title='bbox 220 2797 300 2859; x_wconf 88' lang='lat' dir='ltr'><strong>enim</strong></span> <span class='ocrx_word' id='word_1_237' title='bbox 324 2797 441 2858; x_wconf 84' lang='lat' dir='ltr'><strong>irruunt</strong></span> <span class='ocrx_word' id='word_1_238' title='bbox 463 2800 547 2876; x_wconf 88' lang='lat' dir='ltr'><strong>porci</strong></span> <span class='ocrx_word' id='word_1_239' title='bbox 570 2799 618 2859; x_wconf 87' lang='lat' dir='ltr'><strong>isti</strong></span> <span class='ocrx_word' id='word_1_240' title='bbox 641 2798 799 2874; x_wconf 82' lang='lat' dir='ltr'><strong>immundi,</strong></span> <span class='ocrx_word' id='word_1_241' title='bbox 822 2806 851 2859; x_wconf 88' lang='lat' dir='ltr'><strong>et</strong></span> <span class='ocrx_word' id='word_1_242' title='bbox 876 2796 1069 2879; x_wconf 80' lang='lat' dir='ltr'><strong>dicteScrip·</strong></span> 
     </span>
     <span class='ocr_line' id='line_1_32' title="bbox 146 2878 1067 2960; baseline 0.007 -21"><span class='ocrx_word' id='word_1_243' title='bbox 146 2887 281 2941; x_wconf 70' lang='lat' dir='ltr'><strong>tutorum</strong></span> <span class='ocrx_word' id='word_1_244' title='bbox 306 2878 373 2941; x_wconf 83' lang='lat' dir='ltr'><strong>eine</strong></span> <span class='ocrx_word' id='word_1_245' title='bbox 396 2879 509 2940; x_wconf 87' lang='lat' dir='ltr'><strong>iudicio</strong></span> <span class='ocrx_word' id='word_1_246' title='bbox 531 2881 695 2960; x_wconf 87' lang='lat' dir='ltr'><strong>arripiunt,</strong></span> <span class='ocrx_word' id='word_1_247' title='bbox 717 2882 837 2959; x_wconf 86' lang='lat' dir='ltr'><strong>quidvis</strong></span> <span class='ocrx_word' id='word_1_248' title='bbox 858 2882 890 2940; x_wconf 90' lang='lat' dir='ltr'><strong>in</strong></span> <span class='ocrx_word' id='word_1_249' title='bbox 914 2882 958 2942; x_wconf 78' lang='lat' dir='ltr'><strong>eis</strong></span> <span class='ocrx_word' id='word_1_250' title='bbox 978 2881 1067 2945; x_wconf 72' lang='lat' dir='ltr'><strong>intei-</strong></span> 
     </span>
     <span class='ocr_line' id='line_1_33' title="bbox 147 2959 1069 3044; baseline 0.005 -25"><span class='ocrx_word' id='word_1_251' title='bbox 147 2959 290 3040; x_wconf 74' lang='lat' dir='ltr'><strong>iigesstes,</strong></span> <span class='ocrx_word' id='word_1_252' title='bbox 313 2971 344 3023; x_wconf 88' lang='lat' dir='ltr'><strong>et</strong></span> <span class='ocrx_word' id='word_1_253' title='bbox 365 2970 467 3025; x_wconf 87' lang='lat' dir='ltr'><strong>tamen</strong></span> <span class='ocrx_word' id='word_1_254' title='bbox 491 2962 638 3029; x_wconf 80' lang='lat' dir='ltr'><strong>audentes</strong></span> <span class='ocrx_word' id='word_1_255' title='bbox 661 2983 798 3044; x_wconf 82' lang='lat' dir='ltr'><strong>pugnare</strong></span> <span class='ocrx_word' id='word_1_256' title='bbox 813 2982 868 3044; x_wconf 93' lang='lat' dir='ltr'><strong>pro</strong></span> <span class='ocrx_word' id='word_1_257' title='bbox 892 2963 963 3042; x_wconf 86' lang='lat' dir='ltr'><strong>fide,</strong></span> <span class='ocrx_word' id='word_1_258' title='bbox 986 2971 1069 3027; x_wconf 83' lang='lat' dir='ltr'><strong>ante·</strong></span> 
     </span>
     <span class='ocr_line' id='line_1_34' title="bbox 148 3045 1067 3126; baseline 0.005 -24"><span class='ocrx_word' id='word_1_259' title='bbox 148 3061 240 3121; x_wconf 86' lang='lat' dir='ltr'><strong>qnam</strong></span> <span class='ocrx_word' id='word_1_260' title='bbox 264 3063 349 3105; x_wconf 76' lang='lat' dir='ltr'><strong>erma</strong></span> <span class='ocrx_word' id='word_1_261' title='bbox 373 3065 429 3107; x_wconf 85' lang='lat' dir='ltr'><strong>suc</strong></span> <span class='ocrx_word' id='word_1_262' title='bbox 450 3045 657 3122; x_wconf 77' lang='lat' dir='ltr'><strong>considerent,</strong></span> <span class='ocrx_word' id='word_1_263' title='bbox 680 3066 718 3105; x_wconf 90' lang='lat' dir='ltr'><strong>an</strong></span> <span class='ocrx_word' id='word_1_264' title='bbox 742 3049 802 3107; x_wconf 80' lang='lat' dir='ltr'><strong>sint</strong></span> <span class='ocrx_word' id='word_1_265' title='bbox 817 3048 900 3126; x_wconf 82' lang='lat' dir='ltr'><strong>picta</strong></span> <span class='ocrx_word' id='word_1_266' title='bbox 923 3047 970 3108; x_wconf 82' lang='lat' dir='ltr'><strong>vel</strong></span> <span class='ocrx_word' id='word_1_267' title='bbox 985 3067 1067 3109; x_wconf 84' lang='lat' dir='ltr'><strong>vern.</strong></span> 
     </span>
    </p>

    <p class='ocr_par' dir='ltr' id='par_1_4' title="bbox 131 3125 1068 3784">
     <span class='ocr_line' id='line_1_35' title="bbox 232 3125 1068 3193; baseline 0.002 -7"><span class='ocrx_word' id='word_1_268' title='bbox 232 3125 289 3186; x_wconf 91' lang='lat' dir='ltr'><strong>Ubi</strong></span> <span class='ocrx_word' id='word_1_269' title='bbox 313 3146 385 3188; x_wconf 87' lang='lat' dir='ltr'><strong>vero</strong></span> <span class='ocrx_word' id='word_1_270' title='bbox 415 3130 456 3192; x_wconf 90' lang='lat' dir='ltr'><strong>ita</strong></span> <span class='ocrx_word' id='word_1_271' title='bbox 480 3135 657 3189; x_wconf 68' lang='lat' dir='ltr'><strong>tractassent</strong></span> <span class='ocrx_word' id='word_1_272' title='bbox 692 3129 766 3189; x_wconf 88' lang='lat' dir='ltr'><strong>iliud</strong></span> <span class='ocrx_word' id='word_1_273' title='bbox 794 3129 907 3190; x_wconf 85' lang='lat' dir='ltr'><strong>leeiee:</strong></span> <span class='ocrx_word' id='word_1_274' title='bbox 951 3129 1068 3193; x_wconf 85' lang='lat' dir='ltr'><strong>Omnes</strong></span> 
     </span>
     <span class='ocr_line' id='line_1_36' title="bbox 148 3208 1067 3292; baseline 0.009 -26"><span class='ocrx_word' id='word_1_275' title='bbox 148 3208 282 3272; x_wconf 84' lang='lat' dir='ltr'><strong>iustitiae</strong></span> <span class='ocrx_word' id='word_1_276' title='bbox 303 3224 436 3287; x_wconf 76' lang='lat' dir='ltr'><strong>nostrae,</strong></span> <span class='ocrx_word' id='word_1_277' title='bbox 457 3221 487 3271; x_wconf 88' lang='lat' dir='ltr'><strong>et</strong></span> <span class='ocrx_word' id='word_1_278' title='bbox 500 3231 607 3271; x_wconf 87' lang='lat' dir='ltr'><strong>omnes</strong></span> <span class='ocrx_word' id='word_1_279' title='bbox 621 3212 767 3272; x_wconf 82' lang='lat' dir='ltr'><strong>immundi</strong></span> <span class='ocrx_word' id='word_1_280' title='bbox 784 3231 852 3289; x_wconf 89' lang='lat' dir='ltr'><strong>noe,</strong></span> <span class='ocrx_word' id='word_1_281' title='bbox 874 3219 905 3272; x_wconf 89' lang='lat' dir='ltr'><strong>ut</strong></span> <span class='ocrx_word' id='word_1_282' title='bbox 928 3231 1067 3292; x_wconf 79' lang='lat' dir='ltr'><strong>urgerem</strong></span> 
     </span>
     <span class='ocr_line' id='line_1_37' title="bbox 148 3290 1068 3374; baseline 0.008 -26"><span class='ocrx_word' id='word_1_283' title='bbox 148 3290 361 3367; x_wconf 86' lang='lat' dir='ltr'><strong>universalem,</strong></span> <span class='ocrx_word' id='word_1_284' title='bbox 384 3294 553 3372; x_wconf 84' lang='lat' dir='ltr'><strong>quiedieit:</strong></span> <span class='ocrx_word' id='word_1_285' title='bbox 577 3293 691 3355; x_wconf 85' lang='lat' dir='ltr'><strong>Omnes</strong></span> <span class='ocrx_word' id='word_1_286' title='bbox 713 3302 742 3355; x_wconf 88' lang='lat' dir='ltr'><strong>et</strong></span> <span class='ocrx_word' id='word_1_287' title='bbox 765 3314 831 3374; x_wconf 90' lang='lat' dir='ltr'><strong>nos,</strong></span> <span class='ocrx_word' id='word_1_288' title='bbox 855 3295 1017 3357; x_wconf 80' lang='lat' dir='ltr'><strong>universas</strong></span> <span class='ocrx_word' id='word_1_289' title='bbox 1038 3306 1068 3357; x_wconf 83' lang='lat' dir='ltr'><strong>et</strong></span> 
     </span>
     <span class='ocr_line' id='line_1_38' title="bbox 131 3376 1068 3458; baseline 0.01 -29"><span class='ocrx_word' id='word_1_290' title='bbox 131 3380 284 3454; x_wconf 78' lang='lat' dir='ltr'><strong>nonime,</strong></span> <span class='ocrx_word' id='word_1_291' title='bbox 311 3377 505 3441; x_wconf 78' lang='lat' dir='ltr'><strong>acutissimus</strong></span> <span class='ocrx_word' id='word_1_292' title='bbox 534 3376 710 3439; x_wconf 87' lang='lat' dir='ltr'><strong>dialecticus</strong></span> <span class='ocrx_word' id='word_1_293' title='bbox 736 3383 948 3458; x_wconf 82' lang='lat' dir='ltr'><strong>argumentum</strong></span> <span class='ocrx_word' id='word_1_294' title='bbox 971 3379 1068 3438; x_wconf 84' lang='lat' dir='ltr'><strong>inver-</strong></span> 
     </span>
     <span class='ocr_line' id='line_1_39' title="bbox 144 3455 1067 3540; baseline 0.011 -25"><span class='ocrx_word' id='word_1_295' title='bbox 144 3457 191 3530; x_wconf 88' lang='lat' dir='ltr'><strong>tit,</strong></span> <span class='ocrx_word' id='word_1_296' title='bbox 215 3455 335 3519; x_wconf 83' lang='lat' dir='ltr'><strong>dicene:</strong></span> <span class='ocrx_word' id='word_1_297' title='bbox 357 3457 422 3519; x_wconf 89' lang='lat' dir='ltr'><strong>lmo</strong></span> <span class='ocrx_word' id='word_1_298' title='bbox 444 3460 489 3519; x_wconf 90' lang='lat' dir='ltr'><strong>sic</strong></span> <span class='ocrx_word' id='word_1_299' title='bbox 504 3466 732 3539; x_wconf 85' lang='lat' dir='ltr'><strong>argumentare:</strong></span> <span class='ocrx_word' id='word_1_300' title='bbox 754 3461 824 3521; x_wconf 89' lang='lat' dir='ltr'><strong>Non</strong></span> <span class='ocrx_word' id='word_1_301' title='bbox 842 3460 925 3540; x_wconf 85' lang='lat' dir='ltr'><strong>dicit,</strong></span> <span class='ocrx_word' id='word_1_302' title='bbox 948 3479 1067 3533; x_wconf 74' lang='lat' dir='ltr'><strong>omnes,</strong></span> 
     </span>
     <span class='ocr_line' id='line_1_40' title="bbox 145 3539 1068 3620; baseline 0.009 -24"><span class='ocrx_word' id='word_1_303' title='bbox 145 3539 199 3598; x_wconf 84' lang='lat' dir='ltr'><strong>sed</strong></span> <span class='ocrx_word' id='word_1_304' title='bbox 222 3558 330 3601; x_wconf 81' lang='lat' dir='ltr'><strong>omnes</strong></span> <span class='ocrx_word' id='word_1_305' title='bbox 351 3560 419 3620; x_wconf 87' lang='lat' dir='ltr'><strong>nce,</strong></span> <span class='ocrx_word' id='word_1_306' title='bbox 442 3561 499 3602; x_wconf 87' lang='lat' dir='ltr'><strong>nec</strong></span> <span class='ocrx_word' id='word_1_307' title='bbox 521 3543 682 3608; x_wconf 81' lang='lat' dir='ltr'><strong>universae</strong></span> <span class='ocrx_word' id='word_1_308' title='bbox 693 3543 835 3619; x_wconf 84' lang='lat' dir='ltr'><strong>iustitiae,</strong></span> <span class='ocrx_word' id='word_1_309' title='bbox 858 3543 913 3604; x_wconf 86' lang='lat' dir='ltr'><strong>sed</strong></span> <span class='ocrx_word' id='word_1_310' title='bbox 935 3544 1068 3607; x_wconf 70' lang='lat' dir='ltr'><strong>iustitiae</strong></span> 
     </span>
     <span class='ocr_line' id='line_1_41' title="bbox 144 3624 1065 3704; baseline 0.009 -24"><span class='ocrx_word' id='word_1_311' title='bbox 144 3630 286 3696; x_wconf 81' lang='lat' dir='ltr'><strong>nostrae,</strong></span> <span class='ocrx_word' id='word_1_312' title='bbox 320 3624 428 3683; x_wconf 82' lang='lat' dir='ltr'><strong>volens</strong></span> <span class='ocrx_word' id='word_1_313' title='bbox 451 3624 570 3685; x_wconf 85' lang='lat' dir='ltr'><strong>ludaeis</strong></span> <span class='ocrx_word' id='word_1_314' title='bbox 602 3626 702 3704; x_wconf 80' lang='lat' dir='ltr'><strong>impiis</strong></span> <span class='ocrx_word' id='word_1_315' title='bbox 726 3646 762 3686; x_wconf 86' lang='lat' dir='ltr'><strong>ea</strong></span> <span class='ocrx_word' id='word_1_316' title='bbox 787 3628 969 3704; x_wconf 88' lang='lat' dir='ltr'><strong>convenire,</strong></span> <span class='ocrx_word' id='word_1_317' title='bbox 1003 3646 1065 3688; x_wconf 90' lang='lat' dir='ltr'><strong>non</strong></span> 
     </span>
     <span class='ocr_line' id='line_1_42' title="bbox 147 3702 1067 3784; baseline 0.012 -21"><span class='ocrx_word' id='word_1_318' title='bbox 147 3702 289 3766; x_wconf 82' lang='lat' dir='ltr'><strong>fidelibus</strong></span> <span class='ocrx_word' id='word_1_319' title='bbox 309 3713 362 3766; x_wconf 88' lang='lat' dir='ltr'><strong>eut</strong></span> <span class='ocrx_word' id='word_1_320' title='bbox 383 3706 533 3769; x_wconf 87' lang='lat' dir='ltr'><strong>omnibus.</strong></span> <span class='ocrx_word' id='word_1_321' title='bbox 578 3706 668 3784; x_wconf 79' lang='lat' dir='ltr'><strong>Quod</strong></span> <span class='ocrx_word' id='word_1_322' title='bbox 691 3709 750 3768; x_wconf 86' lang='lat' dir='ltr'><strong>iam</strong></span> <span class='ocrx_word' id='word_1_323' title='bbox 774 3709 848 3771; x_wconf 87' lang='lat' dir='ltr'><strong>satis</strong></span> <span class='ocrx_word' id='word_1_324' title='bbox 870 3709 1067 3774; x_wconf 80' lang='lat' dir='ltr'><strong>estnoniuta-</strong></span> 
     </span>
    </p>
   </div>
   <div class='ocr_carea' id='block_1_3' title="bbox 0 0 1200 4170">
    <p class='ocr_par' dir='ltr' id='par_1_5' title="bbox 0 0 1200 4170">
     <span class='ocr_line' id='line_1_43' title="bbox 0 0 1200 4170; baseline 0 1"><span class='ocrx_word' id='word_1_325' title='bbox 0 0 1200 4170; x_wconf 95' lang='lat' dir='ltr'><strong> </strong></span> 
     </span>
    </p>
   </div>
  </div>
 </body>
</html>
