2392 4170
28 3870 59 3920 h

149 232 215 299 roz
340 232 879 303 mundemur-Argiae

151 418 214 465 tam
238 404 330 466 rudes
352 407 478 483 asinos,
500 418 563 465 tam
585 424 709 465 musaea
730 423 865 486 porum.
898 422 970 463 eur
990 400 1074 481 tigni

152 490 215 549 alio
235 487 340 549 officio
361 508 424 551 nou
441 492 513 565 siut,
534 491 593 549 uisi
615 504 647 548 ut
663 504 872 568 proroeeatur
891 490 923 546 iu
940 504 1073 567 poenam

151 591 250 632 suam.
294 568 393 651 quue
413 574 524 632 faciam
545 574 577 632 iu
598 573 728 652 &omem
749 571 957 632 Hearieime
977 568 1074 629 eccle

151 656 217 715 siae
238 668 270 714 et
290 658 386 735 ipsius
410 655 534 716 Heumei
555 658 672 736 egregii
689 655 861 716 detentoria
885 653 1074 714 Thomistae.

149 756 190 797 ue
210 737 322 797 stuata
342 758 442 799 meam
461 738 694 799 mordacitatem
716 741 883 799 secema
902 756 960 796 sua
981 735 1073 795 maie

149 820 284 881 dicentia
304 820 469 882 maronae
492 826 579 902 queri
600 824 708 902 poerit

232 900 403 965 Veniamus
424 920 527 966 autem
548 924 632 965 nune
652 905 693 966 ad
714 923 779 965 rem
799 907 911 984 ipsam,
932 914 965 962 et
986 918 1073 961 more

150 987 336 1067 Aristotelis,
357 991 409 1067 qui
430 989 658 1049 'liromistarum
673 989 757 1048 Deus
778 1002 836 1065 est,
858 990 958 1066 primo
978 1003 1070 1064 geue

148 1069 262 1145 taliter,
283 1068 395 1132 deiude
411 1072 588 1152 specialiter
607 1072 647 1131 de
668 1074 770 1132 causis
783 1072 850 1131 istis
871 1069 1071 1148 disputemus.

148 1150 328 1231 Summum,
350 1156 496 1234 generale
536 1170 567 1215 et
596 1157 720 1214 unicum
751 1153 846 1214 robur
866 1151 1070 1212 Hearieianae

148 1238 321 1315 sapientiae
341 1240 372 1297 in
396 1250 459 1298 tam
480 1241 568 1317 regio
589 1237 697 1299 libello
718 1250 765 1297 eat
787 1236 871 1295 nulia
893 1234 1070 1314 scripturae

148 1321 312 1391 autoritas,
342 1320 427 1381 nulla
452 1324 530 1381 ratio
554 1341 688 1400 urgens,
717 1319 773 1380 sed
805 1319 997 1379 Tiromistica
1017 1317 1069 1376 iiia

147 1401 323 1481 disputandi
344 1404 459 1465 torma:
482 1404 555 1463 uiti
577 1409 622 1465 sic
644 1404 780 1480 ridetur,
798 1403 867 1482 Ego
889 1403 935 1461 sie
956 1401 1067 1477 sentio,

149 1483 222 1564 Ego
245 1488 290 1546 sic
311 1487 416 1547 credo.
459 1487 500 1546 Et
520 1500 553 1546 ut
575 1489 625 1547 hie
647 1488 709 1547 mei
718 1482 897 1546 Amadorffii
916 1482 1070 1553 recorder,

148 1569 194 1627 sic
215 1567 351 1649 disputat
373 1570 503 1630 stolidus
525 1570 613 1647 Rex,
640 1573 720 1630 sieut
745 1568 799 1629 iile
827 1569 959 1628 recitare
979 1566 1069 1643 solet,

148 1649 322 1730 disputasse
342 1651 506 1733 Lipseuses
536 1651 884 1733 theologisras1),ubi
911 1670 981 1710 cum
1013 1649 1069 1709 Re·

146 1733 305 1813 spondeas
326 1748 473 1815 negasset
495 1745 687 1817 assumptum
709 1736 897 1816 Opponeuti,
918 1732 1068 1814 probabat

147 1816 228 1876 idem
252 1816 423 1898 Oppoueus
444 1818 505 1879 hoc
525 1820 640 1880 modo:
669 1817 800 1899 Oportet
821 1820 867 1878 sic
887 1837 968 1878 esse.
1011 1815 1067 1878 ΙΙΙο

145 1900 255 1961 iterum
278 1913 427 1982 negante,
450 1902 554 1963 denuo
576 1912 607 1963 et
627 1903 696 1963 ilie:
723 1901 763 1961 Et
785 1900 943 1981 quomodo
965 1906 1068 1980 potest

145 1982 236 2044 aliter
256 1984 348 2045 esse?
370 1982 502 2065 Oportet
521 1988 567 2045 sie
593 2006 680 2060 esse,
707 1985 910 2065 pulcherrime
931 1994 964 2042 et
985 1982 1067 2043 Tho·

147 2067 362 2143 misticissimc,
384 2069 457 2147 quin
479 2078 511 2128 et
531 2067 776 2148 Lipsieiasime²jr
801 2076 833 2128 et
843 2067 1068 2127 Henricissime.

229 2150 281 2210 Sic
302 2170 370 2210 cum
394 2170 454 2230 ego
477 2153 506 2211 iu
530 2172 602 2212 meo
625 2151 728 2213 libello
750 2151 789 2211 de
812 2152 992 2231 captivitate
1014 2149 1067 2208 Ba·

146 2229 290 2311 bylonica
330 2234 391 2294 hoc
430 2234 653 2295 Themisticum
702 2235 845 2314 generale
885 2235 1065 2313 principium

145 2317 279 2375 maxime
300 2318 498 2399 impetiissem
521 2328 552 2378 et
574 2319 694 2379 diriuss
726 2317 897 2396 Scripturas
918 2318 1065 2377 adversus

144 2399 243 2477 ritum,
265 2419 363 2479 usum,
386 2402 664 2479 cousuetudinem,
689 2403 884 2461 autoritatem
906 2399 1064 2461 homiuum

143 2483 335 2560 statuissem,
364 2484 513 2545 Dominus
548 2496 654 2544 noster
682 2485 750 2545 Rex
777 2484 977 2544 nihilomiuus
1010 2502 1065 2563 pro

144 2582 200 2623 sue
221 2564 411 2627 Thomistica
434 2570 587 2647 sapientie
622 2568 704 2627 aliud
732 2568 805 2626 nihii
827 2565 936 2643 reddit,
959 2585 1065 2645 quam:

144 2645 274 2726 Oportet
298 2650 343 2708 sic
365 2670 454 2730 esse,
480 2651 559 2710 Usus
582 2653 628 2711 sic
655 2651 763 2727 habet,
785 2649 871 2709 Haec
903 2662 950 2710 est
971 2650 1065 2729 longa

143 2731 358 2810 cousuetudo,
380 2733 448 2813 Ego
470 2735 515 2792 sic
537 2735 651 2812 credo,
676 2735 780 2795 Patres
802 2735 847 2792 sic
868 2735 1066 2812 scripserunt,

142 2810 283 2873 Ecclesia
305 2817 349 2874 sic
362 2815 513 2876 ordinavit
526 2825 584 2877 etc.
621 2816 712 2891 Quod
735 2819 760 2875 si
782 2818 890 2876 iterum
911 2817 1064 2895 scripsero

142 2895 225 2956 mille
247 2896 340 2959 libros
364 2906 395 2958 et
429 2899 601 2978 probavero
624 2920 679 2980 per
701 2900 894 2979 Scripturas,
925 2919 1014 2959 usum
1037 2907 1065 2958 et

140 2981 336 3041 autoritatem
360 2981 517 3042 hominum
533 2985 564 3044 iu
588 2983 678 3044 rebus
701 2982 772 3043 fidei
786 2982 860 3042 nihil
874 3001 954 3057 esse,
976 2981 1065 3041 tacite

141 3065 198 3121 erit
220 3073 250 3122 et
271 3063 348 3143 Regi
371 3064 561 3126 Thomistico
595 3067 678 3127 mille
701 3065 785 3127 libris
813 3065 1016 3144 respondere,
1038 3072 1066 3124 et

142 3146 262 3205 omissis
298 3146 463 3227 Scripturis
491 3169 580 3210 ame
616 3151 748 3210 inductis
781 3167 903 3228 semper
935 3151 1065 3208 iterare:

141 3226 272 3307 Oportet
292 3233 336 3290 sic
348 3250 427 3311 esse,
450 3232 530 3293 Usus
543 3235 587 3292 sic
609 3234 713 3309 habet,
734 3232 891 3294 Autoritas
907 3233 1066 3292 homiuum

142 3310 188 3370 sic
211 3310 294 3390 dicit,
317 3321 409 3393 atque
433 3315 515 3376 aliud
536 3316 620 3380 nihil.
645 3317 675 3379 Si
698 3326 800 3376 eutem
824 3317 949 3377 dixero:
975 3314 1067 3377 Unde

140 3392 252 3473 probas
275 3415 363 3456 usum
390 3407 419 3457 et
448 3401 642 3461 autoritatem
673 3400 837 3461 humanam
871 3399 996 3461 valere?
1020 3417 1066 3458 re·

405 3573 558 3583 -—--....--

210 3663 289 3732 t)1u
312 3664 356 3721 ed.
377 3667 445 3723 Icu:
470 3669 501 3726 N.
526 3669 732 3741 Theologictas.
781 3668 1016 3738 2)1bid.dscst=
1039 3676 1067 3728 st

135 3734 333 3813 ttpsicissiue.
