2392 4170
404 262 459 327 Pro
476 263 512 327 D.
531 265 651 328 Martino
666 263 796 333 Luthero.
1021 264 1064 339 67

144 441 228 522 tium,
250 440 305 502 sed
328 461 410 504 nova
422 449 569 504 creatura.
594 443 633 504 Ml
653 445 692 504 in'
706 445 804 524 prima
819 443 859 505 ad
871 444 1009 507 Corinth.
1026 447 1061 509 7:

144 525 349 586 Circumcisus
372 527 481 608 aliquis
503 533 632 589 vocatus
662 536 708 589 est
738 547 799 589 non
823 527 955 588 adducat
977 546 1063 608 prae·

142 610 278 689 putium,
310 609 424 685 idest,
455 612 480 670 si
502 612 582 671 inter
606 611 682 690 legis
711 610 910 672 observantes
934 619 1062 672 vocat-us

143 711 189 771 es,
210 693 323 752 inservi
346 711 451 754 eornm
476 694 698 755 consuetudini.
722 695 753 754 ln
777 696 936 775 praeputio
959 703 1061 755 antem

142 775 253 854 aliquis
275 784 402 837 vocatus
425 784 481 853 est,
505 796 567 838 non
592 776 834 838 circumcidatur.
863 777 1061 838 circumcisio

143 859 216 918 nihil
238 867 300 938 est,
334 871 365 919 et
393 863 583 940 praeputium
613 860 686 919 nihil
711 869 772 937 est,
810 861 863 920 sed
887 862 1061 921 observatio

144 941 355 1003 mandatorum
387 942 447 1002 Dei
477 951 535 1003 etc.
578 943 674 1022 Satis,
707 944 832 1024 opinor,
867 946 1061 1024 perspicuum

143 1032 205 1104 est,
238 1024 310 1105 quid
332 1027 411 1085 inter
434 1032 593 1107 utramque
615 1027 798 1086 sententiam
820 1028 953 1106 intersit,
987 1029 1061 1087 satis

142 1109 234 1168 etiam
257 1114 332 1188 puto
361 1109 492 1188 liquere,
527 1129 618 1188 quam
641 1108 771 1170 candide
793 1109 916 1170 Lntheri
942 1119 1061 1171 senten·

142 1193 214 1251 tiam
237 1191 277 1252 ad
299 1191 425 1252 Ebionis
449 1193 588 1253 haeresin
612 1192 804 1253 detorserint.

225 1273 385 1336 Eiusmodi
410 1284 456 1335 est
472 1277 555 1355 item,
578 1274 661 1354 quod
676 1276 888 1335 Manichacum
903 1275 932 1356 ¹)
947 1295 1059 1336 nomen

142 1357 276 1418 tribuunt
298 1358 447 1438 Luther0,
469 1358 550 1419 idem
573 1359 746 1439 Augustino
771 1359 927 1438 Pelagiani
951 1358 1061 1420 tribue·

142 1441 230 1520 bant,
266 1444 344 1502 sicut
374 1444 440 1520 ipse
469 1449 595 1502 testatur
621 1444 651 1502 in
681 1442 779 1522 primo
812 1441 889 1502 libro
913 1440 1062 1503 adversus

142 1523 217 1585 duas
245 1525 477 1606 Pelagianorum
507 1525 679 1605 Epistolas‚
713 1527 744 1584 in
779 1526 879 1605 capite
912 1524 1061 1607 secundo,

141 1608 194 1667 Sic
225 1610 305 1667 enim
340 1608 479 1669 distinxit
500 1608 607 1670 Scriba
635 1609 796 1688 quispiam.
840 1607 909 1668 Non
934 1606 1061 1688 pudebit

140 1691 303 1750 botherum
337 1692 402 1751 eius
432 1692 580 1770 convicii,
613 1690 763 1770 siqnidem
795 1709 863 1751 cum
888 1692 1059 1771 Augustino

142 1793 306 1834 commune
328 1774 439 1853 hebet,
466 1794 527 1855 quo
550 1792 612 1836 non
637 1774 743 1834 habuit
764 1774 944 1834 Manichaea
966 1773 1060 1834 factio

140 1858 400 1918 vehementiorem
423 1859 552 1922 hostem.
595 1857 771 1938 Pelagiani,
801 1859 863 1918 imo
885 1857 1059 1937 Pelagianis

137 1941 320 2023 impuriores
354 1948 424 2001 sunt
446 1942 649 2003 scholasticae
680 1940 856 2021 theologiae
884 1941 1059 2020 scriptores,

138 2043 234 2104 quare
267 2043 329 2083 non
358 2031 421 2102 est,
455 2024 538 2104 quod
566 2026 724 2100 miremur,
758 2043 812 2084 cur
845 2022 1059 2084 Manichaeum

139 2108 256 2168 vocetis
277 2106 459 2184 Luthcrum,
481 2109 532 2187 qui
554 2116 675 2188 praeter
697 2108 899 2188 scholastica,
922 2106 982 2167 hoc
1004 2113 1060 2184 est,

139 2191 185 2252 bis
208 2191 376 2271 Pelagiana
408 2191 482 2250 nihil
512 2192 630 2272 sapitis.
652 2197 654 2201 ‘
675 2192 713 2252 Mt
736 2193 924 2272 Augustinus
954 2198 987 2253 ut
1008 2210 1059 2250 cx·

138 2281 226 2335 cusat
252 2274 464 2334 Manichaeum
495 2292 625 2354 nomen,
660 2292 721 2336 non
750 2284 797 2334 est
818 2275 992 2334 'obscurum
1021 2294 1060 2334 ex

137 2357 295 2438 Apologia
324 2357 472 2417 adversus
495 2357 733 2438 Pelagianorum
757 2357 933 2437 Epistulas,
967 2365 1059 2437 atque

135 2460 173 2502 eo
197 2439 269 2501 loco
292 2440 331 2500 de
353 2443 499 2502 servitute
522 2441 688 2501 voluntatis
718 2442 818 2521 aptius
841 2441 991 2500 disserere
1016 2442 1058 2500 vi·

135 2523 239 2603 detur,
262 2543 354 2604 quam
378 2523 427 2584 ubi
451 2543 519 2585 cnm
544 2524 645 2584 Felice
667 2521 867 2600 Maniche0²)
893 2522 1055 2603 disceptat.

134 2608 378 2668 Patrocinabitnr
399 2607 495 2685 idem,
532 2608 557 2667 si
580 2608 734 2687 recipitis,
767 2613 798 2666 et
827 2605 925 2668 nobis.
969 2605 1060 2682 Quod

135 2693 160 2751 si
184 2691 263 2751 adeo
287 2691 371 2750 caeci
394 2698 464 2751 sunt
486 2691 623 2770 Magistri
645 2690 836 2753 Parisieoses
847 2688 899 2771 ³),
923 2695 956 2749 nt
977 2692 1057 2750 serio

135 2774 327 2850 arbitrentur,
350 2774 422 2834 nihil
442 2775 592 2834 interesse
614 2775 693 2833 inter
704 2772 825 2834 Lntheri
839 2790 876 2832 ao
887 2772 1059 2832 Manichaei

136 2859 315 2938 sententias,
337 2857 420 2936 quid,
443 2875 569 2936 quaeso,
594 2857 654 2917 hoc
675 2857 834 2917 hominum
855 2874 968 2936 genere
992 2874 1057 2916 cae·

134 2943 198 3001 cius
223 2939 290 3000 est?
333 2941 480 3021 Rursum,
509 2941 535 3001 si
558 2959 613 3021 per
635 2939 780 3000 malitiam
804 2940 957 3017 tribuunt,
980 2956 1059 3019 quae
1087 2934 1093 2943 ’

134 3023 173 3084 ad
197 3043 265 3083 eum
295 3023 369 3084 nihil
393 3025 546 3104 pertinere
567 3023 757 3104 intelligunt,
782 3023 851 3102 quid
876 3021 1058 3103 malignius?

219 3107 274 3166 Est
296 3113 398 3167 autem
411 3106 593 3167 Manichaea
615 3108 768 3167 sententie
782 3107 942 3186 prolixior,
966 3125 1058 3186 quam

134 3210 215 3270 quae
245 3191 294 3252 hic
325 3193 478 3250 recenseri
518 3189 643 3266 debeat,
683 3191 765 3269 quod
801 3196 867 3250 toto
900 3188 1059 3251 doctrinas

133 3292 248 3353 genere
282 3274 442 3334 dissentiat
471 3272 691 3334 aGhristianis
724 3272 896 3353 dogmatis,
929 3274 955 3332 si
984 3273 1067 3352 qnid.

134 3358 306 3439 Augustino
329 3357 409 3417 illius
432 3357 579 3438 dogmata
600 3359 713 3438 passim
730 3356 903 3418 recensenti
918 3356 1058 3420 creditur.

133 3442 174 3502 Mt
206 3441 289 3521 quod
317 3440 355 3501 ad
384 3440 464 3501 hnnc
486 3459 611 3502 causam
635 3443 757 3523 attinet,
792 3441 839 3502 sic
860 3439 1056 3501 Manichacus

207 3702 238 3769 1)
261 3702 292 3754 In
311 3700 355 3756 ed.
370 3699 441 3772 orig.
460 3697 544 3754 hicet
555 3697 635 3756 alibi:
654 3697 825 3754 Manicheum
842 3704 895 3755 etc.
928 3700 960 3770 2)
972 3699 1004 3755 In
1015 3699 1059 3766 ed.

132 3772 206 3832 Ion:
226 3773 409 3831 Monachaeo.
446 3773 475 3844 3)
495 3770 613 3831 Ibidem:
632 3771 758 3862 Magistri
775 3771 863 3828 nonni
881 3771 1061 3832 Parisienses.

803 3843 848 3915 ὃ*
