2392 4170
130 234 194 308 392
332 234 438 294 deutra
454 232 602 293 Henricnm
620 248 713 305 regern
732 227 854 304 Angliae

131 407 207 465 tent.
250 400 405 482 Dogmata
428 416 496 461 mee
518 396 652 476 stabunt,
673 403 705 460 at
724 397 808 481 Papa
829 393 930 478 cedet,
951 394 1057 457 inritis

105 482 274 548 -umnibus
301 485 398 564 portis
424 481 512 543 inferi
539 488 571 545 et
596 480 802 565 potestatibus
831 481 911 544 aeris
939 485 973 542 et
997 484 1057 542 ter·

131 588 185 630 rae
206 574 238 630 et
259 568 361 631 maris.
406 565 419 626 1
442 562 843 648 simeprovecaverunt1)
868 562 908 626 ad
930 560 1058 642 beilum,

132 651 244 717 bellum
267 651 358 733 igitur
377 585 543 713 hadebunt.
582 647 697 713 Pacem
725 647 860 712 oblatam
882 653 1059 710 contemse-

133 741 213 816 runt,
234 752 344 816 pacem
364 732 457 814 igitur
471 751 534 794 non
550 732 716 797 habebunt.
750 733 834 795 Deus
848 730 970 811 viderit,
990 738 1060 792 uter

133 820 232 901 primo
255 817 354 880 sessus
377 815 532 898 deiecerit,
554 817 640 898 Papa
661 835 700 878 en
718 815 875 880 Lutherns.
918 813 972 878 Sic
992 813 1059 895 pia·

133 909 182 964 eet
202 901 233 962 in
246 901 368 963 Christo
389 900 421 960 in
444 898 509 961 dies
532 900 630 981 megis
652 919 690 962 ec
712 901 810 982 magis
826 898 985 980 superbire
1005 896 1061 959 ad·

135 1005 241 1047 versus
263 983 397 1046 insulsos
419 983 496 1044 istos
518 990 552 1045 et
571 984 694 1065 ineptos
708 983 886 1066 Basilisene,
908 999 971 1064 qun
995 999 1061 1042 ms·

134 1070 181 1150 gis
202 1068 262 1149 ipsi
283 1063 441 1149 furuum).
811 1130 815 1137 ,

215 1150 395 1233 Priusquam
418 1168 491 1211 vere
519 1148 643 1212 adrem
671 1151 770 1232 ipsam
793 1150 968 1230 veniamus,
996 1148 1060 1230 pri·

134 1254 215 1297 mum
237 1234 353 1296 diluam
382 1232 444 1294 dno
472 1233 616 1310 crimina,
648 1252 728 1314 qnae
756 1232 829 1295 mihi
851 1232 1062 1295 Themistieus

134 1318 202 1381 Rex
224 1337 299 1400 prae
319 1317 503 1398 impotentia
524 1335 580 1378 aua
602 1316 742 1379 muliebri
763 1317 903 1398 imponit,
926 1334 1061 1396 querum

134 1401 262 1463 alterum
290 1405 355 1480 est,
390 1419 459 1460 esse
487 1399 631 1462 videlicet
661 1419 711 1461 me
741 1400 813 1462 mihi
845 1401 904 1482 ipsi
934 1399 1061 1480 saepius

134 1484 330 1549 eontrarium.
366 1483 441 1569 Huc·
455 1500 542 1543 suum
565 1483 726 1565 impudens
748 1481 943 1546 mendacium
965 1483 1060 1544 etiam

135 1576 244 1630 eontra
265 1567 420 1649 propriam
443 1567 664 1629 conscientiam
686 1567 732 1628 aie
752 1586 807 1649 per
830 1573 928 1628 tntum
948 1565 1061 1628 librum

134 1659 223 1734 urget
243 1656 275 1712 et
300 1649 417 1726 elevat,
449 1656 483 1710 ut
510 1651 584 1712 satis
611 1657 776 1732 appareat,
808 1669 870 1712 nnn
898 1650 1062 1731 scripsisse

114 1745 204 1796 'eum
226 1732 360 1796 libellum
387 1733 469 1793 hunc
489 1733 591 1795 studio
614 1730 746 1796 docendi
768 1740 821 1795 eut
843 1736 895 1812 (ut
916 1735 984 1814 ipse
1005 1732 1062 1794 flu·

18 1892 21 1897 ,
133 1815 195 1901 git)
218 1815 374 1879 asserendi
397 1821 516 1898 septem
538 1816 749 1896 Sacramenta,
771 1816 826 1879 sed
849 1816 958 1879 morbo
982 1817 1060 1877 viru·

135 1900 295 1962 lectissimi
323 1899 415 1961 animi
445 1900 510 1978 eui,
537 1918 691 1980 quocum
719 1900 844 1963 inferius
867 1919 930 1963 nen
953 1904 1064 1982 peaeet

135 2003 233 2046 conce
255 1989 319 2045 tum
342 1983 425 2043 virus
447 1989 478 2044 et
499 2003 558 2081 pus
579 1983 713 2046 invidiae
730 1988 762 2045 et
777 1984 911 2046 malitiae
934 1988 1062 2065 egerere

135 2086 194 2129 nee
242 2068 376 2148 igerere,
409 2084 549 2148 eupenus
581 2085 637 2147 per
665 2085 700 2129 es
727 2065 879 2148 putidum,
894 2065 1062 2128 evomendi

138 2151 334 2212 occasionem
356 2150 522 2230 inveniret,
551 2149 624 2210 nihii
647 2139 808 2233 spectans,
839 2151 897 2211 nisi
920 2157 954 2211 ut
975 2169 1061 2212 men·

138 2234 233 2295 deciis
265 2233 401 2295 omniurn
442 2251 478 2293 ce
512 2232 663 2295 oblineret
679 2232 709 2311 3)
748 2240 779 2296 et
810 2233 882 2294 mihi
913 2233 1060 2296 invidiam

138 2321 289 2397 moveret3
319 2314 530 2377 foedissimum
552 2335 628 2377 saue
650 2319 704 2394 ait,
735 2318 873 2398 quamvis
903 2316 1060 2379 sordidam

138 2399 327 2460 meretricem
344 2404 406 2460 tam
420 2398 591 2480 impudenti
611 2400 712 2462 ircnte
733 2406 764 2461 et
780 2401 941 2481 impotenti
956 2401 1061 2462 animo

137 2484 182 2543 sic
203 2482 322 2543 mentiri
345 2488 377 2542 et
397 2482 548 2560 insanire,
576 2482 705 2565 Regium
728 2484 860 2544 animum
884 2489 915 2543 et
937 2483 1062 2565 sangni-

137 2585 208 2626 nem
231 2565 291 2626 alia
313 2563 499 2631 deenieeeut.

219 2647 356 2709 Alterum
375 2654 431 2724 est,
453 2647 536 2729 quod
552 2649 699 2713 conviciis
718 2651 884 2710 insectatus
900 2668 969 2708 surn
983 2649 1061 2709 Pon·

138 2731 250 2792 tifleem
275 2737 306 2792 et
326 2731 501 2811 ecelesiam,
529 2731 666 2812 honest,
689 2731 831 2793 lenonem
853 2738 884 2792 et
905 2730 1008 2793 lenam
1032 2739 1063 2793 et

137 2813 243 2875 sedem
265 2813 414 2895 Satanae,
447 2815 533 2876 euius
555 2816 625 2895 ipse
654 2814 796 2876 defensor
818 2814 993 2876 declaratae
1015 2822 1063 2876 eet

137 2916 235 2978 nuper
257 2916 325 2958 enm
348 2896 558 2979 indulgentiis.

220 2979 262 3042 Ut
292 2998 367 3060 erge
394 2979 555 3060 impudens
586 2981 651 3041 eins
679 2979 872 3042 mendacium
902 2981 1061 3042 traducam

138 3082 192 3142 per
214 3061 331 3141 orbem,
353 3061 478 3143 dignum
499 3071 545 3124 eat
561 3063 612 3124 hic
629 3062 737 3126 ordine
755 3082 917 3126 recensere
940 3084 1000 3143 res,
1023 3064 1062 3125 de

114 3155 116 3158 ’
138 3144 247 3225 quibus
269 3165 328 3228 ego
351 3147 475 3228 scripsi,
495 3166 624 3227 quarum
647 3153 718 3208 sunt
738 3146 800 3208 duc
821 3166 945 3228 genera.

221 3227 354 3289 Primum
383 3235 430 3290 eet
457 3229 496 3290 de
524 3230 576 3308 iis,
609 3248 688 3310 quae
714 3231 745 3290 in
768 3230 863 3290 sacris
891 3230 988 3291 literis
1010 3230 1063 3292 do·

137 3316 258 3390 centur,
280 3329 406 3392 nempe:

220 3393 268 3454 De
288 3393 359 3457 fide.
677 3395 724 3456 De
745 3413 811 3475 epe.

220 3476 268 3536 De
289 3477 424 3538 caritate.
677 3478 723 3539 De
745 3476 901 3558 operibns.

211 3679 241 3763 1)
263 3678 294 3733 In
313 3677 357 3736 ed
372 3679 459 3764 prige
483 3682 731 3752 praevecavernnt.
786 3678 819 3753 2)
841 3675 926 3734 ibid:
952 3675 1063 3739 furiunt.

136 3750 169 3830 3)
190 3748 275 3811 Ibida
293 3748 430 3813 eburna.
