2392 4170
132 237 192 308 466
422 243 583 301 (tont'utstio
602 246 771 300 Luthsriuns

131 400 182 459 nis
205 399 364 478 negaturi,
386 400 468 458 etin
493 400 600 460 taciem
625 401 761 460 omnium
783 400 911 466 dicturi,
946 397 1054 458 vitium

132 500 193 541 non
217 481 316 541 solum
339 500 401 542 nou
415 491 521 542 contis
543 486 678 558 virtutes,
701 483 756 542 sed
772 502 832 543 nec
853 495 962 542 contre
987 499 1055 560 goo-

131 566 204 625 tism
228 564 297 625 dioi.
340 564 387 623 En
416 564 469 624 tibi
491 565 627 627 Lovsnis
650 574 719 626 tuos
740 565 963 642 incendiarios,
1000 564 1055 623 ho-

131 656 193 706 stes
226 647 398 729 imgusrnm
421 657 451 707 et
480 650 629 726 veritatis,
663 657 694 708 et
716 658 763 725 tu,
795 648 973 709 antichriste
995 645 1055 706 Ro-

130 748 231 806 mene,
253 749 290 789 en
313 737 383 790 tuos
405 730 554 792 cultrices.

213 813 308 894 Igitur
334 813 449 874 frontes
481 815 556 875 istos
591 816 778 874 meretricios
808 822 1054 892 contemnemus,

131 902 161 957 st
185 897 390 976 Augustinum
413 915 480 957 cum
505 897 599 957 Ponto
621 899 792 977 iungemus,
817 895 901 976 qnod
922 896 1054 975 hiomec·

132 985 251 1054 cetum,
273 978 326 1039 ille
349 981 454 1039 vitium
478 989 579 1041 vocet.
624 980 737 1039 Vitium
760 989 861 1040 sutem
886 979 1002 1038 scimus
1022 977 1052 1036 id

131 1080 209 1142 esse,
232 1062 315 1141 qnod
329 1063 449 1143 oulpsm
474 1070 502 1123 et
522 1063 792 1142 reprehensionem
811 1062 933 1138 heheot,
955 1061 1052 1140 orgui-

131 1163 191 1224 que
215 1145 340 1224 dignum
363 1148 417 1223 sit,
455 1149 546 1206 etism
571 1149 600 1207 in
624 1148 714 1209 nebus
738 1144 961 1226 corporalibus.
1001 1142 1053 1204 Sic

132 1226 224 1288 hehet
254 1229 395 1288 universe
435 1230 537 1308 tingue
574 1230 676 1288 iatine.
728 1227 830 1303 Quone
853 1226 981 1286 Paulum
1014 1225 1054 1286 de

132 1319 261 1390 peccato
285 1311 454 1383 audiamus,
478 1312 586 1372 Roma.
610 1315 638 1376 8.
660 1312 830 1372 dicentem:
862 1311 944 1370 Misit
964 1309 1051 1371 Deus

132 1393 238 1452 Filium
261 1412 348 1453 suum
371 1394 401 1452 io
425 1394 651 1454 similitudinem
675 1396 775 1453 cornis
799 1394 936 1474 pecco-ti,
960 1391 1050 1453 etde

131 1487 260 1557 peccato
285 1476 441 1536 damnavit
463 1486 622 1556 peccatum
644 1479 675 1536 iu
698 1497 799 1553 cerne,
824 1485 856 1536 ut
877 1473 1052 1535 iustificetio

115 1559 207 1639 'legis
229 1559 406 1640 impleretur
433 1561 462 1618 in
486 1559 591 1637 nobis,
626 1562 678 1638 qui
707 1578 769 1621 non
798 1558 1054 1620 secundumw-

131 1661 201 1702 nem
224 1642 425 1718 ambulemus,
448 1643 502 1702 sed
525 1642 692 1702 secundum
705 1641 860 1722 Spiritum.
901 1639 987 1715 Quid
1005 1648 1055 1701 est

134 1734 294 1805 peeostum
318 1724 455 1785 damnari
486 1726 523 1785 de
552 1725 706 1805 peccato?
733 1726 875 1785 Diximus
898 1723 1052 1785 Christum

132 1806 1053 1889 essepeocetumfeotnmpronohis,sicutdioit2.Corinthii:

132 1889 221 1968 idum,
244 1893 294 1970 qui
318 1910 379 1952 non
402 1900 531 1953 noverat
552 1900 730 1972 peecatum,
751 1910 809 1973 oro
832 1891 921 1950 nobis
944 1907 1052 1969 pooss-

130 1979 193 2035 tum
215 1973 296 2051 feeit,
320 1982 353 2033 ut
370 1976 482 2034 iustitia
494 1975 551 2034 Dei
566 1994 703 2035 essemus
717 1976 748 2034 in
759 1975 823 2035 ilio.
865 1973 924 2033 Hic
937 1979 1054 2033 utrum-

131 2075 192 2136 que
213 2063 373 2136 peccatum
413 2064 543 2136 utroque
578 2058 647 2118 loco
671 2060 772 2138 ponit,
810 2055 1052 2136 metophorioum

131 2140 180 2199 vei
203 2138 402 2218 allegoricum
426 2147 472 2199 est
494 2139 646 2216 Christus,
675 2142 794 2219 dequo
817 2146 947 2220 peccato
971 2139 1052 2199 dem-

135 2223 220 2282 nsvit
241 2231 379 2282 nost-rum
404 2242 506 2282 verum
531 2233 701 2303 peccatum.
746 2224 825 2283 Nam
847 2222 929 2301 quod
945 2241 1052 2303 peone-

135 2313 199 2365 tum
222 2313 359 2365 nostrum
383 2306 515 2381 tolletur,
538 2307 618 2366 unde
642 2307 806 2381 lsshsmus,
830 2308 886 2366 uisi
910 2305 948 2364 de
971 2305 1053 2366 ctri-

135 2396 193 2467 sto,
219 2389 301 2448 fecto
326 2397 455 2468 peccato
478 2408 533 2469 pro
556 2389 655 2468 nobis,
680 2410 740 2449 non
764 2391 868 2468 utique
883 2389 920 2448 de
942 2390 1053 2448 nostrie

135 2470 248 2532 viribus
270 2479 323 2532 eut
352 2474 483 2551 meritis,
516 2474 569 2532 sed
602 2473 639 2532 de
663 2479 792 2552 peccato
823 2473 894 2550 Dei,
926 2471 957 2531 id
1000 2479 1053 2548 est,

133 2571 224 2633 quem
248 2554 333 2616 Deus
363 2562 523 2635 peccatum
547 2557 627 2615 iecit.
671 2557 777 2637 Rogo,
806 2575 860 2614 cur
882 2574 943 2615 non
969 2554 1053 2630 dixit,

135 2639 283 2699 exstinxit
304 2649 483 2719 peceatum,
507 2640 560 2699 sed
586 2638 745 2717 vigilanter
768 2640 868 2718 ponit,
898 2637 1054 2698 demnuvit

136 2721 319 2802 peccatum?
349 2721 418 2781 Non
441 2724 520 2782 enim
544 2741 601 2782 nos
624 2723 775 2781 oredimus
798 2740 865 2780 cum
886 2720 1052 2780 Lovonien.

135 2803 286 2886 Sophistis
309 2804 404 2866 Puuio
428 2804 560 2865 defuisse
584 2807 691 2881 verba,
720 2806 771 2883 qui
794 2807 833 2863 sit
855 2822 908 2862 vos
931 2803 1053 2863 electio·

134 2889 198 2966 uis,
230 2889 334 2947 electis
358 2896 389 2948 et
417 2890 547 2968 propriis
578 2888 677 2949 verbis
708 2888 863 2948 locuturus
885 2888 1052 2965 praevisus.

135 2969 209 3046 Quis
232 2973 313 3030 euim
335 2981 380 3030 est
403 2972 586 3031 damnatus?
632 2971 749 3031 Deinde
777 2969 862 3029 addit
888 2972 918 3028 in
951 2988 1053 3044 corne,

135 3055 260 3115 omnino
283 3072 423 3114 asserens
445 3063 606 3134 peccatum
622 3057 651 3114 in
675 3072 777 3130 corne,
799 3053 853 3112 sed
866 3052 1053 3112 domomum.

133 3136 303 3197 ‘Damnatus
325 3140 429 3215 utique
451 3139 476 3196 is
498 3146 554 3211 est,
578 3140 629 3217 qui
652 3156 712 3197 non
737 3136 829 3195 modo
851 3154 871 3193 e
892 3134 1052 3195 latrocinio

134 3227 187 3279 sut
209 3219 290 3279 molo
314 3220 429 3280 scelere
453 3220 640 3299 prohibitus,
676 3239 737 3280 non
777 3218 869 3280 modo
892 3225 1001 3298 coptus
1023 3224 1052 3275 et

133 3305 357 3380 incarceratus,
387 3304 441 3363 ssd
464 3303 616 3364 iudicatus
639 3313 669 3363 et
690 3302 752 3362 leta
774 3303 927 3362 sententis
949 3301 1053 3362 mortis

133 3385 242 3446 ductus
265 3395 311 3446 est
332 3386 371 3446 ed
394 3397 542 3462 mortem,
575 3396 607 3445 ut
636 3385 709 3445 nihil
732 3384 813 3446 eliud
838 3403 907 3446 oum
930 3403 969 3445 so
991 3382 1053 3458 iiot,

134 3487 225 3548 quem
247 3477 280 3530 ut
302 3468 426 3531 tollatur
448 3469 609 3545 demedio,
632 3471 750 3529 etiamsi
773 3468 903 3528 necdum
922 3469 966 3527 sit
986 3466 1052 3527 suh·

135 3553 223 3615 istus.
268 3551 355 3628 Ques
377 3561 424 3612 est
447 3551 528 3614 enim
553 3555 647 3612 virtus
670 3553 738 3612 tslis
760 3550 909 3611 tationis?

197 3637 242 3697 ito
254 3643 414 3717 peccotum
429 3655 483 3715 per
495 3636 677 3715 baptismum
688 3637 718 3695 in
731 3635 820 3695 nobis
835 3643 969 3714 coptum,
980 3632 1052 3695 iudi·

132 3717 1056 3802 cutum,¹prorsusqueintirmutum,utuihilpossitmuudutur
