<?xml version="1.0" encoding="UTF-8"?>
<!DOCTYPE html PUBLIC "-//W3C//DTD XHTML 1.0 Transitional//EN"
    "http://www.w3.org/TR/xhtml1/DTD/xhtml1-transitional.dtd">
<html xmlns="http://www.w3.org/1999/xhtml" xml:lang="en" lang="en">
 <head>
  <title>
</title>
<meta http-equiv="Content-Type" content="text/html;charset=utf-8" />
  <meta name='ocr-system' content='tesseract 3.04.00' />
  <meta name='ocr-capabilities' content='ocr_page ocr_carea ocr_par ocr_line ocrx_word'/>
</head>
<body>
  <div class='ocr_page' id='page_1' title='image "./dmartinilutheri03luthgoog_1017.png"; bbox 0 0 2392 4170; ppageno 0'>
   <div class='ocr_carea' id='block_1_1' title="bbox 157 1103 1175 1583">
    <p class='ocr_par' dir='ltr' id='par_1_1' title="bbox 157 1103 1175 1471">
     <span class='ocr_line' id='line_1_1' title="bbox 159 1103 1175 1215; baseline 0.017 -15"><span class='ocrx_word' id='word_1_1' title='bbox 159 1103 375 1201; x_wconf 80' lang='lat' dir='ltr'><strong>Martinus</strong></span> <span class='ocrx_word' id='word_1_2' title='bbox 405 1107 623 1205; x_wconf 82' lang='lat' dir='ltr'><strong>Lathorns</strong></span> <span class='ocrx_word' id='word_1_3' title='bbox 648 1111 841 1211; x_wconf 88' lang='lat' dir='ltr'><strong>omnibns</strong></span> <span class='ocrx_word' id='word_1_4' title='bbox 871 1115 1082 1215; x_wconf 77' lang='lat' dir='ltr'><strong>Christia-</strong></span> <span class='ocrx_word' id='word_1_5' title='bbox 1171 1152 1175 1183; x_wconf 79' lang='lat'>÷</span> 
     </span>
     <span class='ocr_line' id='line_1_2' title="bbox 158 1217 1082 1345; baseline 0.018 -31"><span class='ocrx_word' id='word_1_6' title='bbox 158 1217 228 1315; x_wconf 89' lang='lat' dir='ltr'><strong>nis</strong></span> <span class='ocrx_word' id='word_1_7' title='bbox 258 1218 513 1318; x_wconf 85' lang='lat' dir='ltr'><strong>Lootoribos</strong></span> <span class='ocrx_word' id='word_1_8' title='bbox 552 1251 637 1321; x_wconf 88' lang='lat' dir='ltr'><strong>non</strong></span> <span class='ocrx_word' id='word_1_9' title='bbox 665 1227 934 1345; x_wconf 85' lang='lat' dir='ltr'><strong>pontifioiarn</strong></span> <span class='ocrx_word' id='word_1_10' title='bbox 973 1234 1082 1330; x_wconf 89' lang='lat' dir='ltr'><strong>salu·</strong></span> 
     </span>
     <span class='ocr_line' id='line_1_3' title="bbox 157 1337 1173 1471; baseline 0.012 -38"><span class='ocrx_word' id='word_1_11' title='bbox 157 1343 245 1436; x_wconf 85' lang='lat' dir='ltr'><strong>tem</strong></span> <span class='ocrx_word' id='word_1_12' title='bbox 274 1345 319 1436; x_wconf 85' lang='lat' dir='ltr'><strong>ot</strong></span> <span class='ocrx_word' id='word_1_13' title='bbox 346 1337 693 1471; x_wconf 76' lang='lat' dir='ltr'><strong>benedietionen,</strong></span> <span class='ocrx_word' id='word_1_14' title='bbox 723 1345 798 1438; x_wconf 86' lang='lat' dir='ltr'><strong>sed</strong></span> <span class='ocrx_word' id='word_1_15' title='bbox 815 1345 1019 1465; x_wconf 81' lang='lat' dir='ltr'>gratiam</span> <span class='ocrx_word' id='word_1_16' title='bbox 1040 1353 1082 1446; x_wconf 89' lang='lat' dir='ltr'><strong>ot</strong></span> <span class='ocrx_word' id='word_1_17' title='bbox 1168 1432 1173 1457; x_wconf 80' lang='grc'><strong>,.</strong></span> 
     </span>
    </p>

    <p class='ocr_par' dir='ltr' id='par_1_2' title="bbox 285 1455 933 1583">
     <span class='ocr_line' id='line_1_4' title="bbox 285 1455 933 1583; baseline 0.006 -31"><span class='ocrx_word' id='word_1_18' title='bbox 285 1482 434 1583; x_wconf 83' lang='lat' dir='ltr'><strong>panem</strong></span> <span class='ocrx_word' id='word_1_19' title='bbox 461 1455 508 1555; x_wconf 89' lang='lat' dir='ltr'><strong>in</strong></span> <span class='ocrx_word' id='word_1_20' title='bbox 538 1455 710 1551; x_wconf 81' lang='lat' dir='ltr'><strong>(ihrlsto</strong></span> <span class='ocrx_word' id='word_1_21' title='bbox 740 1460 933 1583; x_wconf 79' lang='lat' dir='ltr'><strong>optat*).</strong></span> 
     </span>
    </p>
   </div>
   <div class='ocr_carea' id='block_1_2' title="bbox 152 1842 1079 2758">
    <p class='ocr_par' dir='ltr' id='par_1_3' title="bbox 152 1842 1079 2758">
     <span class='ocr_line' id='line_1_5' title="bbox 238 1842 1079 1927; baseline 0 -21"><span class='ocrx_word' id='word_1_22' title='bbox 238 1842 306 1906; x_wconf 86' lang='lat' dir='ltr'><strong>Hoo</strong></span> <span class='ocrx_word' id='word_1_23' title='bbox 327 1844 429 1906; x_wconf 83' lang='lat' dir='ltr'><strong>nulius</strong></span> <span class='ocrx_word' id='word_1_24' title='bbox 452 1842 586 1927; x_wconf 85' lang='lat' dir='ltr'><strong>unquam</strong></span> <span class='ocrx_word' id='word_1_25' title='bbox 608 1846 740 1908; x_wconf 86' lang='lat' dir='ltr'><strong>antehae</strong></span> <span class='ocrx_word' id='word_1_26' title='bbox 763 1845 903 1908; x_wconf 81' lang='lat' dir='ltr'><strong>Pontifex</strong></span> <span class='ocrx_word' id='word_1_27' title='bbox 920 1846 1079 1910; x_wconf 87' lang='lat' dir='ltr'><strong>Romanus</strong></span> 
     </span>
     <span class='ocr_line' id='line_1_6' title="bbox 155 1925 1078 2011; baseline 0.004 -24"><span class='ocrx_word' id='word_1_28' title='bbox 155 1925 239 2004; x_wconf 79' lang='lat' dir='ltr'><strong>iecit,</strong></span> <span class='ocrx_word' id='word_1_29' title='bbox 257 1928 339 2008; x_wconf 90' lang='lat' dir='ltr'><strong>qnod</strong></span> <span class='ocrx_word' id='word_1_30' title='bbox 362 1930 420 1990; x_wconf 86' lang='lat' dir='ltr'><strong>iste</strong></span> <span class='ocrx_word' id='word_1_31' title='bbox 443 1928 595 1991; x_wconf 78' lang='lat' dir='ltr'>Adrianus</span> <span class='ocrx_word' id='word_1_32' title='bbox 610 1930 651 1991; x_wconf 81' lang='lat' dir='ltr'><strong>vl</strong></span> <span class='ocrx_word' id='word_1_33' title='bbox 680 1928 765 2009; x_wconf 81' lang='lat' dir='ltr'><strong>facit,</strong></span> <span class='ocrx_word' id='word_1_34' title='bbox 786 1931 837 2010; x_wconf 90' lang='lat' dir='ltr'><strong>qui</strong></span> <span class='ocrx_word' id='word_1_35' title='bbox 860 1936 1010 2011; x_wconf 85' lang='lat' dir='ltr'><strong>tanquam</strong></span> <span class='ocrx_word' id='word_1_36' title='bbox 1032 1930 1078 1992; x_wconf 87' lang='lat' dir='ltr'><strong>ab·</strong></span> 
     </span>
     <span class='ocr_line' id='line_1_7' title="bbox 155 2010 1077 2095; baseline 0.003 -25"><span class='ocrx_word' id='word_1_37' title='bbox 155 2010 257 2072; x_wconf 89' lang='lat' dir='ltr'><strong>dioata</strong></span> <span class='ocrx_word' id='word_1_38' title='bbox 279 2019 309 2072; x_wconf 91' lang='lat' dir='ltr'><strong>et</strong></span> <span class='ocrx_word' id='word_1_39' title='bbox 337 2011 477 2092; x_wconf 86' lang='lat' dir='ltr'><strong>deposita</strong></span> <span class='ocrx_word' id='word_1_40' title='bbox 509 2013 562 2075; x_wconf 86' lang='lat' dir='ltr'><strong>illa</strong></span> <span class='ocrx_word' id='word_1_41' title='bbox 599 2020 769 2095; x_wconf 73' lang='lat' dir='ltr'><strong>potestate,</strong></span> <span class='ocrx_word' id='word_1_42' title='bbox 803 2032 893 2091; x_wconf 84' lang='lat' dir='ltr'><strong>quarn</strong></span> <span class='ocrx_word' id='word_1_43' title='bbox 930 2014 1077 2076; x_wconf 79' lang='lat' dir='ltr'><strong>haetenus</strong></span> 
     </span>
     <span class='ocr_line' id='line_1_8' title="bbox 155 2094 1076 2174; baseline 0.005 -22"><span class='ocrx_word' id='word_1_44' title='bbox 155 2094 210 2153; x_wconf 89' lang='lat' dir='ltr'><strong>sibi</strong></span> <span class='ocrx_word' id='word_1_45' title='bbox 235 2096 284 2155; x_wconf 89' lang='lat' dir='ltr'><strong>uni</strong></span> <span class='ocrx_word' id='word_1_46' title='bbox 308 2098 463 2173; x_wconf 80' lang='lat' dir='ltr'><strong>arrogavit</strong></span> <span class='ocrx_word' id='word_1_47' title='bbox 485 2097 589 2157; x_wconf 90' lang='lat' dir='ltr'><strong>omnia</strong></span> <span class='ocrx_word' id='word_1_48' title='bbox 616 2095 789 2174; x_wconf 76' lang='lat' dir='ltr'><strong>indicandi,</strong></span> <span class='ocrx_word' id='word_1_49' title='bbox 820 2115 901 2157; x_wconf 87' lang='lat' dir='ltr'><strong>nuno</strong></span> <span class='ocrx_word' id='word_1_50' title='bbox 933 2098 1076 2159; x_wconf 80' lang='lat' dir='ltr'><strong>iudioinnr</strong></span> 
     </span>
     <span class='ocr_line' id='line_1_9' title="bbox 155 2178 1076 2259; baseline 0.005 -22"><span class='ocrx_word' id='word_1_51' title='bbox 155 2179 301 2257; x_wconf 86' lang='lat' dir='ltr'><strong>permittit</strong></span> <span class='ocrx_word' id='word_1_52' title='bbox 324 2178 616 2259; x_wconf 80' lang='lat' dir='ltr'><strong>Bambergensibus,</strong></span> <span class='ocrx_word' id='word_1_53' title='bbox 647 2190 771 2241; x_wconf 83' lang='lat' dir='ltr'><strong>reetene</strong></span> <span class='ocrx_word' id='word_1_54' title='bbox 801 2201 819 2240; x_wconf 93' lang='lat' dir='ltr'><strong>a</strong></span> <span class='ocrx_word' id='word_1_55' title='bbox 848 2199 882 2238; x_wconf 87' lang='lat' dir='ltr'><strong>se</strong></span> <span class='ocrx_word' id='word_1_56' title='bbox 911 2180 1027 2242; x_wconf 83' lang='lat' dir='ltr'><strong>dietum</strong></span> <span class='ocrx_word' id='word_1_57' title='bbox 1050 2181 1076 2242; x_wconf 84' lang='lat' dir='ltr'><strong>S.</strong></span> 
     </span>
     <span class='ocr_line' id='line_1_10' title="bbox 154 2259 1076 2341; baseline 0.004 -22"><span class='ocrx_word' id='word_1_58' title='bbox 154 2261 231 2320; x_wconf 90' lang='lat' dir='ltr'><strong>Petri</strong></span> <span class='ocrx_word' id='word_1_59' title='bbox 245 2259 298 2341; x_wconf 76' lang='lat'><strong>”)</strong></span> <span class='ocrx_word' id='word_1_60' title='bbox 320 2262 485 2341; x_wconf 82' lang='lat' dir='ltr'><strong>allegatum</strong></span> <span class='ocrx_word' id='word_1_61' title='bbox 509 2271 540 2323; x_wconf 88' lang='lat' dir='ltr'><strong>et</strong></span> <span class='ocrx_word' id='word_1_62' title='bbox 563 2271 734 2324; x_wconf 85' lang='lat' dir='ltr'><strong>enarratum</strong></span> <span class='ocrx_word' id='word_1_63' title='bbox 758 2265 806 2341; x_wconf 80' lang='lat' dir='ltr'><strong>sit,</strong></span> <span class='ocrx_word' id='word_1_64' title='bbox 829 2282 867 2321; x_wconf 88' lang='lat' dir='ltr'><strong>an</strong></span> <span class='ocrx_word' id='word_1_65' title='bbox 892 2265 981 2327; x_wconf 84' lang='lat' dir='ltr'><strong>non?</strong></span> <span class='ocrx_word' id='word_1_66' title='bbox 1026 2266 1076 2324; x_wconf 86' lang='lat' dir='ltr'><strong>At·</strong></span> 
     </span>
     <span class='ocr_line' id='line_1_11' title="bbox 155 2346 1077 2428; baseline 0.007 -26"><span class='ocrx_word' id='word_1_67' title='bbox 155 2362 214 2421; x_wconf 86' lang='lat' dir='ltr'><strong>qne</strong></span> <span class='ocrx_word' id='word_1_68' title='bbox 237 2363 295 2422; x_wconf 90' lang='lat' dir='ltr'><strong>ego</strong></span> <span class='ocrx_word' id='word_1_69' title='bbox 319 2346 441 2424; x_wconf 87' lang='lat' dir='ltr'><strong>quidem</strong></span> <span class='ocrx_word' id='word_1_70' title='bbox 465 2346 555 2406; x_wconf 83' lang='lat' dir='ltr'><strong>vaide</strong></span> <span class='ocrx_word' id='word_1_71' title='bbox 577 2366 633 2408; x_wconf 89' lang='lat' dir='ltr'><strong>oro</strong></span> <span class='ocrx_word' id='word_1_72' title='bbox 668 2366 728 2406; x_wconf 90' lang='lat' dir='ltr'><strong>non</strong></span> <span class='ocrx_word' id='word_1_73' title='bbox 751 2346 849 2407; x_wconf 89' lang='lat' dir='ltr'><strong>solnm</strong></span> <span class='ocrx_word' id='word_1_74' title='bbox 874 2346 1077 2428; x_wconf 88' lang='lat' dir='ltr'><strong>Bambergen·</strong></span> 
     </span>
     <span class='ocr_line' id='line_1_12' title="bbox 155 2427 1076 2510; baseline 0.004 -26"><span class='ocrx_word' id='word_1_75' title='bbox 155 2446 215 2503; x_wconf 79' lang='lat' dir='ltr'><strong>ses,</strong></span> <span class='ocrx_word' id='word_1_76' title='bbox 237 2427 291 2487; x_wconf 90' lang='lat' dir='ltr'><strong>sed</strong></span> <span class='ocrx_word' id='word_1_77' title='bbox 315 2447 422 2488; x_wconf 88' lang='lat' dir='ltr'><strong>omnes</strong></span> <span class='ocrx_word' id='word_1_78' title='bbox 440 2428 630 2490; x_wconf 79' lang='lat' dir='ltr'><strong>Christianos</strong></span> <span class='ocrx_word' id='word_1_79' title='bbox 653 2429 764 2508; x_wconf 89' lang='lat' dir='ltr'><strong>ubique</strong></span> <span class='ocrx_word' id='word_1_80' title='bbox 786 2429 937 2508; x_wconf 79' lang='lat' dir='ltr'><strong>locorum,</strong></span> <span class='ocrx_word' id='word_1_81' title='bbox 961 2438 995 2491; x_wconf 82' lang='lat' dir='ltr'><strong>nt</strong></span> <span class='ocrx_word' id='word_1_82' title='bbox 1016 2450 1076 2510; x_wconf 88' lang='lat' dir='ltr'><strong>per-</strong></span> 
     </span>
     <span class='ocr_line' id='line_1_13' title="bbox 153 2510 1077 2592; baseline 0.002 -22"><span class='ocrx_word' id='word_1_83' title='bbox 153 2510 376 2571; x_wconf 82' lang='lat' dir='ltr'><strong>missum‘illnd</strong></span> <span class='ocrx_word' id='word_1_84' title='bbox 398 2512 542 2572; x_wconf 83' lang='lat' dir='ltr'><strong>indicium</strong></span> <span class='ocrx_word' id='word_1_85' title='bbox 579 2511 819 2592; x_wconf 78' lang='lat' dir='ltr'><strong>ampiectentur,</strong></span> <span class='ocrx_word' id='word_1_86' title='bbox 853 2515 884 2572; x_wconf 80' lang='lat' dir='ltr'><strong>et</strong></span> <span class='ocrx_word' id='word_1_87' title='bbox 917 2514 997 2573; x_wconf 86' lang='lat' dir='ltr'><strong>inter</strong></span> <span class='ocrx_word' id='word_1_88' title='bbox 1034 2532 1077 2572; x_wconf 88' lang='lat' dir='ltr'><strong>me</strong></span> 
     </span>
     <span class='ocr_line' id='line_1_14' title="bbox 153 2591 1076 2674; baseline 0.003 -22"><span class='ocrx_word' id='word_1_89' title='bbox 153 2612 190 2652; x_wconf 86' lang='lat' dir='ltr'><strong>ao</strong></span> <span class='ocrx_word' id='word_1_90' title='bbox 212 2591 326 2673; x_wconf 83' lang='lat' dir='ltr'><strong>Papam</strong></span> <span class='ocrx_word' id='word_1_91' title='bbox 351 2595 501 2674; x_wconf 81' lang='lat' dir='ltr'><strong>iudicent,</strong></span> <span class='ocrx_word' id='word_1_92' title='bbox 534 2602 634 2655; x_wconf 89' lang='lat' dir='ltr'><strong>utrum</strong></span> <span class='ocrx_word' id='word_1_93' title='bbox 662 2594 828 2672; x_wconf 82' lang='lat' dir='ltr'><strong>Lutherus,</strong></span> <span class='ocrx_word' id='word_1_94' title='bbox 862 2614 900 2653; x_wconf 89' lang='lat' dir='ltr'><strong>an</strong></span> <span class='ocrx_word' id='word_1_95' title='bbox 938 2595 1076 2657; x_wconf 81' lang='lat' dir='ltr'><strong>Pontifex</strong></span> 
     </span>
     <span class='ocr_line' id='line_1_15' title="bbox 152 2677 1075 2758; baseline 0.002 -21"><span class='ocrx_word' id='word_1_96' title='bbox 152 2677 309 2737; x_wconf 88' lang='lat' dir='ltr'><strong>Romanus</strong></span> <span class='ocrx_word' id='word_1_97' title='bbox 333 2685 448 2752; x_wconf 75' lang='lat' dir='ltr'><strong>sectas,</strong></span> <span class='ocrx_word' id='word_1_98' title='bbox 482 2698 563 2739; x_wconf 89' lang='lat' dir='ltr'><strong>nova</strong></span> <span class='ocrx_word' id='word_1_99' title='bbox 585 2681 669 2738; x_wconf 84' lang='lat' dir='ltr'><strong>vitae</strong></span> <span class='ocrx_word' id='word_1_100' title='bbox 690 2697 805 2758; x_wconf 86' lang='lat' dir='ltr'><strong>genera</strong></span> <span class='ocrx_word' id='word_1_101' title='bbox 833 2683 864 2737; x_wconf 87' lang='lat' dir='ltr'><strong>et</strong></span> <span class='ocrx_word' id='word_1_102' title='bbox 885 2678 1012 2739; x_wconf 86' lang='lat' dir='ltr'><strong>ordines</strong></span> <span class='ocrx_word' id='word_1_103' title='bbox 1035 2681 1075 2739; x_wconf 91' lang='lat' dir='ltr'><strong>in·</strong></span> 
     </span>
    </p>
   </div>
   <div class='ocr_carea' id='block_1_3' title="bbox 40 2759 1077 2828">
    <p class='ocr_par' dir='ltr' id='par_1_4' title="bbox 40 2759 1077 2828">
     <span class='ocr_line' id='line_1_16' title="bbox 40 2759 1077 2828; baseline 0.002 -9"><span class='ocrx_word' id='word_1_104' title='bbox 40 2820 44 2828; x_wconf 79' lang='grc'><em>,</em></span> <span class='ocrx_word' id='word_1_105' title='bbox 154 2761 284 2821; x_wconf 83' lang='lat' dir='ltr'><strong>stituerit</strong></span> <span class='ocrx_word' id='word_1_106' title='bbox 305 2773 392 2821; x_wconf 87' lang='lat' dir='ltr'><strong>extra</strong></span> <span class='ocrx_word' id='word_1_107' title='bbox 413 2761 497 2822; x_wconf 88' lang='lat' dir='ltr'><strong>illum</strong></span> <span class='ocrx_word' id='word_1_108' title='bbox 522 2780 717 2821; x_wconf 83' lang='lat' dir='ltr'><strong>communem</strong></span> <span class='ocrx_word' id='word_1_109' title='bbox 730 2759 922 2821; x_wconf 80' lang='lat' dir='ltr'><strong>Christianae</strong></span> <span class='ocrx_word' id='word_1_110' title='bbox 944 2760 1020 2824; x_wconf 84' lang='lat' dir='ltr'><strong>fidei</strong></span> <span class='ocrx_word' id='word_1_111' title='bbox 1035 2782 1077 2823; x_wconf 90' lang='lat' dir='ltr'><strong>or·</strong></span> 
     </span>
    </p>
   </div>
   <div class='ocr_carea' id='block_1_4' title="bbox 151 2842 1077 3422">
    <p class='ocr_par' dir='ltr' id='par_1_5' title="bbox 151 2842 1077 3422">
     <span class='ocr_line' id='line_1_17' title="bbox 154 2842 1076 2924; baseline 0.002 -21"><span class='ocrx_word' id='word_1_112' title='bbox 154 2842 277 2904; x_wconf 82' lang='lat' dir='ltr'><strong>dinem?</strong></span> <span class='ocrx_word' id='word_1_113' title='bbox 312 2844 383 2904; x_wconf 88' lang='lat' dir='ltr'><strong>item</strong></span> <span class='ocrx_word' id='word_1_114' title='bbox 409 2851 505 2904; x_wconf 88' lang='lat' dir='ltr'><strong>utrum</strong></span> <span class='ocrx_word' id='word_1_115' title='bbox 529 2843 688 2920; x_wconf 83' lang='lat' dir='ltr'><strong>Lutherus,</strong></span> <span class='ocrx_word' id='word_1_116' title='bbox 711 2863 749 2905; x_wconf 88' lang='lat' dir='ltr'><strong>nn</strong></span> <span class='ocrx_word' id='word_1_117' title='bbox 773 2844 857 2922; x_wconf 87' lang='lat' dir='ltr'><strong>Papa</strong></span> <span class='ocrx_word' id='word_1_118' title='bbox 874 2843 992 2924; x_wconf 86' lang='lat' dir='ltr'><strong>aliquid</strong></span> <span class='ocrx_word' id='word_1_119' title='bbox 1015 2865 1076 2905; x_wconf 83' lang='lat' dir='ltr'><strong>arn·</strong></span> 
     </span>
     <span class='ocr_line' id='line_1_18' title="bbox 153 2925 1076 3008; baseline 0.003 -22"><span class='ocrx_word' id='word_1_120' title='bbox 153 2926 232 3006; x_wconf 86' lang='lat' dir='ltr'><strong>plina</strong></span> <span class='ocrx_word' id='word_1_121' title='bbox 255 2945 347 3005; x_wconf 85' lang='lat' dir='ltr'><strong>quam</strong></span> <span class='ocrx_word' id='word_1_122' title='bbox 369 2928 467 2987; x_wconf 89' lang='lat' dir='ltr'><strong>solum</strong></span> <span class='ocrx_word' id='word_1_123' title='bbox 492 2927 616 2987; x_wconf 88' lang='lat' dir='ltr'><strong>verbum</strong></span> <span class='ocrx_word' id='word_1_124' title='bbox 638 2926 696 2987; x_wconf 90' lang='lat' dir='ltr'><strong>Dei</strong></span> <span class='ocrx_word' id='word_1_125' title='bbox 719 2925 851 2987; x_wconf 83' lang='lat' dir='ltr'><strong>doceat?</strong></span> <span class='ocrx_word' id='word_1_126' title='bbox 893 2927 941 2988; x_wconf 89' lang='lat' dir='ltr'><strong>lta</strong></span> <span class='ocrx_word' id='word_1_127' title='bbox 970 2928 1076 3008; x_wconf 87' lang='lat' dir='ltr'><strong>depre-</strong></span> 
     </span>
     <span class='ocr_line' id='line_1_19' title="bbox 152 3009 1076 3089; baseline 0.004 -21"><span class='ocrx_word' id='word_1_128' title='bbox 152 3009 320 3087; x_wconf 85' lang='lat' dir='ltr'><strong>hendetur,</strong></span> <span class='ocrx_word' id='word_1_129' title='bbox 349 3011 400 3089; x_wconf 88' lang='lat' dir='ltr'><strong>qui</strong></span> <span class='ocrx_word' id='word_1_130' title='bbox 421 3012 483 3071; x_wconf 87' lang='lat' dir='ltr'><strong>sint</strong></span> <span class='ocrx_word' id='word_1_131' title='bbox 502 3010 545 3070; x_wconf 88' lang='lat' dir='ltr'><strong>iili</strong></span> <span class='ocrx_word' id='word_1_132' title='bbox 569 3011 705 3089; x_wconf 86' lang='lat' dir='ltr'><strong>magistri</strong></span> <span class='ocrx_word' id='word_1_133' title='bbox 730 3009 894 3070; x_wconf 76' lang='lat' dir='ltr'><strong>mendaces</strong></span> <span class='ocrx_word' id='word_1_134' title='bbox 929 3031 949 3071; x_wconf 89' lang='lat' dir='ltr'><strong>a</strong></span> <span class='ocrx_word' id='word_1_135' title='bbox 970 3011 1002 3073; x_wconf 85' lang='lat' dir='ltr'><strong>S.</strong></span> <span class='ocrx_word' id='word_1_136' title='bbox 1027 3013 1076 3072; x_wconf 91' lang='lat' dir='ltr'><strong>Pe·</strong></span> 
     </span>
     <span class='ocr_line' id='line_1_20' title="bbox 153 3091 1077 3173; baseline 0.002 -22"><span class='ocrx_word' id='word_1_137' title='bbox 153 3101 200 3153; x_wconf 85' lang='lat' dir='ltr'><strong>tro</strong></span> <span class='ocrx_word' id='word_1_138' title='bbox 223 3093 272 3152; x_wconf 90' lang='lat' dir='ltr'><strong>hio</strong></span> <span class='ocrx_word' id='word_1_139' title='bbox 295 3094 443 3152; x_wconf 89' lang='lat' dir='ltr'><strong>nominati</strong></span> <span class='ocrx_word' id='word_1_140' title='bbox 476 3102 508 3153; x_wconf 88' lang='lat' dir='ltr'><strong>et</strong></span> <span class='ocrx_word' id='word_1_141' title='bbox 541 3112 631 3173; x_wconf 88' lang='lat' dir='ltr'><strong>qnam</strong></span> <span class='ocrx_word' id='word_1_142' title='bbox 657 3092 738 3152; x_wconf 78' lang='lat' dir='ltr'><strong>belle</strong></span> <span class='ocrx_word' id='word_1_143' title='bbox 760 3091 913 3154; x_wconf 81' lang='lat' dir='ltr'><strong>Adrianus</strong></span> <span class='ocrx_word' id='word_1_144' title='bbox 937 3094 1077 3156; x_wconf 85' lang='lat' dir='ltr'><strong>Pontifex</strong></span> 
     </span>
     <span class='ocr_line' id='line_1_21' title="bbox 151 3172 1076 3256; baseline 0.003 -22"><span class='ocrx_word' id='word_1_145' title='bbox 151 3174 278 3234; x_wconf 87' lang='lat' dir='ltr'><strong>ananii</strong></span> <span class='ocrx_word' id='word_1_146' title='bbox 302 3172 490 3256; x_wconf 74' lang='lat' dir='ltr'><strong>scripturam</strong></span> <span class='ocrx_word' id='word_1_147' title='bbox 507 3177 700 3256; x_wconf 88' lang='lat' dir='ltr'><strong>interpretari</strong></span> <span class='ocrx_word' id='word_1_148' title='bbox 718 3176 866 3252; x_wconf 85' lang='lat' dir='ltr'><strong>didicerit,</strong></span> <span class='ocrx_word' id='word_1_149' title='bbox 887 3177 962 3237; x_wconf 87' lang='lat' dir='ltr'><strong>item</strong></span> <span class='ocrx_word' id='word_1_150' title='bbox 979 3187 1076 3239; x_wconf 87' lang='lat' dir='ltr'><strong>utrum</strong></span> 
     </span>
     <span class='ocr_line' id='line_1_22' title="bbox 152 3257 1076 3339; baseline 0.003 -22"><span class='ocrx_word' id='word_1_151' title='bbox 152 3257 310 3335; x_wconf 87' lang='lat' dir='ltr'><strong>Lutherus‚</strong></span> <span class='ocrx_word' id='word_1_152' title='bbox 333 3278 371 3318; x_wconf 89' lang='lat' dir='ltr'><strong>an</strong></span> <span class='ocrx_word' id='word_1_153' title='bbox 396 3259 537 3338; x_wconf 83' lang='lat' dir='ltr'><strong>Papistae</strong></span> <span class='ocrx_word' id='word_1_154' title='bbox 558 3278 614 3339; x_wconf 93' lang='lat' dir='ltr'><strong>per</strong></span> <span class='ocrx_word' id='word_1_155' title='bbox 636 3260 794 3319; x_wconf 89' lang='lat' dir='ltr'><strong>avaritiam</strong></span> <span class='ocrx_word' id='word_1_156' title='bbox 811 3257 890 3318; x_wconf 84' lang='lat' dir='ltr'><strong>fietis</strong></span> <span class='ocrx_word' id='word_1_157' title='bbox 914 3261 1019 3322; x_wconf 87' lang='lat' dir='ltr'><strong>verbis</strong></span> <span class='ocrx_word' id='word_1_158' title='bbox 1042 3262 1076 3321; x_wconf 86' lang='lat' dir='ltr'><strong>de</strong></span> 
     </span>
     <span class='ocr_line' id='line_1_23' title="bbox 153 3339 1076 3422; baseline 0.008 -22"><span class='ocrx_word' id='word_1_159' title='bbox 153 3339 332 3400; x_wconf 83' lang='lat' dir='ltr'><strong>Christianis</strong></span> <span class='ocrx_word' id='word_1_160' title='bbox 356 3344 551 3422; x_wconf 82' lang='lat' dir='ltr'><strong>negotientur</strong></span> <span class='ocrx_word' id='word_1_161' title='bbox 574 3348 604 3401; x_wconf 91' lang='lat' dir='ltr'><strong>et</strong></span> <span class='ocrx_word' id='word_1_162' title='bbox 626 3360 750 3402; x_wconf 86' lang='lat' dir='ltr'><strong>earnem</strong></span> <span class='ocrx_word' id='word_1_163' title='bbox 770 3349 937 3421; x_wconf 88' lang='lat' dir='ltr'><strong>sequentes</strong></span> <span class='ocrx_word' id='word_1_164' title='bbox 960 3347 991 3406; x_wconf 96' lang='lat' dir='ltr'><strong>in</strong></span> <span class='ocrx_word' id='word_1_165' title='bbox 1008 3365 1076 3406; x_wconf 90' lang='lat' dir='ltr'><strong>oon·</strong></span> 
     </span>
    </p>
   </div>
   <div class='ocr_carea' id='block_1_5' title="bbox 154 3519 573 3528">
    <p class='ocr_par' dir='ltr' id='par_1_6' title="bbox 154 3519 573 3528">
     <span class='ocr_line' id='line_1_24' title="bbox 154 3519 573 3528; baseline 0.002 -1"><span class='ocrx_word' id='word_1_166' title='bbox 154 3519 217 3528; x_wconf 58' lang='lat'><strong>..—</strong></span> <span class='ocrx_word' id='word_1_167' title='bbox 223 3521 234 3526; x_wconf 87' lang='lat'><strong>-.</strong></span> <span class='ocrx_word' id='word_1_168' title='bbox 240 3521 437 3527; x_wconf 65' lang='lat'><em>.-.--...--...,-..</em></span> <span class='ocrx_word' id='word_1_169' title='bbox 444 3523 454 3527; x_wconf 84' lang='lat'><em>-</em></span> <span class='ocrx_word' id='word_1_170' title='bbox 461 3523 465 3527; x_wconf 87' lang='lat'><em>.</em></span> <span class='ocrx_word' id='word_1_171' title='bbox 482 3522 519 3527; x_wconf 80' lang='lat'><strong>.—</strong></span> <span class='ocrx_word' id='word_1_172' title='bbox 527 3523 573 3528; x_wconf 75' lang='lat'><strong>-.-</strong></span> 
     </span>
    </p>
   </div>
   <div class='ocr_carea' id='block_1_6' title="bbox 150 3609 1078 3753">
    <p class='ocr_par' dir='ltr' id='par_1_7' title="bbox 150 3609 1078 3753">
     <span class='ocr_line' id='line_1_25' title="bbox 223 3609 1078 3684; baseline 0.011 -23"><span class='ocrx_word' id='word_1_173' title='bbox 223 3609 380 3678; x_wconf 78' lang='lat' dir='ltr'><strong>⁸)Te1tus</strong></span> <span class='ocrx_word' id='word_1_174' title='bbox 407 3610 542 3677; x_wconf 87' lang='lat' dir='ltr'><strong>repetitus</strong></span> <span class='ocrx_word' id='word_1_175' title='bbox 570 3615 613 3664; x_wconf 88' lang='lat' dir='ltr'><strong>est</strong></span> <span class='ocrx_word' id='word_1_176' title='bbox 647 3625 682 3664; x_wconf 82' lang='lat' dir='ltr'><strong>ex</strong></span> <span class='ocrx_word' id='word_1_177' title='bbox 706 3609 751 3664; x_wconf 86' lang='lat' dir='ltr'><strong>ed.</strong></span> <span class='ocrx_word' id='word_1_178' title='bbox 773 3609 837 3664; x_wconf 82' lang='lat' dir='ltr'><strong>Jen.</strong></span> <span class='ocrx_word' id='word_1_179' title='bbox 859 3610 932 3684; x_wconf 84' lang='lat' dir='ltr'><strong>Opp.</strong></span> <span class='ocrx_word' id='word_1_180' title='bbox 953 3615 1036 3672; x_wconf 79' lang='lat' dir='ltr'><strong>Latia</strong></span> <span class='ocrx_word' id='word_1_181' title='bbox 1054 3630 1078 3670; x_wconf 75' lang='lat' dir='ltr'><strong>a</strong></span> 
     </span>
     <span class='ocr_line' id='line_1_26' title="bbox 150 3681 755 3753; baseline -0.002 -14"><span class='ocrx_word' id='word_1_182' title='bbox 150 3683 228 3745; x_wconf 84' lang='grc'><strong>1557.</strong></span> <span class='ocrx_word' id='word_1_183' title='bbox 276 3681 354 3738; x_wconf 86' lang='lat' dir='ltr'><strong>Tom.</strong></span> <span class='ocrx_word' id='word_1_184' title='bbox 366 3681 400 3751; x_wconf 91' lang='lat' dir='ltr'><strong>II,</strong></span> <span class='ocrx_word' id='word_1_185' title='bbox 419 3697 446 3753; x_wconf 79' lang='lat' dir='ltr'><strong>p.</strong></span> <span class='ocrx_word' id='word_1_186' title='bbox 458 3683 520 3740; x_wconf 83' lang='grc'><strong>571.</strong></span> <span class='ocrx_word' id='word_1_187' title='bbox 559 3682 606 3748; x_wconf 63' lang='lat' dir='ltr'><strong>”J</strong></span> <span class='ocrx_word' id='word_1_188' title='bbox 626 3681 717 3739; x_wconf 79' lang='lat' dir='ltr'><strong>2Pet</strong></span> <span class='ocrx_word' id='word_1_189' title='bbox 729 3683 755 3740; x_wconf 84' lang='lat'><strong>2.</strong></span> 
     </span>
    </p>
   </div>
   <div class='ocr_carea' id='block_1_7' title="bbox 0 0 1200 4170">
    <p class='ocr_par' dir='ltr' id='par_1_8' title="bbox 0 0 1200 4170">
     <span class='ocr_line' id='line_1_27' title="bbox 0 0 1200 4170; baseline 0 2"><span class='ocrx_word' id='word_1_190' title='bbox 0 0 1200 4170; x_wconf 95' lang='lat' dir='ltr'><strong> </strong></span> 
     </span>
    </p>
   </div>
  </div>
 </body>
</html>
