2392 4170
138 237 202 305 312
367 241 524 310 Responsio
543 238 575 295 D.
594 240 628 295 Ι.
649 240 676 296 1.
695 239 730 294 sd
746 238 847 298 librum

139 395 321 456 suffocatum
345 414 400 474 per
420 395 526 455 orbem
555 403 653 456 totum
683 397 841 458 conticuit
884 394 957 457 ldeo
976 394 1062 457 ab

139 480 277 541 Christus
305 478 380 538 nihil
407 486 491 538 tants
518 480 665 540 metantis
694 480 799 560 exegit
830 478 869 541 ab
899 478 1064 559 spostnfls,

139 582 230 659 quam
259 570 292 621 ut
320 562 575 642 evangelisarent.
628 561 679 623 Sin
706 582 726 623 a
747 562 874 623 Petro
865 583 898 623 rn
926 578 1063 642 person

138 647 274 707 omnium
297 652 455 724 pastorum
477 647 595 742 exegit,
617 655 651 705 ut
672 653 928 726 pasoeretoves,
948 645 1062 724 idest,

140 728 340 807 Evangelium
364 728 488 789 doceret
515 731 586 789 viva
607 747 695 790 voee.
739 728 830 805 Quod
859 727 985 788 verbum
1005 729 1065 790 (b-

139 812 275 872 tharinus
304 830 376 872 vere
398 812 633 872 Gathariualiter
660 814 788 892 exponit
808 830 870 872 non
898 810 938 871 de
956 810 1064 872 Evan-

139 895 238 975 gelio,
266 893 321 954 sed
351 894 390 954 de
411 903 565 974 potestate
592 894 770 957 dominante
791 896 858 955 sine
878 893 1064 974 Evangelio,

139 980 248 1038 iterum
271 977 427 1054 laeiens¹)
451 998 466 1036 e
488 978 618 1058 simplici
650 998 742 1038 sensu
765 977 927 1038 verborum
949 977 1064 1038 cun-ri

140 1061 348 1140 quotuplieem
373 1061 469 1120 visum
493 1063 521 1120 ei
546 1062 649 1138 fuerit,
677 1063 749 1140 quia
769 1059 887 1120 sciebat
910 1061 1064 1142 evangeli·
1090 1106 1096 1113 .

139 1144 228 1203 sandi
250 1143 504 1224 significationem
532 1146 630 1223 (quae
658 1145 725 1204 sola
752 1145 783 1203 iu
812 1160 853 1204 eo
874 1142 972 1204 verbo
995 1150 1061 1217 ast)

140 1245 201 1288 non
224 1246 318 1307 posse
338 1229 505 1287 convenire
532 1235 580 1288 tot
606 1226 987 1307 occupationibusmondi
1009 1245 1064 1307 op·

142 1329 251 1390 presso
274 1310 429 1384 Pontifioi,
461 1311 532 1370 ideo
553 1309 699 1388 fingenda
719 1310 775 1369 luit
796 1309 857 1370 alia
878 1309 1063 1389 siguilisstia

140 1392 178 1453 de
200 1393 348 1474 regimine
370 1393 556 1469 dominante,
577 1395 657 1453 siout
677 1395 706 1455 2.
721 1393 784 1455 Pet.
797 1394 826 1456 2.
848 1392 1012 1472 praedixit,
1032 1400 1065 1454 et

140 1475 218 1537 fletis
245 1474 385 1549 verbis²t
421 1478 452 1535 in
482 1478 610 1536 avaritia
639 1474 678 1536 da
705 1476 793 1536 vobis
815 1475 1063 1556 negotiabuntur.

141 1559 186 1619 De
207 1578 269 1639 qna
289 1579 323 1618 re
345 1578 427 1619 nune
448 1559 653 1639 supersedeo,
675 1558 799 1619 abunde
820 1559 897 1618 alias
919 1565 1062 1620 ιιιιοιιιιιι.

223 1641 455 1703 Contemnendo
488 1662 563 1722 ergo
601 1651 671 1701 sunt
698 1643 887 1722 papiatarum
921 1640 976 1701 illa
1008 1641 1061 1723 lig·

142 1732 262 1801 menta,
284 1724 366 1804 quod
390 1725 472 1784 aliud
498 1727 537 1785 sit
555 1724 829 1802 iurisdiesonis2),
855 1722 937 1785 aliud
957 1724 1065 1785 trater·

140 1827 199 1868 nae
220 1809 355 1868 paritatis
378 1807 521 1871 officium
564 1809 767 1888 Evangelium
798 1817 828 1868 et
857 1806 989 1867 eeclesia
1012 1827 1063 1867 ne·

140 1892 241 1951 seiont
264 1889 506 1968 iurisdictiones,
535 1910 615 1971 quae
643 1900 713 1951 sunt
734 1909 795 1950 non
826 1891 883 1949 nisi
903 1889 1062 1951 hominum

141 1975 320 2055 tyrannieae
350 1975 553 2033 inventiones.
607 1973 712 2034 Solam
744 1975 802 2033 soit
835 1973 995 2036 paritatem
1032 1980 1066 2032 et

142 2058 335 2132 servitutem,
368 2075 430 2114 uon
463 2063 647 2135 potestatem
681 2063 712 2115 et
744 2055 948 2136 tyrannidem.
992 2055 1064 2117 ldeo

141 2140 191 2216 qui
205 2138 405 2218 Evangelinrn
421 2139 523 2216 docet,
544 2140 594 2198 ille
607 2159 688 2219 papa
709 2147 765 2218 est,
788 2138 868 2199 Petri
884 2156 1065 2214 suooessor,

141 2223 191 2298 qui
221 2241 282 2281 non
314 2222 421 2297 dooet,
455 2221 544 2282 ludas
567 2231 627 2296 est,
662 2221 772 2283 christi
795 2221 937 2282 traditor.
981 2220 1063 2281 Nihil

140 2305 220 2363 enim
255 2302 336 2363 aliud
371 2307 552 2365 commentis
584 2304 801 2365 iurisdictionis
833 2305 896 2383 agit
927 2310 1065 2380 satanas,

140 2404 232 2466 quam
267 2395 299 2445 ut
331 2388 469 2467 tyrannis
499 2388 558 2447 illis
586 2388 797 2467 impunitatem
830 2385 996 2466 peoeandi,
1026 2397 1065 2448 et

140 2468 295 2529 licentiam
309 2471 564 2549 saturitatemque
576 2469 723 2551 praebeat
734 2468 949 2549 exstinguendi
965 2469 1064 2531 Evan-

139 2551 220 2632 gelii.
262 2552 324 2631 Ipsi
353 2553 434 2613 enim
466 2572 504 2612 ne
527 2555 664 2649 eogitant
692 2552 815 2631 quidem
838 2553 1062 2633 evangelisars,

139 2639 171 2695 st
192 2642 294 2695 tamen
317 2636 395 2695 alios
422 2655 484 2695 non
512 2637 614 2696 sinunt
636 2636 863 2731 evaugelissre,
893 2643 927 2695 ut
946 2637 1064 2716 optime

139 2716 276 2778 Christus
304 2718 341 2779 de
371 2720 416 2778 eis
446 2717 619 2792 dixerit*]:
664 2719 728 2780 Vos
750 2737 812 2780 nou
835 2720 999 2796 introistis,
1033 2727 1064 2780 et

138 2802 327 2862 introeuntes
341 2800 550 2881 prohibuistis,
571 2802 637 2861 Vae
658 2800 728 2860 illis

221 2883 283 2943 lsta
305 2886 408 2962 signa,
437 2884 614 2964 praesertim
636 2883 814 2965 Evangelii,
843 2883 973 2964 figurata
995 2902 1065 2945 esse

140 2965 280 3026 videntur
302 2966 375 3027 olim
398 2966 428 3026 in
450 2967 567 3048 templo
590 2965 779 3044 Salomonis,
801 2965 854 3027 ati
875 2966 937 3028 duo
960 2968 1064 3046 nepita

141 3049 288 3125 vestium,
311 3049 419 3128 quibus
441 3069 513 3109 area
536 3049 729 3129 portabatur,
752 3050 825 3110 loris
847 3049 1065 3130 prominebant

139 3140 210 3190 ante
233 3133 405 3208 oraculum,
427 3132 620 3211 significante
642 3135 765 3230 spiritu,
795 3151 857 3193 non
880 3133 939 3192 nisi
960 3133 1062 3194 vouali

140 3221 171 3272 et
192 3213 314 3291 publiea
340 3232 418 3275 voee
439 3214 601 3295 Evangelii
623 3217 709 3294 seiri,
739 3215 789 3275 ubi
816 3217 856 3276 sit
877 3214 1010 3276 eoolesia
1032 3222 1064 3276 et

141 3298 317 3375 mysterium
342 3299 426 3377 regni
450 3298 618 3359 coelorum.
662 3299 702 3360 Ut
724 3300 804 3358 enim
827 3300 957 3358 vectium
981 3298 1064 3378 oapi·

139 3377 219 3438 tibus
236 3379 318 3442 velut
338 3380 459 3440 indioiis
481 3400 555 3441 area
576 3383 667 3442 etiam
696 3380 908 3442 absoondita
898 3400 930 3441 ru
953 3388 1062 3442 saneto

193 3590 224 3658 1)
255 3589 286 3644 In
312 3591 355 3646 ad
386 3594 470 3664 orig:
487 3542 611 3647 lanient.
658 3593 689 3652 2}
717 3591 800 3647 Ibida
830 3591 939 3646 atlotis
962 3591 1063 3655 verbis.

139 3661 171 3728 3)
191 3662 224 3798 lp
242 3662 404 3791 entlptaprigh·
406 3665 451 3717 hie
467 3671 493 3718 et
504 3666 580 3719 alibi
599 3663 790 3730 iurisditionis,
810 3662 1001 3718 rurisdltronet
1011 3667 1062 3718 ste.

28 3788 167 3928 Q
193 3876 197 3883 .
