2392 4170
397 267 482 321 Ducis
503 269 643 323 Saxouiac
662 273 712 323 stc.
961 263 1025 336 245

93 421 228 500 rastial)
254 430 285 483 et
307 423 451 503 Princeps
474 429 580 484 noster
601 441 657 503 pro
680 442 735 482 sua
764 422 892 502 pietate,
923 420 1026 484 allicio

94 514 128 567 et
149 507 306 585 candore,
342 507 409 566 Deo
433 504 588 581 adiutore,
628 514 659 565 ut
692 513 752 567 tam
778 506 922 586 Princeps
945 506 1023 579 sacri

94 588 228 652 Romani
252 590 372 669 lmperii
395 589 519 651 Elector
542 589 834 667 christianissimus,
859 607 949 668 quam
974 587 1025 650 ob·

94 673 204 734 ediens
229 680 447 735 sacrosanctae
483 672 632 733 ecclcsiae
671 671 842 733 catholicae
865 670 946 732 filins
967 670 1027 737 hcc

94 757 199 817 facere
221 756 293 816 velit
316 763 345 816 et
368 757 397 816 in
421 763 588 835 posterum.
977 814 980 820 ,

180 839 274 900 Porro
297 838 408 901 auditis
431 838 577 900 Brevibus
601 837 766 899 Pontificiis
795 837 961 913 intellexit,
995 841 1025 899 in

94 942 193 984 causa
215 923 333 984 Martini
355 921 478 983 Lutheri
501 941 521 982 a
541 923 704 983 sanctitate
719 920 879 983 Pontificio
901 921 1025 983 iunctim

94 1013 128 1068 et
149 1013 199 1082 te,
232 1005 419 1148 Hieronpme
441 1005 614 1078 meander,
648 1011 679 1065 et
708 1005 876 1065 Iohannem
900 1004 1027 1065 Eccium

61 1153 73 1170 ‚
94 1090 227 1151 nuncios
250 1108 318 1149 sese
362 1095 447 1168 atos3
473 1087 582 1148 deinde
606 1088 731 1148 linaium
751 1087 840 1161 (dum
864 1087 1025 1168 ipsePrin-

94 1180 298 1255 cepsnoster
333 1191 352 1232 a
383 1172 446 1232 suis
468 1170 690 1250 Principatibus
722 1182 752 1231 et
775 1170 966 1253 Regionibus
994 1171 1025 1231 in

94 1256 299 1316 coronatione
322 1255 513 1317 seuerissimi
536 1253 648 1330 Caroli,
671 1252 760 1314 electi
782 1253 913 1314 Romani
930 1253 1026 1334 Impe-

94 1339 207 1402 ratoris
230 1339 361 1419 Augusti
382 1345 441 1402 etc.
465 1357 503 1399 eo
527 1358 545 1398 a
568 1337 722 1397 Caesarea
735 1337 895 1398 Maiestate
916 1355 1025 1399 evoca·

94 1430 145 1483 tus
168 1420 306 1498 abesset)
331 1431 474 1482 conatum
508 1421 555 1480 vel
590 1425 697 1481 contra
720 1419 826 1481 Bullac
848 1419 1027 1501 pontificiae

94 1513 309 1586 argumentum
333 1511 364 1566 et
386 1506 475 1577 vires,
499 1524 537 1564 ne
560 1503 632 1582 quid
655 1503 786 1583 amplius
808 1501 918 1579 dicam,
941 1523 1026 1584 prae.-

95 1597 143 1650 ter
165 1588 264 1668 ipsum
288 1587 449 1648 Lutherum
475 1588 670 1665 nominatim,
693 1605 754 1647 non
777 1585 880 1648 solum
900 1586 930 1646 in
953 1586 1026 1647 invi-

95 1671 191 1749 diam,
213 1669 266 1731 sed
290 1673 381 1731 etiam
398 1670 558 1731 discrimen
584 1669 748 1730 nonnullos
764 1668 841 1730 alios
863 1669 1026 1732 adducere.

95 1754 189 1831 Quod
213 1773 282 1815 aum
316 1753 387 1815 huic
425 1754 537 1814 actioni
573 1772 679 1833 parum
714 1754 752 1812 sit
775 1759 1026 1827 consentaneum,

96 1837 190 1898 facilc
212 1844 273 1897 tam
298 1838 416 1916 utrique
444 1846 577 1896 vestrum
610 1855 701 1915 quam
737 1834 859 1914 reliquis
892 1835 1026 1896 iudicatu

94 1921 204 1995 fuerit,
227 1920 287 1980 hoc
311 1921 413 1982 animo
435 1939 526 1999 quam
551 1927 638 2000 grato
663 1919 761 1998 accipi
783 1917 895 1978 debeat
916 1918 1027 1978 aPriu·

96 2005 168 2084 cipe
189 2002 261 2063 nihil
285 2003 346 2064 tale
370 2004 568 2064 commorenti
579 2000 623 2080 ²).
667 2002 745 2062 Nam
769 2001 897 2082 principi
920 2007 1027 2062 nostro

95 2086 302 2147 illustrissimo
325 2093 355 2146 et
376 2086 458 2147 fratri
481 2087 546 2146 eius
565 2103 723 2166 germano,
746 2085 939 2145 sanctitatem
953 2103 1027 2164 pon·

96 2167 223 2230 tificiam
247 2168 389 2249 exemplo
423 2170 572 2230 maiorum
615 2167 753 2229 officiose
781 2186 903 2247 semper
930 2171 962 2227 et
984 2186 1029 2227 re-

95 2252 208 2333 ligiose
236 2253 392 2330 severitis,
431 2250 502 2331 quid
526 2270 588 2312 non
611 2251 709 2332 magis
747 2249 932 2330 sperandum
954 2256 1027 2326 erat,

96 2353 190 2415 quam
214 2341 247 2394 ut
267 2334 439 2396 istiusmodi
462 2335 670 2414 postulatione
692 2332 847 2395 adirentur
858 2332 902 2412 ³).

180 2416 329 2478 rid—haec
351 2416 514 2479 obscurum
537 2424 584 2478 est
604 2414 736 2496 Principi
760 2421 877 2497 nostro,
900 2414 973 2496 quid
994 2434 1027 2476 se

97 2499 226 2561 absente
249 2520 267 2559 a
290 2498 467 2578 Martin04)
492 2508 523 2561 et
559 2519 681 2560 enarum
704 2498 875 2579 Regionum
909 2498 1025 2560 civibus

96 2590 127 2644 et
149 2581 348 2664 popularibus
371 2583 412 2664 ad
431 2582 604 2645 istiusmodi
626 2580 841 2663 incommodos
864 2589 1025 2663 etgraves

96 2673 228 2728 conatus
256 2674 359 2728 actum
384 2667 432 2730 sit.
476 2665 554 2726 Fieri
588 2667 668 2726 enirn
703 2665 819 2745 potuit,
854 2672 887 2723 ut
917 2665 1025 2743 iugens

96 2751 143 2818 via
165 2750 270 2831 populi
293 2748 453 2812 doctorum
486 2747 674 2823 mundium,
713 2765 869 2808 sacrorum
904 2750 935 2807 et
957 2765 1028 2826 pro·

96 2833 237 2894 fanorum
260 2851 330 2892 scae
353 2832 568 2893 coniunxerint
591 2840 621 2891 et
640 2831 836 2892 adhaeserint
857 2847 970 2890 causac
991 2837 1025 2895 ¹ct

95 2914 310 2996 Appellationi
331 2914 532 2977 Lutheranae.
575 2913 683 2995 Neque
704 2913 837 2996 Principi
867 2911 1023 2993 quippiam

97 3017 167 3059 cum
192 3017 286 3059 cauea
309 2997 429 3059 Lutheri
462 3016 595 3078 unquam
628 2999 682 3058 init
711 3015 890 3072 commune,
924 3003 956 3056 ut
988 3014 1027 3056 ne

96 3289 146 3339 fuit
176 3288 229 3350 ita;
266 3301 362 3339 eorum
393 3287 455 3340 loco
485 3287 554 3341 haec
584 3285 728 3355 inscriptio
753 3287 890 3354 Responsi
922 3285 961 3338 ibi
990 3287 1029 3336 in'

96 3360 219 3412 venitur:
248 3358 423 3425 Responsum
450 3359 580 3412 Friderici
608 3358 693 3411 Ducis
724 3358 864 3411 Saxoniae
883 3356 1028 3419 Electoris,

96 3429 190 3484 datum
211 3429 318 3481 Marino
340 3427 500 3483 caracciolo
519 3437 547 3485 et
565 3430 735 3497 Hieronymo
747 3427 900 3495 Aleaudrm
920 3429 1028 3498 Legatis

96 3503 176 3556 Rom.
198 3501 346 3554 Pontificio.
1033 3508 1035 3512 ’

169 3571 199 3640 l)
220 3570 251 3624 ln
272 3571 314 3624 ed.
335 3573 437 3640 princ:
467 3571 613 3627 reddentes
641 3578 901 3626 commemorantes.
939 3570 971 3638 2)
991 3569 1023 3623 Iu
1094 3634 1096 3639 Ι

95 3643 139 3700 ed.
157 3642 237 3698 dem:
268 3650 464 3696 commanente.
502 3645 532 3710 3)
556 3645 585 3696 In
615 3644 657 3696 ad.
686 3647 772 3712 princ.
800 3644 902 3696 desunt
933 3643 1028 3695 verba:

95 3732 177 3787 quam
199 3721 230 3768 ut
247 3714 403 3768 istiusmodi
425 3715 611 3783 postulatione
631 3713 788 3784 adirentur3
807 3730 858 3769 nos
878 3730 911 3768 ea
930 3715 1026 3781 repeti·

96 3790 186 3841 vimus
207 3803 244 3841 ex
264 3786 306 3839 ed.
326 3784 389 3842 qu.
427 3787 458 3846 dl
480 3786 510 3840 In
531 3787 573 3845 ed.
591 3785 668 3843 den:
686 3785 807 3855 Martiae
827 3786 956 3841 Lutharo.
