<?xml version="1.0" encoding="UTF-8"?>
<!DOCTYPE html PUBLIC "-//W3C//DTD XHTML 1.0 Transitional//EN"
    "http://www.w3.org/TR/xhtml1/DTD/xhtml1-transitional.dtd">
<html xmlns="http://www.w3.org/1999/xhtml" xml:lang="en" lang="en">
 <head>
  <title>
</title>
<meta http-equiv="Content-Type" content="text/html;charset=utf-8" />
  <meta name='ocr-system' content='tesseract 3.04.00' />
  <meta name='ocr-capabilities' content='ocr_page ocr_carea ocr_par ocr_line ocrx_word'/>
</head>
<body>
  <div class='ocr_page' id='page_1' title='image "./dmartinilutheri03luthgoog_0619.png"; bbox 0 0 2392 4170; ppageno 0'>
   <div class='ocr_carea' id='block_1_1' title="bbox 132 156 160 205">
    <p class='ocr_par' dir='ltr' id='par_1_1' title="bbox 132 156 160 205">
     <span class='ocr_line' id='line_1_1' title="bbox 132 156 160 205; baseline 0 -12"><span class='ocrx_word' id='word_1_1' title='bbox 132 156 160 205; x_wconf 64' lang='lat' dir='ltr'><strong>,re</strong></span> 
     </span>
    </p>
   </div>
   <div class='ocr_carea' id='block_1_2' title="bbox 139 224 833 331">
    <p class='ocr_par' dir='ltr' id='par_1_2' title="bbox 139 224 833 331">
     <span class='ocr_line' id='line_1_2' title="bbox 139 224 833 331; baseline 0.012 -33"><span class='ocrx_word' id='word_1_2' title='bbox 139 224 183 311; x_wconf 72' lang='lat' dir='ltr'><strong>tt</strong></span> <span class='ocrx_word' id='word_1_3' title='bbox 215 230 219 241; x_wconf 86' lang='grc'><strong>“</strong></span> <span class='ocrx_word' id='word_1_4' title='bbox 371 240 515 331; x_wconf 70' lang='lat' dir='ltr'><strong>Apologia</strong></span> <span class='ocrx_word' id='word_1_5' title='bbox 533 237 651 318; x_wconf 70' lang='lat' dir='ltr'><strong>Philippi</strong></span> <span class='ocrx_word' id='word_1_6' title='bbox 667 240 833 308; x_wconf 67' lang='lat' dir='ltr'><strong>uenarum.</strong></span> 
     </span>
    </p>
   </div>
   <div class='ocr_carea' id='block_1_3' title="bbox 135 411 1074 2418">
    <p class='ocr_par' dir='ltr' id='par_1_3' title="bbox 137 411 1062 1148">
     <span class='ocr_line' id='line_1_3' title="bbox 141 411 1061 501; baseline 0.008 -25"><span class='ocrx_word' id='word_1_7' title='bbox 141 412 181 477; x_wconf 76' lang='lat' dir='ltr'><strong>ut</strong></span> <span class='ocrx_word' id='word_1_8' title='bbox 203 413 372 495; x_wconf 84' lang='lat' dir='ltr'><strong>declarans,</strong></span> <span class='ocrx_word' id='word_1_9' title='bbox 385 415 424 480; x_wconf 93' lang='lat' dir='ltr'><strong>de</strong></span> <span class='ocrx_word' id='word_1_10' title='bbox 445 411 615 501; x_wconf 79' lang='lat' dir='ltr'><strong>quagratia</strong></span> <span class='ocrx_word' id='word_1_11' title='bbox 636 420 787 501; x_wconf 84' lang='lat' dir='ltr'><strong>loquatur,</strong></span> <span class='ocrx_word' id='word_1_12' title='bbox 809 421 888 483; x_wconf 86' lang='lat' dir='ltr'><strong>inter</strong></span> <span class='ocrx_word' id='word_1_13' title='bbox 905 419 1061 491; x_wconf 69' lang='lat' dir='ltr'><strong>aliatestb</strong></span> 
     </span>
     <span class='ocr_line' id='line_1_4' title="bbox 141 500 1060 585; baseline 0.005 -26"><span class='ocrx_word' id='word_1_14' title='bbox 141 500 245 560; x_wconf 88' lang='lat' dir='ltr'><strong>monia</strong></span> <span class='ocrx_word' id='word_1_15' title='bbox 267 500 328 563; x_wconf 89' lang='lat' dir='ltr'><strong>hoc</strong></span> <span class='ocrx_word' id='word_1_16' title='bbox 349 519 472 582; x_wconf 93' lang='lat' dir='ltr'><strong>quoque</strong></span> <span class='ocrx_word' id='word_1_17' title='bbox 493 503 643 585; x_wconf 88' lang='lat' dir='ltr'><strong>producit,</strong></span> <span class='ocrx_word' id='word_1_18' title='bbox 668 505 750 585; x_wconf 88' lang='lat' dir='ltr'><strong>quod</strong></span> <span class='ocrx_word' id='word_1_19' title='bbox 767 511 798 566; x_wconf 90' lang='lat' dir='ltr'><strong>et</strong></span> <span class='ocrx_word' id='word_1_20' title='bbox 818 507 849 566; x_wconf 90' lang='lat' dir='ltr'><strong>in</strong></span> <span class='ocrx_word' id='word_1_21' title='bbox 872 504 1004 585; x_wconf 88' lang='lat' dir='ltr'><strong>epistota</strong></span> <span class='ocrx_word' id='word_1_22' title='bbox 1020 500 1060 565; x_wconf 88' lang='lat' dir='ltr'><strong>ad</strong></span> 
     </span>
     <span class='ocr_line' id='line_1_5' title="bbox 139 581 1061 668; baseline 0.007 -26"><span class='ocrx_word' id='word_1_23' title='bbox 139 581 277 645; x_wconf 75' lang='lat' dir='ltr'><strong>Ebraeos</strong></span> <span class='ocrx_word' id='word_1_24' title='bbox 299 604 341 647; x_wconf 89' lang='lat' dir='ltr'><strong>ex</strong></span> <span class='ocrx_word' id='word_1_25' title='bbox 362 585 492 649; x_wconf 83' lang='lat' dir='ltr'>Ieremia</span> <span class='ocrx_word' id='word_1_26' title='bbox 519 589 643 648; x_wconf 88' lang='lat' dir='ltr'><strong>citatum</strong></span> <span class='ocrx_word' id='word_1_27' title='bbox 667 595 728 649; x_wconf 90' lang='lat' dir='ltr'><strong>est:</strong></span> <span class='ocrx_word' id='word_1_28' title='bbox 756 588 844 649; x_wconf 91' lang='lat' dir='ltr'><strong>Dabo</strong></span> <span class='ocrx_word' id='word_1_29' title='bbox 868 589 952 668; x_wconf 86' lang='lat' dir='ltr'><strong>leges</strong></span> <span class='ocrx_word' id='word_1_30' title='bbox 975 606 1061 648; x_wconf 85' lang='lat' dir='ltr'><strong>meas</strong></span> 
     </span>
     <span class='ocr_line' id='line_1_6' title="bbox 138 665 1059 748; baseline 0 -18"><span class='ocrx_word' id='word_1_31' title='bbox 138 665 168 730; x_wconf 90' lang='lat' dir='ltr'><strong>in</strong></span> <span class='ocrx_word' id='word_1_32' title='bbox 196 667 364 730; x_wconf 84' lang='lat' dir='ltr'><strong>visceribus</strong></span> <span class='ocrx_word' id='word_1_33' title='bbox 392 689 516 748; x_wconf 91' lang='lat' dir='ltr'><strong>eorum,</strong></span> <span class='ocrx_word' id='word_1_34' title='bbox 549 676 581 732; x_wconf 91' lang='lat' dir='ltr'><strong>et</strong></span> <span class='ocrx_word' id='word_1_35' title='bbox 613 673 643 730; x_wconf 92' lang='lat' dir='ltr'><strong>in</strong></span> <span class='ocrx_word' id='word_1_36' title='bbox 674 672 766 733; x_wconf 91' lang='lat' dir='ltr'><strong>corde</strong></span> <span class='ocrx_word' id='word_1_37' title='bbox 798 692 904 733; x_wconf 90' lang='lat' dir='ltr'><strong>eorum</strong></span> <span class='ocrx_word' id='word_1_38' title='bbox 928 671 1059 733; x_wconf 87' lang='lat' dir='ltr'><strong>scribam</strong></span> 
     </span>
     <span class='ocr_line' id='line_1_7' title="bbox 139 753 1062 836; baseline 0.001 -23"><span class='ocrx_word' id='word_1_39' title='bbox 139 770 218 828; x_wconf 88' lang='lat' dir='ltr'><strong>eam,</strong></span> <span class='ocrx_word' id='word_1_40' title='bbox 241 771 321 832; x_wconf 88' lang='lat' dir='ltr'><strong>quae</strong></span> <span class='ocrx_word' id='word_1_41' title='bbox 334 759 449 814; x_wconf 90' lang='lat' dir='ltr'><strong>tautum</strong></span> <span class='ocrx_word' id='word_1_42' title='bbox 468 753 566 834; x_wconf 84' lang='lat' dir='ltr'><strong>abest,</strong></span> <span class='ocrx_word' id='word_1_43' title='bbox 589 762 621 816; x_wconf 93' lang='lat' dir='ltr'><strong>ut</strong></span> <span class='ocrx_word' id='word_1_44' title='bbox 643 756 691 816; x_wconf 84' lang='lat' dir='ltr'><strong>vei</strong></span> <span class='ocrx_word' id='word_1_45' title='bbox 704 756 741 817; x_wconf 87' lang='lat' dir='ltr'><strong>ad</strong></span> <span class='ocrx_word' id='word_1_46' title='bbox 755 755 890 836; x_wconf 89' lang='lat' dir='ltr'><strong>speciale</strong></span> <span class='ocrx_word' id='word_1_47' title='bbox 911 754 1062 815; x_wconf 86' lang='lat' dir='ltr'><strong>auxilium</strong></span> 
     </span>
     <span class='ocr_line' id='line_1_8' title="bbox 139 832 1060 919; baseline 0.001 -22"><span class='ocrx_word' id='word_1_48' title='bbox 139 832 352 913; x_wconf 88' lang='lat' dir='ltr'><strong>Sorbonicum,</strong></span> <span class='ocrx_word' id='word_1_49' title='bbox 375 837 423 896; x_wconf 91' lang='lat' dir='ltr'><strong>vel</strong></span> <span class='ocrx_word' id='word_1_50' title='bbox 446 836 484 897; x_wconf 92' lang='lat' dir='ltr'><strong>ad</strong></span> <span class='ocrx_word' id='word_1_51' title='bbox 508 837 734 917; x_wconf 84' lang='lat' dir='ltr'><strong>donagratuita</strong></span> <span class='ocrx_word' id='word_1_52' title='bbox 756 838 928 919; x_wconf 82' lang='lat' dir='ltr'><strong>detorqueri</strong></span> <span class='ocrx_word' id='word_1_53' title='bbox 951 839 1060 919; x_wconf 77' lang='lat' dir='ltr'>possit,</span> 
     </span>
     <span class='ocr_line' id='line_1_9' title="bbox 139 919 1059 1003; baseline 0.001 -23"><span class='ocrx_word' id='word_1_54' title='bbox 139 926 172 980; x_wconf 91' lang='lat' dir='ltr'><strong>ut</strong></span> <span class='ocrx_word' id='word_1_55' title='bbox 193 919 321 1000; x_wconf 80' lang='lat' dir='ltr'><strong>gratiam</strong></span> <span class='ocrx_word' id='word_1_56' title='bbox 332 939 388 1000; x_wconf 91' lang='lat' dir='ltr'><strong>per</strong></span> <span class='ocrx_word' id='word_1_57' title='bbox 401 920 552 982; x_wconf 80' lang='lat' dir='ltr'>Christum</span> <span class='ocrx_word' id='word_1_58' title='bbox 576 920 732 1000; x_wconf 77' lang='lat' dir='ltr'><strong>donatam,</strong></span> <span class='ocrx_word' id='word_1_59' title='bbox 755 942 845 1003; x_wconf 84' lang='lat' dir='ltr'><strong>quem</strong></span> <span class='ocrx_word' id='word_1_60' title='bbox 860 941 916 982; x_wconf 87' lang='lat' dir='ltr'><strong>vos</strong></span> <span class='ocrx_word' id='word_1_61' title='bbox 939 928 1059 1002; x_wconf 86' lang='lat' dir='ltr'><strong>gratum</strong></span> 
     </span>
     <span class='ocr_line' id='line_1_10' title="bbox 137 1000 1061 1087; baseline 0.001 -23"><span class='ocrx_word' id='word_1_62' title='bbox 137 1000 303 1064; x_wconf 79' lang='lat' dir='ltr'><strong>facientem</strong></span> <span class='ocrx_word' id='word_1_63' title='bbox 326 1005 452 1084; x_wconf 86' lang='lat' dir='ltr'><strong>vocatis,</strong></span> <span class='ocrx_word' id='word_1_64' title='bbox 475 1005 527 1064; x_wconf 85' lang='lat' dir='ltr'><strong>vix</strong></span> <span class='ocrx_word' id='word_1_65' title='bbox 550 1005 814 1087; x_wconf 89' lang='lat' dir='ltr'><strong>aliusScripturae</strong></span> <span class='ocrx_word' id='word_1_66' title='bbox 832 1006 916 1066; x_wconf 87' lang='lat' dir='ltr'><strong>iocus</strong></span> <span class='ocrx_word' id='word_1_67' title='bbox 939 1024 1061 1066; x_wconf 89' lang='lat' dir='ltr'><strong>accom-</strong></span> 
     </span>
     <span class='ocr_line' id='line_1_11' title="bbox 139 1085 475 1148; baseline 0.009 -3"><span class='ocrx_word' id='word_1_68' title='bbox 139 1085 291 1147; x_wconf 89' lang='lat' dir='ltr'><strong>modatius</strong></span> <span class='ocrx_word' id='word_1_69' title='bbox 303 1086 475 1148; x_wconf 71' lang='lat' dir='ltr'>describat.</span> 
     </span>
    </p>

    <p class='ocr_par' dir='ltr' id='par_1_4' title="bbox 135 1169 1074 2418">
     <span class='ocr_line' id='line_1_12' title="bbox 219 1169 1060 1252; baseline 0.002 -22"><span class='ocrx_word' id='word_1_70' title='bbox 219 1169 298 1231; x_wconf 87' lang='lat' dir='ltr'><strong>Num</strong></span> <span class='ocrx_word' id='word_1_71' title='bbox 322 1169 422 1231; x_wconf 89' lang='lat' dir='ltr'><strong>adhuc</strong></span> <span class='ocrx_word' id='word_1_72' title='bbox 445 1170 608 1233; x_wconf 92' lang='lat' dir='ltr'><strong>obscurum</strong></span> <span class='ocrx_word' id='word_1_73' title='bbox 631 1181 697 1251; x_wconf 89' lang='lat' dir='ltr'><strong>est,</strong></span> <span class='ocrx_word' id='word_1_74' title='bbox 728 1180 759 1234; x_wconf 92' lang='lat' dir='ltr'><strong>et</strong></span> <span class='ocrx_word' id='word_1_75' title='bbox 780 1171 936 1252; x_wconf 91' lang='lat' dir='ltr'><strong>quomodo</strong></span> <span class='ocrx_word' id='word_1_76' title='bbox 960 1172 1060 1233; x_wconf 86' lang='lat' dir='ltr'><strong>citarit</strong></span> 
     </span>
     <span class='ocr_line' id='line_1_13' title="bbox 138 1252 1058 1336; baseline 0.002 -22"><span class='ocrx_word' id='word_1_77' title='bbox 138 1252 342 1334; x_wconf 82' lang='lat' dir='ltr'><strong>Augustinum</strong></span> <span class='ocrx_word' id='word_1_78' title='bbox 367 1274 405 1314; x_wconf 91' lang='lat' dir='ltr'><strong>ac</strong></span> <span class='ocrx_word' id='word_1_79' title='bbox 425 1255 620 1317; x_wconf 86' lang='lat' dir='ltr'><strong>Ambrosium</strong></span> <span class='ocrx_word' id='word_1_80' title='bbox 642 1257 811 1333; x_wconf 89' lang='lat' dir='ltr'><strong>Lutberus,</strong></span> <span class='ocrx_word' id='word_1_81' title='bbox 841 1263 872 1316; x_wconf 91' lang='lat' dir='ltr'><strong>et</strong></span> <span class='ocrx_word' id='word_1_82' title='bbox 894 1255 965 1336; x_wconf 91' lang='lat' dir='ltr'><strong>quid</strong></span> <span class='ocrx_word' id='word_1_83' title='bbox 987 1254 1058 1316; x_wconf 87' lang='lat' dir='ltr'><strong>Sor·</strong></span> 
     </span>
     <span class='ocr_line' id='line_1_14' title="bbox 138 1337 1059 1418; baseline 0 -20"><span class='ocrx_word' id='word_1_84' title='bbox 138 1337 220 1398; x_wconf 86' lang='lat' dir='ltr'><strong>bone</strong></span> <span class='ocrx_word' id='word_1_85' title='bbox 242 1341 356 1418; x_wconf 89' lang='lat' dir='ltr'><strong>sapiat,</strong></span> <span class='ocrx_word' id='word_1_86' title='bbox 386 1357 476 1418; x_wconf 87' lang='lat' dir='ltr'><strong>quam</strong></span> <span class='ocrx_word' id='word_1_87' title='bbox 499 1340 548 1401; x_wconf 90' lang='lat' dir='ltr'><strong>hic</strong></span> <span class='ocrx_word' id='word_1_88' title='bbox 574 1339 843 1400; x_wconf 75' lang='lat' dir='ltr'><strong>animadvertimus</strong></span> <span class='ocrx_word' id='word_1_89' title='bbox 870 1346 931 1399; x_wconf 93' lang='lat' dir='ltr'><strong>tam</strong></span> <span class='ocrx_word' id='word_1_90' title='bbox 955 1356 1059 1399; x_wconf 85' lang='lat' dir='ltr'><strong>crasse</strong></span> 
     </span>
     <span class='ocr_line' id='line_1_15' title="bbox 136 1421 1059 1503; baseline 0.001 -21"><span class='ocrx_word' id='word_1_91' title='bbox 136 1439 247 1498; x_wconf 87' lang='lat' dir='ltr'><strong>errare,</strong></span> <span class='ocrx_word' id='word_1_92' title='bbox 269 1429 301 1481; x_wconf 92' lang='lat' dir='ltr'><strong>ut</strong></span> <span class='ocrx_word' id='word_1_93' title='bbox 324 1440 363 1482; x_wconf 89' lang='lat' dir='ltr'><strong>ne</strong></span> <span class='ocrx_word' id='word_1_94' title='bbox 385 1424 517 1483; x_wconf 78' lang='lat' dir='ltr'><strong>crassius</strong></span> <span class='ocrx_word' id='word_1_95' title='bbox 540 1442 672 1503; x_wconf 89' lang='lat' dir='ltr'><strong>unquam</strong></span> <span class='ocrx_word' id='word_1_96' title='bbox 694 1423 902 1484; x_wconf 87' lang='lat' dir='ltr'><strong>Lovanienses</strong></span> <span class='ocrx_word' id='word_1_97' title='bbox 925 1429 978 1482; x_wconf 89' lang='lat' dir='ltr'><strong>aut</strong></span> <span class='ocrx_word' id='word_1_98' title='bbox 999 1421 1059 1483; x_wconf 85' lang='lat' dir='ltr'><strong>Go-</strong></span> 
     </span>
     <span class='ocr_line' id='line_1_16' title="bbox 136 1503 1057 1585; baseline 0.001 -22"><span class='ocrx_word' id='word_1_99' title='bbox 136 1503 292 1566; x_wconf 86' lang='lat' dir='ltr'><strong>lonienses</strong></span> <span class='ocrx_word' id='word_1_100' title='bbox 314 1506 497 1585; x_wconf 87' lang='lat' dir='ltr'><strong>ineptieriut.</strong></span> <span class='ocrx_word' id='word_1_101' title='bbox 535 1507 728 1568; x_wconf 88' lang='lat' dir='ltr'><strong>Oinfelicem</strong></span> <span class='ocrx_word' id='word_1_102' title='bbox 751 1505 894 1582; x_wconf 81' lang='lat' dir='ltr'><strong>Galliam,</strong></span> <span class='ocrx_word' id='word_1_103' title='bbox 918 1506 966 1565; x_wconf 91' lang='lat' dir='ltr'><strong>cui</strong></span> <span class='ocrx_word' id='word_1_104' title='bbox 980 1505 1057 1565; x_wconf 83' lang='lat' dir='ltr'><strong>tates</strong></span> 
     </span>
     <span class='ocr_line' id='line_1_17' title="bbox 136 1587 1074 1670; baseline -0.001 -22"><span class='ocrx_word' id='word_1_105' title='bbox 136 1590 293 1669; x_wconf 86' lang='lat' dir='ltr'><strong>contigere</strong></span> <span class='ocrx_word' id='word_1_106' title='bbox 315 1606 460 1650; x_wconf 75' lang='lat' dir='ltr'><strong>censores</strong></span> <span class='ocrx_word' id='word_1_107' title='bbox 483 1608 700 1670; x_wconf 87' lang='lat' dir='ltr'><strong>sacrarumque</strong></span> <span class='ocrx_word' id='word_1_108' title='bbox 721 1609 820 1651; x_wconf 91' lang='lat' dir='ltr'><strong>rerum</strong></span> <span class='ocrx_word' id='word_1_109' title='bbox 844 1589 964 1667; x_wconf 85' lang='lat' dir='ltr'><strong>arbitri,</strong></span> <span class='ocrx_word' id='word_1_110' title='bbox 993 1587 1074 1670; x_wconf 16' lang='lat' dir='ltr'><strong>dig-r</strong></span> 
     </span>
     <span class='ocr_line' id='line_1_18' title="bbox 137 1671 1057 1754; baseline 0.001 -23"><span class='ocrx_word' id='word_1_111' title='bbox 137 1671 1057 1754; x_wconf 85' lang='lat' dir='ltr'><strong>uioresquicloacasagnnt,quamquisacrasliteraetractent.</strong></span> 
     </span>
     <span class='ocr_line' id='line_1_19' title="bbox 151 1755 1056 1836; baseline 0 -22"><span class='ocrx_word' id='word_1_112' title='bbox 151 1776 172 1814; x_wconf 59' lang='grc' dir='ltr'>ἡ</span> <span class='ocrx_word' id='word_1_113' title='bbox 219 1755 267 1814; x_wconf 77' lang='lat' dir='ltr'><strong>lox</strong></span> <span class='ocrx_word' id='word_1_114' title='bbox 278 1755 338 1816; x_wconf 87' lang='lat' dir='ltr'><strong>hac</strong></span> <span class='ocrx_word' id='word_1_115' title='bbox 352 1758 504 1817; x_wconf 89' lang='lat' dir='ltr'><strong>sententia</strong></span> <span class='ocrx_word' id='word_1_116' title='bbox 521 1756 662 1818; x_wconf 91' lang='lat' dir='ltr'><strong>delibero</strong></span> <span class='ocrx_word' id='word_1_117' title='bbox 676 1757 800 1818; x_wconf 87' lang='lat' dir='ltr'><strong>arbitrio</strong></span> <span class='ocrx_word' id='word_1_118' title='bbox 815 1764 1056 1836; x_wconf 89' lang='lat' dir='ltr'><strong>consequuntur,</strong></span> 
     </span>
     <span class='ocr_line' id='line_1_20' title="bbox 137 1838 1057 1919; baseline -0.001 -20"><span class='ocrx_word' id='word_1_119' title='bbox 137 1857 215 1919; x_wconf 88' lang='lat' dir='ltr'><strong>quae</strong></span> <span class='ocrx_word' id='word_1_120' title='bbox 236 1839 274 1899; x_wconf 88' lang='lat' dir='ltr'><strong>de</strong></span> <span class='ocrx_word' id='word_1_121' title='bbox 292 1840 475 1900; x_wconf 80' lang='lat' dir='ltr'><strong>contritione</strong></span> <span class='ocrx_word' id='word_1_122' title='bbox 497 1841 638 1919; x_wconf 84' lang='lat' dir='ltr'><strong>adeoque</strong></span> <span class='ocrx_word' id='word_1_123' title='bbox 653 1838 684 1900; x_wconf 88' lang='lat' dir='ltr'><strong>in</strong></span> <span class='ocrx_word' id='word_1_124' title='bbox 700 1842 874 1900; x_wconf 88' lang='lat' dir='ltr'><strong>universum</strong></span> <span class='ocrx_word' id='word_1_125' title='bbox 891 1838 930 1900; x_wconf 90' lang='lat' dir='ltr'><strong>de</strong></span> <span class='ocrx_word' id='word_1_126' title='bbox 952 1839 1057 1918; x_wconf 87' lang='lat' dir='ltr'><strong>poeui-</strong></span> 
     </span>
     <span class='ocr_line' id='line_1_21' title="bbox 136 1922 1056 2003; baseline -0.001 -20"><span class='ocrx_word' id='word_1_127' title='bbox 136 1922 232 1984; x_wconf 83' lang='lat' dir='ltr'><strong>tentia</strong></span> <span class='ocrx_word' id='word_1_128' title='bbox 254 1923 376 2003; x_wconf 85' lang='lat' dir='ltr'><strong>scripsit</strong></span> <span class='ocrx_word' id='word_1_129' title='bbox 396 1923 552 1986; x_wconf 89' lang='lat' dir='ltr'><strong>Lutherus.</strong></span> <span class='ocrx_word' id='word_1_130' title='bbox 589 1924 627 1983; x_wconf 82' lang='lat' dir='ltr'><strong>Et</strong></span> <span class='ocrx_word' id='word_1_131' title='bbox 649 1943 667 1984; x_wconf 88' lang='lat' dir='ltr'><strong>o</strong></span> <span class='ocrx_word' id='word_1_132' title='bbox 691 1925 818 1984; x_wconf 90' lang='lat' dir='ltr'><strong>miseros</strong></span> <span class='ocrx_word' id='word_1_133' title='bbox 841 1941 908 2000; x_wconf 91' lang='lat' dir='ltr'><strong>nos,</strong></span> <span class='ocrx_word' id='word_1_134' title='bbox 931 1922 1056 2001; x_wconf 86' lang='lat' dir='ltr'><strong>quiiam</strong></span> 
     </span>
     <span class='ocr_line' id='line_1_22' title="bbox 136 2004 1056 2086; baseline -0.002 -20"><span class='ocrx_word' id='word_1_135' title='bbox 136 2025 156 2066; x_wconf 87' lang='lat' dir='ltr'><strong>a</strong></span> <span class='ocrx_word' id='word_1_136' title='bbox 183 2004 413 2086; x_wconf 83' lang='lat' dir='ltr'><strong>quadringentis</strong></span> <span class='ocrx_word' id='word_1_137' title='bbox 440 2006 505 2066; x_wconf 88' lang='lat' dir='ltr'><strong>fere</strong></span> <span class='ocrx_word' id='word_1_138' title='bbox 532 2008 620 2066; x_wconf 85' lang='lat' dir='ltr'><strong>annis</strong></span> <span class='ocrx_word' id='word_1_139' title='bbox 650 2009 802 2067; x_wconf 87' lang='lat' dir='ltr'><strong>neminem</strong></span> <span class='ocrx_word' id='word_1_140' title='bbox 837 2005 998 2066; x_wconf 89' lang='lat' dir='ltr'><strong>habuimus</strong></span> <span class='ocrx_word' id='word_1_141' title='bbox 1025 2005 1056 2064; x_wconf 90' lang='lat' dir='ltr'><strong>iu</strong></span> 
     </span>
     <span class='ocr_line' id='line_1_23' title="bbox 136 2088 1056 2170; baseline -0.001 -21"><span class='ocrx_word' id='word_1_142' title='bbox 136 2088 267 2149; x_wconf 89' lang='lat' dir='ltr'><strong>ccclesia</strong></span> <span class='ocrx_word' id='word_1_143' title='bbox 290 2089 481 2169; x_wconf 89' lang='lat' dir='ltr'><strong>scriptorem,</strong></span> <span class='ocrx_word' id='word_1_144' title='bbox 504 2092 554 2168; x_wconf 94' lang='lat' dir='ltr'><strong>qui</strong></span> <span class='ocrx_word' id='word_1_145' title='bbox 576 2097 691 2151; x_wconf 87' lang='lat' dir='ltr'><strong>rectam</strong></span> <span class='ocrx_word' id='word_1_146' title='bbox 715 2109 752 2150; x_wconf 91' lang='lat' dir='ltr'><strong>ac</strong></span> <span class='ocrx_word' id='word_1_147' title='bbox 774 2090 927 2170; x_wconf 89' lang='lat' dir='ltr'><strong>propriam</strong></span> <span class='ocrx_word' id='word_1_148' title='bbox 951 2088 1056 2170; x_wconf 77' lang='lat' dir='ltr'><strong>poeni</strong></span> 
     </span>
     <span class='ocr_line' id='line_1_24' title="bbox 136 2171 1056 2253; baseline 0 -22"><span class='ocrx_word' id='word_1_149' title='bbox 136 2173 250 2231; x_wconf 87' lang='lat' dir='ltr'><strong>tentiae</strong></span> <span class='ocrx_word' id='word_1_150' title='bbox 281 2171 410 2232; x_wconf 82' lang='lat' dir='ltr'><strong>formam</strong></span> <span class='ocrx_word' id='word_1_151' title='bbox 439 2173 634 2252; x_wconf 89' lang='lat' dir='ltr'><strong>prodidisset.</strong></span> <span class='ocrx_word' id='word_1_152' title='bbox 691 2172 872 2253; x_wconf 90' lang='lat' dir='ltr'><strong>Impositum</strong></span> <span class='ocrx_word' id='word_1_153' title='bbox 914 2179 961 2232; x_wconf 90' lang='lat' dir='ltr'><strong>est</strong></span> <span class='ocrx_word' id='word_1_154' title='bbox 988 2172 1056 2231; x_wconf 85' lang='lat' dir='ltr'><strong>aliis</strong></span> 
     </span>
     <span class='ocr_line' id='line_1_25' title="bbox 135 2253 1058 2338; baseline -0.001 -24"><span class='ocrx_word' id='word_1_155' title='bbox 135 2274 190 2335; x_wconf 88' lang='lat' dir='ltr'><strong>per</strong></span> <span class='ocrx_word' id='word_1_156' title='bbox 211 2253 334 2314; x_wconf 86' lang='lat' dir='ltr'><strong>fictitias</strong></span> <span class='ocrx_word' id='word_1_157' title='bbox 358 2257 573 2338; x_wconf 78' lang='lat' dir='ltr'><strong>contritiones,</strong></span> <span class='ocrx_word' id='word_1_158' title='bbox 598 2256 725 2317; x_wconf 89' lang='lat' dir='ltr'><strong>aliorum</strong></span> <span class='ocrx_word' id='word_1_159' title='bbox 756 2256 964 2316; x_wconf 89' lang='lat' dir='ltr'><strong>conscientiae</strong></span> <span class='ocrx_word' id='word_1_160' title='bbox 986 2260 1058 2314; x_wconf 93' lang='lat' dir='ltr'><strong>suut</strong></span> 
     </span>
     <span class='ocr_line' id='line_1_26' title="bbox 135 2337 1055 2418; baseline -0.002 -20"><span class='ocrx_word' id='word_1_161' title='bbox 135 2337 371 2398; x_wconf 76' lang='lat' dir='ltr'><strong>excarnificante</strong></span> <span class='ocrx_word' id='word_1_162' title='bbox 392 2357 448 2418; x_wconf 88' lang='lat' dir='ltr'><strong>per</strong></span> <span class='ocrx_word' id='word_1_163' title='bbox 469 2340 703 2400; x_wconf 85' lang='lat' dir='ltr'><strong>satisfactiones.</strong></span> <span class='ocrx_word' id='word_1_164' title='bbox 743 2339 831 2399; x_wconf 89' lang='lat' dir='ltr'><strong>Nunc</strong></span> <span class='ocrx_word' id='word_1_165' title='bbox 854 2339 975 2398; x_wconf 91' lang='lat' dir='ltr'><strong>tandem</strong></span> <span class='ocrx_word' id='word_1_166' title='bbox 999 2337 1055 2397; x_wconf 90' lang='lat' dir='ltr'><strong>Dei</strong></span> 
     </span>
    </p>
   </div>
   <div class='ocr_carea' id='block_1_4' title="bbox 25 2419 1054 2503">
    <p class='ocr_par' dir='ltr' id='par_1_5' title="bbox 25 2419 1054 2503">
     <span class='ocr_line' id='line_1_27' title="bbox 25 2419 1054 2503; baseline 0.001 -23"><span class='ocrx_word' id='word_1_167' title='bbox 25 2436 28 2440; x_wconf 74' lang='grc'><strong><em>’</em></strong></span> <span class='ocrx_word' id='word_1_168' title='bbox 135 2419 345 2481; x_wconf 85' lang='lat' dir='ltr'><strong>misericordia</strong></span> <span class='ocrx_word' id='word_1_169' title='bbox 367 2423 501 2501; x_wconf 88' lang='lat' dir='ltr'><strong>respexit</strong></span> <span class='ocrx_word' id='word_1_170' title='bbox 523 2441 597 2501; x_wconf 84' lang='lat' dir='ltr'><strong>nos,</strong></span> <span class='ocrx_word' id='word_1_171' title='bbox 620 2423 829 2503; x_wconf 86' lang='lat' dir='ltr'><strong>revelavitque</strong></span> <span class='ocrx_word' id='word_1_172' title='bbox 854 2421 1054 2499; x_wconf 75' lang='lat' dir='ltr'><strong>Evangelium</strong></span> 
     </span>
    </p>
   </div>
   <div class='ocr_carea' id='block_1_5' title="bbox 131 2503 1108 3833">
    <p class='ocr_par' dir='ltr' id='par_1_6' title="bbox 133 2503 1056 2899">
     <span class='ocr_line' id='line_1_28' title="bbox 135 2503 1056 2583; baseline -0.001 -19"><span class='ocrx_word' id='word_1_173' title='bbox 135 2503 251 2583; x_wconf 88' lang='lat' dir='ltr'><strong>populo</strong></span> <span class='ocrx_word' id='word_1_174' title='bbox 274 2522 340 2581; x_wconf 92' lang='lat' dir='ltr'><strong>suo,</strong></span> <span class='ocrx_word' id='word_1_175' title='bbox 364 2512 394 2562; x_wconf 85' lang='lat' dir='ltr'><strong>et</strong></span> <span class='ocrx_word' id='word_1_176' title='bbox 415 2506 513 2566; x_wconf 89' lang='lat' dir='ltr'><strong>erexit</strong></span> <span class='ocrx_word' id='word_1_177' title='bbox 535 2507 740 2565; x_wconf 88' lang='lat' dir='ltr'><strong>conscientias</strong></span> <span class='ocrx_word' id='word_1_178' title='bbox 762 2524 879 2580; x_wconf 89' lang='lat' dir='ltr'><strong>eorum,</strong></span> <span class='ocrx_word' id='word_1_179' title='bbox 903 2523 980 2582; x_wconf 81' lang='lat' dir='ltr'><strong>quos</strong></span> <span class='ocrx_word' id='word_1_180' title='bbox 1003 2523 1056 2564; x_wconf 86' lang='lat' dir='ltr'><strong>vo·</strong></span> 
     </span>
     <span class='ocr_line' id='line_1_29' title="bbox 136 2586 1055 2667; baseline -0.003 -20"><span class='ocrx_word' id='word_1_181' title='bbox 136 2588 226 2648; x_wconf 88' lang='lat' dir='ltr'><strong>cavit.</strong></span> <span class='ocrx_word' id='word_1_182' title='bbox 250 2586 281 2647; x_wconf 89' lang='lat' dir='ltr'><strong>Si</strong></span> <span class='ocrx_word' id='word_1_183' title='bbox 305 2589 435 2667; x_wconf 85' lang='lat' dir='ltr'><strong>quaeris,</strong></span> <span class='ocrx_word' id='word_1_184' title='bbox 459 2588 529 2666; x_wconf 89' lang='lat' dir='ltr'><strong>quid</strong></span> <span class='ocrx_word' id='word_1_185' title='bbox 549 2590 713 2649; x_wconf 89' lang='lat' dir='ltr'><strong>contulerit</strong></span> <span class='ocrx_word' id='word_1_186' title='bbox 725 2589 875 2648; x_wconf 87' lang='lat' dir='ltr'><strong>ecclesiae</strong></span> <span class='ocrx_word' id='word_1_187' title='bbox 896 2587 1055 2662; x_wconf 85' lang='lat' dir='ltr'><strong>Lutberue,</strong></span> 
     </span>
     <span class='ocr_line' id='line_1_30' title="bbox 135 2668 1054 2751; baseline -0.002 -20"><span class='ocrx_word' id='word_1_188' title='bbox 135 2668 231 2731; x_wconf 86' lang='lat' dir='ltr'><strong>habes</strong></span> <span class='ocrx_word' id='word_1_189' title='bbox 254 2671 302 2730; x_wconf 92' lang='lat' dir='ltr'><strong>bic</strong></span> <span class='ocrx_word' id='word_1_190' title='bbox 316 2690 464 2732; x_wconf 90' lang='lat' dir='ltr'><strong>summam</strong></span> <span class='ocrx_word' id='word_1_191' title='bbox 488 2673 542 2748; x_wconf 86' lang='lat' dir='ltr'><strong>rei,</strong></span> <span class='ocrx_word' id='word_1_192' title='bbox 561 2691 662 2731; x_wconf 88' lang='lat' dir='ltr'><strong>veram</strong></span> <span class='ocrx_word' id='word_1_193' title='bbox 678 2672 888 2751; x_wconf 90' lang='lat' dir='ltr'><strong>poenitentiae</strong></span> <span class='ocrx_word' id='word_1_194' title='bbox 904 2672 1054 2731; x_wconf 89' lang='lat' dir='ltr'><strong>rationem</strong></span> 
     </span>
     <span class='ocr_line' id='line_1_31' title="bbox 134 2753 1055 2832; baseline -0.001 -19"><span class='ocrx_word' id='word_1_195' title='bbox 134 2753 254 2832; x_wconf 91' lang='lat' dir='ltr'><strong>docuit,</strong></span> <span class='ocrx_word' id='word_1_196' title='bbox 277 2773 364 2813; x_wconf 91' lang='lat' dir='ltr'><strong>usum</strong></span> <span class='ocrx_word' id='word_1_197' title='bbox 387 2755 458 2815; x_wconf 89' lang='lat' dir='ltr'><strong>item</strong></span> <span class='ocrx_word' id='word_1_198' title='bbox 482 2763 743 2816; x_wconf 88' lang='lat' dir='ltr'><strong>sacramentorum</strong></span> <span class='ocrx_word' id='word_1_199' title='bbox 771 2753 920 2829; x_wconf 80' lang='lat' dir='ltr'><strong>ostendit,</strong></span> <span class='ocrx_word' id='word_1_200' title='bbox 942 2771 1003 2831; x_wconf 89' lang='lat' dir='ltr'><strong>qua</strong></span> <span class='ocrx_word' id='word_1_201' title='bbox 1024 2754 1055 2812; x_wconf 91' lang='lat' dir='ltr'><strong>in</strong></span> 
     </span>
     <span class='ocr_line' id='line_1_32' title="bbox 133 2837 829 2899; baseline 0.003 -3"><span class='ocrx_word' id='word_1_202' title='bbox 133 2856 167 2897; x_wconf 89' lang='lat' dir='ltr'><strong>re</strong></span> <span class='ocrx_word' id='word_1_203' title='bbox 187 2843 282 2898; x_wconf 86' lang='lat' dir='ltr'><strong>testes</strong></span> <span class='ocrx_word' id='word_1_204' title='bbox 305 2837 468 2898; x_wconf 90' lang='lat' dir='ltr'><strong>multorum</strong></span> <span class='ocrx_word' id='word_1_205' title='bbox 492 2840 696 2899; x_wconf 85' lang='lat' dir='ltr'><strong>conscientias</strong></span> <span class='ocrx_word' id='word_1_206' title='bbox 719 2838 829 2898; x_wconf 93' lang='lat' dir='ltr'><strong>habeo.</strong></span> 
     </span>
    </p>

    <p class='ocr_par' dir='ltr' id='par_1_7' title="bbox 131 2919 1108 3833">
     <span class='ocr_line' id='line_1_33' title="bbox 216 2919 1055 3001; baseline -0.004 -21"><span class='ocrx_word' id='word_1_207' title='bbox 216 2919 285 2980; x_wconf 86' lang='lat' dir='ltr'><strong>Non</strong></span> <span class='ocrx_word' id='word_1_208' title='bbox 308 2921 380 2980; x_wconf 87' lang='lat' dir='ltr'><strong>volo</strong></span> <span class='ocrx_word' id='word_1_209' title='bbox 404 2930 504 2981; x_wconf 86' lang='lat' dir='ltr'><strong>autem</strong></span> <span class='ocrx_word' id='word_1_210' title='bbox 528 2922 577 2981; x_wconf 90' lang='lat' dir='ltr'><strong>hio</strong></span> <span class='ocrx_word' id='word_1_211' title='bbox 600 2921 637 2981; x_wconf 91' lang='lat' dir='ltr'><strong>de</strong></span> <span class='ocrx_word' id='word_1_212' title='bbox 653 2922 864 3001; x_wconf 89' lang='lat' dir='ltr'><strong>poenitentiae</strong></span> <span class='ocrx_word' id='word_1_213' title='bbox 885 2920 991 2980; x_wconf 86' lang='lat' dir='ltr'><strong>formis</strong></span> <span class='ocrx_word' id='word_1_214' title='bbox 1004 2924 1055 2978; x_wconf 90' lang='lat' dir='ltr'><strong>aut</strong></span> 
     </span>
     <span class='ocr_line' id='line_1_34' title="bbox 133 3002 1057 3084; baseline -0.001 -22"><span class='ocrx_word' id='word_1_215' title='bbox 133 3004 334 3064; x_wconf 81' lang='lat' dir='ltr'><strong>sacramentis</strong></span> <span class='ocrx_word' id='word_1_216' title='bbox 357 3002 521 3083; x_wconf 86' lang='lat' dir='ltr'><strong>disputare,</strong></span> <span class='ocrx_word' id='word_1_217' title='bbox 535 3003 657 3084; x_wconf 89' lang='lat' dir='ltr'><strong>qnando</strong></span> <span class='ocrx_word' id='word_1_218' title='bbox 675 3004 773 3065; x_wconf 81' lang='lat' dir='ltr'><strong>Sorba</strong></span> <span class='ocrx_word' id='word_1_219' title='bbox 794 3006 852 3064; x_wconf 90' lang='lat' dir='ltr'><strong>ista</strong></span> <span class='ocrx_word' id='word_1_220' title='bbox 875 3003 1057 3062; x_wconf 87' lang='lat' dir='ltr'><strong>damnarunt</strong></span> 
     </span>
     <span class='ocr_line' id='line_1_35' title="bbox 133 3085 1055 3169; baseline -0.004 -23"><span class='ocrx_word' id='word_1_221' title='bbox 133 3091 250 3147; x_wconf 87' lang='lat' dir='ltr'><strong>tantum</strong></span> <span class='ocrx_word' id='word_1_222' title='bbox 271 3086 448 3169; x_wconf 87' lang='lat' dir='ltr'><strong>Lutherum,</strong></span> <span class='ocrx_word' id='word_1_223' title='bbox 477 3107 538 3148; x_wconf 91' lang='lat' dir='ltr'><strong>non</strong></span> <span class='ocrx_word' id='word_1_224' title='bbox 567 3089 657 3148; x_wconf 90' lang='lat' dir='ltr'><strong>etiam</strong></span> <span class='ocrx_word' id='word_1_225' title='bbox 690 3090 827 3148; x_wconf 86' lang='lat' dir='ltr'><strong>vicerunt</strong></span> <span class='ocrx_word' id='word_1_226' title='bbox 857 3088 976 3146; x_wconf 91' lang='lat' dir='ltr'><strong>ratione</strong></span> <span class='ocrx_word' id='word_1_227' title='bbox 1007 3085 1055 3144; x_wconf 87' lang='lat' dir='ltr'><strong>vel</strong></span> 
     </span>
     <span class='ocr_line' id='line_1_36' title="bbox 134 3167 1056 3251; baseline -0.004 -20"><span class='ocrx_word' id='word_1_228' title='bbox 134 3167 300 3250; x_wconf 83' lang='lat' dir='ltr'><strong>Scriptura.</strong></span> <span class='ocrx_word' id='word_1_229' title='bbox 353 3169 481 3251; x_wconf 83' lang='lat' dir='ltr'><strong>Statque</strong></span> <span class='ocrx_word' id='word_1_230' title='bbox 519 3173 630 3231; x_wconf 86' lang='lat' dir='ltr'><strong>veritas</strong></span> <span class='ocrx_word' id='word_1_231' title='bbox 664 3170 856 3231; x_wconf 88' lang='lat' dir='ltr'><strong>Lutheranae</strong></span> <span class='ocrx_word' id='word_1_232' title='bbox 896 3168 1056 3229; x_wconf 91' lang='lat' dir='ltr'><strong>doctrinae</strong></span> 
     </span>
     <span class='ocr_line' id='line_1_37' title="bbox 133 3250 1108 3324; baseline 0.001 -14"><span class='ocrx_word' id='word_1_233' title='bbox 133 3252 318 3314; x_wconf 84' lang='lat' dir='ltr'><strong>inconcusse</strong></span> <span class='ocrx_word' id='word_1_234' title='bbox 340 3260 371 3314; x_wconf 90' lang='lat' dir='ltr'><strong>et</strong></span> <span class='ocrx_word' id='word_1_235' title='bbox 392 3254 556 3314; x_wconf 89' lang='lat' dir='ltr'><strong>immobilis</strong></span> <span class='ocrx_word' id='word_1_236' title='bbox 580 3273 640 3315; x_wconf 91' lang='lat' dir='ltr'><strong>non</strong></span> <span class='ocrx_word' id='word_1_237' title='bbox 671 3256 763 3315; x_wconf 93' lang='lat' dir='ltr'><strong>modo</strong></span> <span class='ocrx_word' id='word_1_238' title='bbox 787 3253 934 3313; x_wconf 86' lang='lat' dir='ltr'><strong>adversus</strong></span> <span class='ocrx_word' id='word_1_239' title='bbox 958 3250 1056 3312; x_wconf 87' lang='lat' dir='ltr'><strong>Sorba</strong></span> <span class='ocrx_word' id='word_1_240' title='bbox 1103 3316 1108 3324; x_wconf 65' lang='grc'>,</span> 
     </span>
     <span class='ocr_line' id='line_1_38' title="bbox 132 3334 1055 3415; baseline -0.002 -20"><span class='ocrx_word' id='word_1_241' title='bbox 132 3335 200 3415; x_wconf 85' lang='lat' dir='ltr'><strong>ista,</strong></span> <span class='ocrx_word' id='word_1_242' title='bbox 225 3335 278 3397; x_wconf 88' lang='lat' dir='ltr'><strong>sed</strong></span> <span class='ocrx_word' id='word_1_243' title='bbox 302 3338 393 3398; x_wconf 88' lang='lat' dir='ltr'><strong>etiam</strong></span> <span class='ocrx_word' id='word_1_244' title='bbox 417 3338 564 3397; x_wconf 87' lang='lat' dir='ltr'><strong>adversus</strong></span> <span class='ocrx_word' id='word_1_245' title='bbox 587 3338 734 3398; x_wconf 84' lang='lat' dir='ltr'><strong>Rectores</strong></span> <span class='ocrx_word' id='word_1_246' title='bbox 758 3336 961 3397; x_wconf 86' lang='lat' dir='ltr'><strong>tenebrarum.</strong></span> <span class='ocrx_word' id='word_1_247' title='bbox 997 3334 1055 3394; x_wconf 90' lang='lat' dir='ltr'><strong>Ubi</strong></span> 
     </span>
     <span class='ocr_line' id='line_1_39' title="bbox 133 3417 1056 3501; baseline -0.004 -22"><span class='ocrx_word' id='word_1_248' title='bbox 133 3419 355 3500; x_wconf 86' lang='lat' dir='ltr'><strong>oppugnabunt</strong></span> <span class='ocrx_word' id='word_1_249' title='bbox 378 3419 551 3501; x_wconf 82' lang='lat' dir='ltr'><strong>Scripturas</strong></span> <span class='ocrx_word' id='word_1_250' title='bbox 574 3423 734 3481; x_wconf 89' lang='lat' dir='ltr'><strong>sententiis</strong></span> <span class='ocrx_word' id='word_1_251' title='bbox 757 3441 816 3495; x_wconf 88' lang='lat' dir='ltr'><strong>ea,</strong></span> <span class='ocrx_word' id='word_1_252' title='bbox 850 3438 929 3498; x_wconf 88' lang='lat' dir='ltr'><strong>qnae</strong></span> <span class='ocrx_word' id='word_1_253' title='bbox 952 3417 1056 3477; x_wconf 89' lang='lat' dir='ltr'><strong>docuit</strong></span> 
     </span>
     <span class='ocr_line' id='line_1_40' title="bbox 132 3500 1055 3581; baseline -0.001 -20"><span class='ocrx_word' id='word_1_254' title='bbox 132 3500 290 3581; x_wconf 85' lang='lat' dir='ltr'><strong>Lutherue,</strong></span> <span class='ocrx_word' id='word_1_255' title='bbox 313 3502 385 3562; x_wconf 83' lang='lat' dir='ltr'><strong>nihii</strong></span> <span class='ocrx_word' id='word_1_256' title='bbox 410 3502 589 3564; x_wconf 86' lang='lat' dir='ltr'><strong>conabimur</strong></span> <span class='ocrx_word' id='word_1_257' title='bbox 612 3505 697 3564; x_wconf 91' lang='lat' dir='ltr'><strong>tueri.</strong></span> <span class='ocrx_word' id='word_1_258' title='bbox 735 3505 812 3563; x_wconf 88' lang='lat' dir='ltr'><strong>Nam</strong></span> <span class='ocrx_word' id='word_1_259' title='bbox 835 3503 915 3563; x_wconf 84' lang='lat' dir='ltr'><strong>hanc</strong></span> <span class='ocrx_word' id='word_1_260' title='bbox 932 3500 1055 3561; x_wconf 87' lang='lat' dir='ltr'><strong>Lutberi</strong></span> 
     </span>
     <span class='ocr_line' id='line_1_41' title="bbox 132 3584 1054 3666; baseline -0.002 -21"><span class='ocrx_word' id='word_1_261' title='bbox 132 3584 302 3646; x_wconf 88' lang='lat' dir='ltr'><strong>doctrinam</strong></span> <span class='ocrx_word' id='word_1_262' title='bbox 329 3584 367 3645; x_wconf 92' lang='lat' dir='ltr'><strong>de</strong></span> <span class='ocrx_word' id='word_1_263' title='bbox 390 3589 587 3666; x_wconf 85' lang='lat' dir='ltr'><strong>poenitentia,</strong></span> <span class='ocrx_word' id='word_1_264' title='bbox 611 3605 669 3647; x_wconf 92' lang='lat' dir='ltr'><strong>nec</strong></span> <span class='ocrx_word' id='word_1_265' title='bbox 690 3607 728 3647; x_wconf 90' lang='lat' dir='ltr'><strong>ex</strong></span> <span class='ocrx_word' id='word_1_266' title='bbox 752 3606 822 3648; x_wconf 91' lang='lat' dir='ltr'><strong>meo</strong></span> <span class='ocrx_word' id='word_1_267' title='bbox 846 3605 904 3645; x_wconf 89' lang='lat' dir='ltr'><strong>nec</strong></span> <span class='ocrx_word' id='word_1_268' title='bbox 919 3584 1054 3645; x_wconf 83' lang='lat' dir='ltr'><strong>fidetium</strong></span> 
     </span>
     <span class='ocr_line' id='line_1_42' title="bbox 131 3664 1053 3750; baseline -0.004 -20"><span class='ocrx_word' id='word_1_269' title='bbox 131 3668 262 3730; x_wconf 87' lang='lat' dir='ltr'><strong>ullorum</strong></span> <span class='ocrx_word' id='word_1_270' title='bbox 287 3668 379 3730; x_wconf 87' lang='lat' dir='ltr'><strong>corde</strong></span> <span class='ocrx_word' id='word_1_271' title='bbox 392 3669 661 3750; x_wconf 84' lang='lat' dir='ltr'><strong>extorquebitulta</strong></span> <span class='ocrx_word' id='word_1_272' title='bbox 684 3672 729 3731; x_wconf 90' lang='lat' dir='ltr'><strong>vis</strong></span> <span class='ocrx_word' id='word_1_273' title='bbox 741 3671 917 3746; x_wconf 87' lang='lat' dir='ltr'><strong>inferorum,</strong></span> <span class='ocrx_word' id='word_1_274' title='bbox 942 3664 1053 3728; x_wconf 89' lang='lat' dir='ltr'><strong>nedum</strong></span> 
     </span>
     <span class='ocr_line' id='line_1_43' title="bbox 132 3750 559 3833; baseline 0.007 -21"><span class='ocrx_word' id='word_1_275' title='bbox 132 3750 304 3813; x_wconf 90' lang='lat' dir='ltr'><strong>Sorbouica</strong></span> <span class='ocrx_word' id='word_1_276' title='bbox 326 3758 379 3812; x_wconf 87' lang='lat' dir='ltr'><strong>aut</strong></span> <span class='ocrx_word' id='word_1_277' title='bbox 399 3754 559 3833; x_wconf 87' lang='lat' dir='ltr'><strong>papistica.</strong></span> 
     </span>
    </p>
   </div>
   <div class='ocr_carea' id='block_1_6' title="bbox 0 0 1200 4170">
    <p class='ocr_par' dir='ltr' id='par_1_8' title="bbox 0 0 1200 4170">
     <span class='ocr_line' id='line_1_44' title="bbox 0 0 1200 4170; baseline 0 1"><span class='ocrx_word' id='word_1_278' title='bbox 0 0 1200 4170; x_wconf 95' lang='lat' dir='ltr'><strong> </strong></span> 
     </span>
    </p>
   </div>
  </div>
 </body>
</html>
