2392 4170
450 280 584 342 ministris
602 281 746 342 ecclesiae.
885 361 890 370 Ι
1000 277 1063 351 507

143 446 226 511 teudi
248 454 418 528 coeperunt
439 448 470 529 ii,
494 468 573 530 quos
594 448 743 531 Episcopi
764 446 912 510 rasissent
933 451 964 508 et
984 466 1062 508 unx·

144 533 247 595 issent.
304 531 373 594 Hoc
407 534 485 593 euim
515 534 647 596 nominis
681 533 751 595 inco
775 529 983 594 fraudulenter
1019 532 1063 591 in·

146 635 269 698 gressus
299 613 394 680 Satan
430 617 600 678 incredibili
640 617 742 678 furore
782 616 887 677 omnia
919 615 1062 695 vastavit,

127 707 175 762 -et
201 701 309 762 atrium
340 702 523 763 suumium
559 706 676 782 septem
711 700 876 780 assumptis
909 697 1083 778 spiritibus-

145 804 214 847 sese
234 784 432 864 nequioribus
456 803 580 846 securus
603 790 686 845 tenet
709 791 740 846 et
761 783 879 845 habitat
908 782 939 842 iu
974 801 1061 861 pace,

125 875 175 938 ‚ut
196 867 278 929 atiud
301 887 428 947 prorsus
455 867 608 929 vocabulo
643 868 812 930 sacerdotis
838 884 930 926 nemo
955 865 1063 925 iutelli-

143 958 215 1034 gat,
244 952 301 1012 nisi
323 958 497 1032 portentum
519 951 593 1012 iilud
617 971 742 1014 rasurae
765 958 795 1012 et
816 950 985 1027 unctionis,
1009 948 1062 1009 hu·
1098 959 1101 963 ’

143 1055 235 1097 mana
256 1036 429 1097 temeritate
451 1036 500 1096 vei
520 1037 736 1115 superstitione
751 1033 968 1101 introductum.
995 1030 1062 1094 Nisi

143 1119 223 1180 enim
246 1117 296 1180 hic
318 1119 430 1180 clausis
454 1120 551 1181 oculis
575 1139 678 1192 usum,
702 1119 933 1198 antiquitatem,
966 1114 1063 1176 multi·

142 1199 277 1264 tudinem
301 1203 492 1282 praeterieris
516 1211 553 1263 ‚et
581 1204 695 1283 apertis
719 1202 841 1264 auribus
863 1205 945 1261 totus
968 1198 1062 1260 verbo

130 1282 968 1366 Vffifflmwmmmmmffl.

226 1368 293 1431 Stet
313 1370 417 1449 ituque
438 1370 568 1450 primum
592 1370 644 1431 tibi
667 1391 757 1452 rupes
784 1369 839 1431 iila
868 1367 1062 1444 inconcussa,

143 1452 175 1514 iu
204 1471 287 1515 novo
329 1452 527 1516 Testamenta
561 1454 751 1517 sacerdotem
782 1459 910 1514 externe
938 1454 1063 1524 unctum

98 1540 103 1547 '
141 1535 258 1597 uultum
288 1554 357 1598 esse
392 1556 451 1598 uec
482 1556 550 1599 esse
584 1557 692 1618 posse,
723 1539 749 1598 si
772 1537 823 1618 qui
845 1540 947 1596 autem
982 1537 1065 1611 suut,

142 1618 247 1679 larvae
269 1623 300 1680 et
321 1618 404 1682 idota
425 1627 505 1699 suut,
528 1620 609 1700 quod
630 1621 720 1682 huius
742 1640 818 1682 suae
839 1616 983 1680 vanitatis
1005 1635 1064 1677 uec

142 1701 329 1782 exemplum,
352 1721 410 1763 nec
432 1704 662 1784 praescriptum,
685 1724 743 1766 nec
764 1704 860 1764 ullum
882 1700 1009 1763 verbum
1031 1700 1062 1759 in

141 1783 319 1865 Evangeliis
343 1791 395 1846 aut
416 1786 628 1865 apostolorum
658 1788 796 1869 epistolis
825 1784 973 1861 habeant,
1007 1781 1061 1843 sed

141 1867 414 1934 merohorniuum
436 1871 577 1950 invento,
614 1870 873 1948 quemadmodum
904 1866 1063 1933 lerobeam

143 1950 215 2012 oiim
238 1951 268 2010 in
290 1949 388 2015 Israel
410 1951 497 2027 iecit,
524 1954 615 2013 erecti
645 1959 675 2015 et
696 1953 860 2026 introducti
886 1957 965 2014 sunt.
1010 1947 1062 2010 Sa·

141 2031 251 2095 cerdos
280 2036 377 2112 enim,
407 2033 483 2117 iul)
523 2055 606 2096 novo
640 2037 820 2116 praesertim
852 2035 1062 2111 Testamenta,

140 2136 204 2178 uon
215 2115 259 2192 fit,
272 2117 326 2179 sed
340 2120 485 2200 nascitur,
509 2139 570 2181 uon
587 2119 753 2197 ordinatur,
776 2117 830 2179 sed
845 2122 976 2180 creatur.
998 2112 1062 2176 Na·

140 2201 235 2261 scitur
250 2220 323 2261 vero
342 2221 404 2262 non
418 2203 527 2281 carnis,
551 2204 605 2265 sed
619 2205 741 2284 spiritus
760 2203 928 2275 nativitate,
951 2217 1062 2277 nempe

140 2302 284 2367 exaqua
305 2289 339 2344 et¹
356 2285 462 2363 spiritu
484 2287 515 2345 in
545 2287 671 2368 lavacro
697 2286 957 2368 regenerationis,
981 2289 1063 2344 sunt

140 2386 198 2448 que
219 2386 345 2448 prorsus
368 2386 476 2428 omnes
499 2368 661 2430 Christiani
688 2369 866 2431 sacerdotes
900 2375 930 2429 et
953 2385 1062 2429 omnes

139 2449 318 2512 sacerdotes
345 2457 415 2510 sunt
437 2449 611 2514 Christiani.
655 2453 890 2532 Anathemaque
925 2451 980 2527 sit,
1016 2469 1073 2512 sua

139 2533 296 2594 cerdotem
320 2533 412 2594 alium
435 2553 589 2612 asserere,
613 2554 704 2614 quam
728 2555 813 2612 eum,
836 2535 887 2615 qui
910 2539 958 2595 est
979 2531 1063 2594 Chri·

138 2617 271 2695 stianus,
302 2623 455 2678 asseretur
473 2617 553 2677 euim
576 2618 606 2678 id
629 2618 746 2699 absque
769 2617 863 2678 verbo
885 2615 960 2694 Dei,
997 2634 1061 2676 non

139 2698 196 2759 nisi
219 2720 260 2761 ex
282 2700 370 2761 dictis
393 2701 567 2780 hominum,
600 2701 649 2761 vei
680 2701 863 2781 antiquitate
891 2719 977 2778 usus,
1012 2696 1062 2757 vel

140 2781 332 2844 multitudiue
355 2785 560 2865 opinantium,
592 2804 720 2864 quorum
748 2783 878 2864 quodvis
906 2801 961 2862 pro
991 2780 1061 2841 arti-

139 2860 209 2925 culo
239 2863 467 2931 fideietatuere
506 2868 701 2951 sacrilegium
729 2874 759 2927 et
788 2866 976 2928 abominatio
1005 2870 1061 2940 est,

140 2949 173 3007 ut
193 2941 269 3009 aiias
291 2947 413 3022 abunde
435 2950 509 3015 dixi.
583 2990 587 3002 ·

221 3026 397 3116 Scripturas
418 3040 520 3094 autem
544 3033 616 3109 Dei,
650 3032 760 3114 quibus
788 3032 913 3094 formari
935 3030 1062 3094 firmari·

140 3132 199 3192 que
222 3111 336 3176 debent
365 3122 489 3178 nostrae
526 3118 735 3178 conscientiae
763 3117 910 3177 adversus
941 3115 1061 3179 oleatos

139 3203 170 3256 et
191 3216 290 3274 rasos,
314 3217 383 3260 esse
405 3218 513 3260 omues
537 3206 567 3260 et
589 3201 674 3262 solos
698 3199 888 3261 Christianos
916 3199 1060 3260 sacerdo-

139 3285 195 3358 tes,
221 3286 293 3341 sunt
313 3280 386 3342 hae:
418 3277 466 3343 Tu
488 3302 520 3344 es
541 3283 687 3345 sacerdos
709 3285 739 3344 in
763 3290 931 3357 aeternum,
954 3301 1060 3342 secun-

139 3360 210 3422 dum
233 3362 370 3423 ordinem
384 3364 599 3446 Melchisedec,
623 3367 703 3430 Psah
720 3371 790 3432 110.
823 3365 960 3427 Christus
978 3367 1059 3426 enim

139 3463 238 3525 neque
259 3463 347 3506 rasus
369 3458 470 3526 neque
493 3449 563 3510 cieo
587 3456 696 3528 unctus
720 3457 776 3530 est,
799 3455 832 3509 ut
853 3448 1060 3509 sacerdosfle-

137 3534 193 3594 ret.
236 3527 339 3604 Quare
356 3540 419 3590 'uso
451 3530 504 3590 uiti
527 3531 679 3594 Christum
710 3534 850 3614 sequenti
884 3533 958 3614 ungi
986 3532 1060 3592 satis

138 3619 194 3692 ost,
217 3617 250 3673 ut
273 3610 419 3673 sacerdos
440 3611 511 3691 flat,
543 3614 597 3675 sed
629 3616 722 3698 louge
751 3616 835 3679 aliud
865 3613 979 3679 habeat
1006 3632 1059 3678 ne-

138 3720 561 3739 QQ
635 3722 639 3734 ¹

210 3776 359 3848 omen
381 3777 624 3856 suacensem.
