2392 4170
415 269 547 328 ministris
565 270 708 329 ccclesiae.
994 271 1055 338 515

130 459 185 501 seu
208 441 321 523 olores,
344 450 435 522 quum
458 443 540 525 opud
562 444 663 524 ipsos,
685 445 735 524 qui
749 462 896 524 nusquam
910 462 972 504 non
995 444 1055 504 icc·

131 532 198 586 tant
219 524 342 601 claves,
375 545 413 586 eo
437 525 519 606 quod
542 544 603 586 non
627 530 767 608 aperiunt
789 545 889 607 neque
911 526 1056 587 claudunt

131 606 251 670 coslum
269 612 473 688 conscientiis,
497 608 550 669 sed
572 612 832 691 mursupiatotius
854 609 946 672 orbis.
991 609 1055 671 Nos

131 697 233 752 sulem
257 711 375 767 omncs,
398 694 448 773 qui
472 691 633 753 Christiani
657 713 777 771 sumus,
803 693 951 754 habemus
974 711 1056 753 com-

132 793 224 837 mune
244 773 307 836 hoc
327 775 463 837 officinm
485 776 632 851 clavium,
658 777 687 836 id
711 777 792 856 quod
818 776 926 836 libeliis
948 786 1056 836 contra
1175 846 1181 856 Ι

130 855 254 937 Pupam·
278 861 373 920 toties
414 859 539 939 probavi
583 870 613 920 et
652 864 829 921 monstravi.
878 858 1054 920 cocenim

132 942 256 1003 verbum
280 941 391 1003 Christi
418 943 520 1003 malin.
550 941 586 1005 ¹8
608 949 668 1003 non
688 943 838 1022 apostolis
855 951 983 1017 tuntum,
1001 944 1059 1002 sed·

132 1023 275 1084 omnibus
297 1045 421 1104 prorsus
447 1026 587 1086 frutribus
609 1025 740 1086 dictum:
775 1026 805 1087 Si
829 1028 1003 1106 peccaverit
1026 1029 1057 1085 io

133 1116 162 1167 te
185 1106 275 1167 irater
298 1117 377 1186 tuus,
401 1110 520 1189 corripe
543 1127 628 1188 enm,
648 1111 672 1169 si
707 1109 838 1171 audierit
861 1117 899 1189 te,
923 1108 1056 1169 lucrstus

132 1209 165 1250 es
187 1189 319 1273 fratrem.
366 1192 403 1252 Et
431 1210 522 1255 mox:
563 1191 593 1254 Si
627 1193 790 1254 ecclesiam
824 1213 884 1254 non
916 1191 1055 1274 audierit,

132 1274 171 1355 sit
192 1272 245 1333 tibi
267 1276 412 1354 tanquam
426 1275 565 1336 ethnicus
588 1284 619 1336 et
640 1275 831 1356 publicanus.
867 1279 965 1337 Amen
987 1275 1055 1335 dico

133 1356 457 1454 vobis‚'‚qnodcuoque
480 1358 647 1439 ligaveritis
669 1379 761 1441 supro
784 1366 905 1440 terrum,
927 1358 1054 1439 ligatum

133 1440 190 1500 erit
212 1438 249 1522 cl'
264 1460 294 1501 m
311 1440 410 1522 coelo,
434 1441 639 1524 quodcunque
656 1442 807 1505 solveritis
820 1462 912 1524 super
934 1450 1056 1520 terrum,

133 1518 270 1593 solutum
290 1523 347 1583 crit
369 1531 400 1584 et
423 1527 451 1584 in
474 1525 573 1588 coelo.

217 1639 273 1699 llic
305 1639 379 1701 nihil
411 1661 566 1704 moremur
592 1643 743 1705 larvarum
773 1644 893 1724 larvas,
924 1643 976 1722 qui
1006 1641 1058 1703 hic

134 1722 215 1799 uliud
227 1721 357 1783 clavium
376 1725 434 1804 ius,
446 1725 528 1787 uliud
540 1725 766 1788 cluviumusum
778 1726 897 1808 lingunt
906 1728 1055 1786 temerita-

135 1814 164 1865 te
175 1805 676 1889 propriusineScriptnris‚dcindc
690 1828 840 1873 moresuo
859 1810 1055 1891 vitiosissimo

135 1895 273 1969 petentes
288 1888 483 1981 principium.
516 1890 594 1953 Nam
618 1911 687 1953 cum
706 1892 897 1972 probandum
925 1891 985 1952 illis
1005 1893 1054 1970 sit,

134 1972 1056 2056 suompotcststemcssealicmcbecolesiaccommuoipote·

135 2062 214 2116 stote
245 2056 304 2137 ipsi
324 2056 387 2140 lr'oc
409 2076 465 2140 pro
477 2057 687 2121 demonstrato
709 2057 872 2141 arripiunt(
889 2068 919 2120 ct
941 2058 1057 2122 addunt
1152 2124 1155 2129 ,

135 2103 247 2201 dcinlic
269 2138 349 2215 lianc
366 2161 452 2204 suum
475 2140 578 2215 lictum
594 2137 832 2223 distinctionem,
854 2143 900 2203 ius
924 2143 1057 2205 clavium

135 2222 387 2304 essec'ccle'sicc,
410 2224 574 2287 sedunum
604 2244 673 2289 csse
700 2226 891 2290 Pontificum.
934 2225 1057 2287 Frivola

135 2304 315 2391 suntffilsccc,
338 2325 393 2388 per
415 2327 485 2368 seso
507 2310 637 2393 ruentis.
920 2320 923 2325 '

198 2392 356 2468 'Christus
378 2406 429 2467 hic
452 2407 503 2468 dut
528 2408 575 2470 ins
605 2414 636 2468 ct
665 2427 753 2477 usum
777 2407 908 2471 olsvium
930 2409 1056 2471 cuilibet

135 2489 318 2569 Christiano,
343 2489 413 2551 dum
437 2490 525 2552 dicit:
548 2491 592 2553 sit
613 2489 666 2552 tibi
687 2492 765 2552 sicut
789 2491 938 2555 sthoicus.
981 2490 1057 2567 Quis

136 2575 216 2634 enim
240 2571 379 2653 e'sl'illc,'
393 2575 432 2635 sit
454 2569 517 2650 tibi}
540 2593 630 2654 quem
653 2573 817 2657 alloquitur
836 2574 972 2635 Christus
997 2574 1057 2636 hoc
1153 2590 1156 2596 ·

136 2656 427 2737 pronomine,.tibit
454 2677 492 2719 an
522 2656 661 2739 Papam?
693 2659 755 2719 imo
785 2657 952 2737 quemlibet
973 2675 1057 2718 scor·

136 2740 192 2800 sim
215 2729 430 2824 Cisristiunum.
474 2743 514 2815 At
537 2739 684 2803 dicendo:
712 2739 759 2802 Sit
781 2741 854 2819 titt,
878 2761 938 2802 non
964 2740 1056 2802 modo
1126 2738 1129 2744 ’

135 2824 182 2883 ius
204 2823 266 2903 ont,
291 2824 345 2888 scd
367 2822 454 2888 usu'm
483 2832 515 2886 ct
537 2825 767 2887 exsecutionem
799 2824 933 2888 mundat.
976 2822 1056 2899 Quid

136 2907 217 2967 enim
236 2917 284 2970 cst
298 2910 426 2971 'diceres
450 2908 495 2972 Sit
506 2906 558 2969 tibi
572 2909 651 2971 sicut
662 2906 821 2968 ethnicus?
846 2908 902 2968 nisi
924 2915 1059 2977 tantum:

136 2989 271 3076 Noli³¹ci
294 2984 488 3070 conversuri,
504 2992 765 3054 ¹communionem
795 2990 839 3051 illi
868 3000 973 3071 neges.
1018 2992 1059 3052 nt

135 3073 197 3137 hoc
220 3079 268 3136 cst
291 3072 362 3139 i'c'r'e
385 3076 663 3156 excommunicare,
687 3080 718 3135 et
735 3074 832 3156 ligure
854 3092 892 3135 sc
910 3070 1058 3135 'claudere

137 3160 269 3223 coelum.
296 3162 309 3171 “’
493 3164 512 3186 ”
990 3174 995 3182 ·

218 3278 388 3341 Confirmat
414 3276 443 3351 id
466 3276 549 3358 quod
581 3277 737 3357 sequitur:
782 3275 996 3354 Quodcunque
1026 3275 1056 3335 li·

137 3362 297 3441 gnvcrills,
319 3358 444 3441 ligatum
469 3371 524 3425 est.
548 3356 627 3435 ‘Qui
650 3368 720 3420 sunt
741 3358 784 3419 illi
799 3351 908 3439 ,⁷quos
930 3357 1059 3437 ulloqui·
1091 3424 1094 3429 ,

137 3443 208 3506 tur?
250 3441 361 3504 Nonne
399 3462 507 3504 omnes
534 3441 718 3504 Christiani?
759 3462 862 3504 nonne
899 3440 1058 3519 ecclesis?

137 3528 274 3606 Quodsi
297 3527 429 3587 hicnon
459 3546 553 3605 usus,
581 3525 635 3586 scd
662 3525 709 3586 ius
743 3536 860 3588 tuntum
894 3524 977 3587 dedit
999 3524 1057 3584 clu·

136 3614 221 3681 vium
241 3611 400 3690 ecclcsiae,
424 3609 533 3685 cadom
554 3611 720 3685 autoritate
743 3609 889 3684 dicemus,
912 3607 985 3677 nulli
1010 3627 1059 3669 us·

137 3715 229 3781 quom
252 3713 322 3760 csso
353 3692 472 3757 dotum·
493 3711 592 3781 mum,
625 3711 664 3755 uc
685 3692 930 3847 Pstroaguidcm
953 3691 1059 3761 nattis
