2392 4170
295 246 408 303 Bullnm
427 248 514 304 Leon.
534 249 564 302 X.
585 248 706 304 dumont.
729 266 753 304 n.
777 251 854 309 tt20.
979 250 1041 319 183

72 434 80 449 ·
140 402 353 483 atisssotionss,
373 405 570 466 remittuntur
597 406 651 467 eis.
696 404 799 482 Quare
822 406 964 470 divinitus
987 416 1040 471 uut

137 485 197 547 nnita
225 496 272 549 est
305 487 487 567 satisfactio,
531 495 584 549 aut
621 489 733 550 remitti
769 489 945 554 humanitus
976 512 1039 555 nou

134 576 221 650 post

193 652 259 715 nos
282 654 380 715 tibens
404 655 626 732 concesserim,
657 656 740 736 quod
771 658 904 718 eustasio
931 666 1039 739 muter,

72 792 76 801 .
132 738 170 818 pio
187 736 298 800 affeetu
319 746 526 820 praeventura
548 758 671 799 manum
696 740 770 817 Dei,
802 742 933 821 castigat
959 742 1038 805 filios

72 828 100 893 ζ,
131 838 186 882 suos
205 820 466 883 sstisieotionibus
480 822 673 902 quibusdam,
695 843 734 883 ne
745 825 901 885 insurrant
913 824 1038 906 fiagello

72 894 77 965 .“
131 902 187 982 oei,
215 907 296 967 siout
316 905 470 967 Ninivitse
493 906 636 987 operibus
661 908 723 968 suis
746 909 925 989 spontaneis
952 927 1038 991 prae·

72 986 75 997 '
131 995 259 1049 ruerunt
291 988 436 1050 iudicium
468 989 536 1053 Dei.
580 989 665 1050 Haeo
699 1008 801 1071 poena
833 990 956 1069 quidem
991 998 1039 1052 est

131 1070 284 1150 otiosos,
306 1090 369 1135 non
391 1074 421 1133 in
446 1078 560 1151 totum,
590 1080 623 1134 ut
643 1074 686 1134 iiii
710 1075 833 1153 volunt,
855 1073 910 1135 sed
932 1080 1036 1135 tamen

131 1158 295 1217 messana.
349 1157 392 1217 At
419 1158 515 1218 nostri
545 1157 771 1237 indulgentisrii
804 1159 896 1218 etiam
930 1164 1038 1219 eontra

131 1238 271 1301 sumtum
295 1246 451 1317 usserunt,
474 1241 585 1322 remitti
608 1240 730 1320 penitus
753 1258 876 1302 omnem
899 1240 1036 1302 satisfac·

132 1321 236 1404 tionem,
261 1325 353 1384 etiam
376 1342 394 1384 a
416 1325 528 1384 iustitia
553 1323 655 1384 divina
676 1325 863 1404 requisitam,
885 1323 967 1405 quod
990 1328 1038 1384 est

96 1426 101 1435 ·
131 1422 272 1467 erroneum
296 1413 328 1467 et
348 1408 485 1487 impium.
519 1394 607 1468 ¹Nem
635 1415 689 1468 aut
718 1426 775 1467 uos
804 1413 857 1467 aut
886 1407 1036 1485 homines,

132 1496 171 1549 snt
186 1489 268 1551 Dens
290 1491 379 1571 punit
402 1496 548 1571 peecata,
580 1491 663 1570 quod
690 1491 732 1551 ilti
754 1508 810 1571 per
829 1488 1036 1573 indulgentias

134 1570 223 1634 tollunt
244 1575 381 1635 omnino.

132 1652 163 1735 ΙΙ
196 1656 308 1718 Contra
329 1656 411 1719 bano
432 1675 537 1717 eorum
550 1655 652 1718 flotam
675 1664 706 1717 et
726 1656 835 1718 falsam
852 1657 1035 1719 satisfactio-

133 1756 200 1816 nem,
224 1760 316 1820 quam
346 1749 377 1800 et
399 1740 497 1800 solam
519 1740 648 1815 habent,
679 1758 738 1820 ego
760 1743 911 1821 pugnavi,
944 1760 1035 1821 quam

133 1820 187 1883 itan
206 1824 303 1885 solum
327 1823 492 1901 finxerunt,
514 1831 547 1884 ut
569 1823 653 1887 luera
673 1843 731 1885 sus
752 1831 910 1904 augerent,
931 1833 962 1885 et
983 1824 1034 1885 bo-

133 1905 441 1985 uuessxhsurirsnt,
472 1906 611 1969 fallerent
639 1925 676 1969 no
698 1906 877 1986 perderent,
905 1926 987 1986 oum,
1012 1909 1036 1967 si

134 1996 215 2051 ment
238 1992 280 2072 pii
309 1999 467 2071 pastores,
497 1991 600 2070 potius
628 1991 822 2070 imponerent
849 2009 985 2071 poenus,
1007 1999 1037 2051 et

134 2072 262 2137 oedssius
283 2073 429 2154 exemplo
453 2074 666 2154 praevenirent
688 2072 804 2152 Deum,
833 2075 912 2135 siout
934 2075 1036 2135 Moses

134 2172 186 2217 turn
203 2150 364 2238 prsev‘enir
385 2154 556 2219 oooidsudo
579 2155 659 2217 filios
682 2157 774 2218 lsrael
786 2166 912 2237 propter
926 2177 1035 2238 peooa·

134 2240 180 2299 ss
209 2240 294 2303 rituli
322 2241 414 2301 aurei.
465 2239 619 2320 Optimum
648 2247 752 2301 sutem
784 2240 890 2317 fuerit,
925 2243 949 2302 si
978 2260 1036 2301 nos

72 2380 75 2389 .
134 2319 198 2400 ipsos
213 2324 404 2405 puniremus,
426 2323 487 2385 hoo
499 2329 600 2383 autem
612 2323 751 2404 iacimus,
774 2323 897 2403 quando
916 2343 954 2385 err
970 2330 1035 2385 toto

137 2404 206 2467 orte
226 2406 321 2467 vitam
345 2415 441 2466 totam
469 2413 635 2485 mutamus,
665 2407 724 2467 huo
745 2408 824 2467 euim
847 2408 1037 2487 poenitentis

139 2490 376 2552 satisfactione
398 2489 483 2551 Deus
513 2496 674 2550 oonteutus
704 2498 766 2569 est,
800 2497 945 2569 quantum
968 2509 1037 2570 pro-

137 2564 187 2633 tut
211 2572 388 2717 Scripturas
422 2578 565 2655 sanotae,
604 2578 634 2633 et
672 2574 849 2653 praesertim
882 2573 1036 2634 lohannes

132 2649 332 2818 inimum,
371 2758 433 2800 nou
472 2740 576 2820 utique
606 2737 810 2801 iudicaremur
840 2759 858 2799 s
892 2739 1037 2821 Domino,

132 2834 185 2883 snm
204 2830 305 2884 sutem
327 2820 506 2900 iudioamur,
531 2824 694 2884 sDornino
707 2823 895 2903 corripimur,
916 2831 949 2883 ut
972 2842 1034 2885 nou

132 2919 183 2964 orm
198 2905 258 2968 hoo
274 2906 390 2968 mundo
403 2906 591 2968 damnemur.
631 2907 713 2967 ane
724 2926 825 2987 poena
842 2913 872 2967 st
882 2909 1034 2989 surreptio

131 3002 236 3087 prorsus
267 2989 500 3069 irremissibilis,
537 3007 617 3069 quse
652 3010 670 3051 a
703 2990 772 3052 Deo
804 2991 972 3071 imponitur
1007 2998 1036 3052 et

133 3078 400 3217 urppp,ementer
422 3161 524 3216 autem
547 3156 598 3217 odi
621 3162 652 3216 et
674 3155 826 3220 sublatum
843 3156 954 3219 vellem
977 3158 1037 3220 hoo

316 2674 361 2717 uo.
384 2658 413 2722 3.
453 2655 505 2718 sis
531 2656 552 2720 1.
575 2655 709 2718 Corinth.
735 2659 788 2719 11:
817 2655 848 2717 Si
871 2657 1035 2737 nosipsos

72 3278 75 3319 ,
134 3236 294 3301 voobutum
318 3239 496 3317 satisfactio,
520 3239 600 3318 quod
624 3259 685 3300 non
709 3240 802 3301 modo
824 3240 856 3302 in
874 3242 1035 3323 Soriptnris

72 3340 75 3349 ·
134 3332 180 3380 noo
202 3323 368 3397 invenitur,
402 3322 455 3383 sed
487 3328 517 3383 et
544 3323 751 3402 periculosum
777 3323 870 3385 habet
901 3344 1036 3409 sensum,

72 3390 76 3529 ,i
136 3406 200 3541 pusi
219 3405 286 3467 Deo
309 3406 468 3486 quisquam
498 3406 596 3485 possit
625 3423 680 3487 pro
710 3407 772 3467 uilo
794 3416 924 3489 peoosto
948 3411 1034 3471 satis-

159 3500 229 3565 orre,
266 3507 334 3549 oum
369 3490 462 3569 gratis
493 3487 544 3549 tlte
576 3490 718 3569 ignoscat
754 3493 865 3552 omnia.
917 3493 1035 3554 Deinde

72 3558 75 3583 ¹
139 3573 237 3633 sossio
257 3574 322 3647 fuit,
344 3581 376 3632 ut
398 3592 415 3632 e
437 3572 561 3632 satutari
583 3573 791 3652 poeniteutiae
812 3576 948 3637 remedio
960 3597 1034 3638 nun·

140 3644 204 3713 tinas
221 3655 364 3717 isosreot.
414 3656 531 3717 Vellem
556 3657 671 3736 magis,
693 3663 731 3718 ut·
748 3656 924 3740 discipline,
948 3663 1036 3722 oesti-

140 3735 210 3814 gstio,
229 3739 370 3818 visitatio,
394 3739 545 3823 surreptio
560 3746 613 3801 aut
626 3740 687 3802 etio
700 3743 847 3826 quopiam
859 3742 1034 3829 floripturas
