2392 4170
447 248 530 315 usas
547 247 633 309 uara
645 246 725 309 unu.
990 241 1053 313 315

132 417 199 489 aliis
238 425 400 502 praesente
438 435 579 501 torpore.
620 416 651 479 si
690 422 791 479 autem
827 418 970 496 parentes
1004 407 1054 471 vel

131 503 264 585 proxim
285 509 316 567 te
337 501 476 567 iuberent
497 520 610 583 negare
637 498 753 576 fldem,
786 516 899 569 nomen
923 505 953 557 et
976 512 1054 577 opus

131 586 198 667 nai,
221 604 300 666 qnae
323 588 421 668 prima
443 583 547 649 tabula
559 582 693 647 diximus
709 583 858 658 mandari,
880 581 930 641 hie
951 578 1054 645 lunum

131 669 272 749 baberet,
292 670 375 752 quod
397 669 440 732 illi
462 669 587 750 instant,
611 667 705 739 uultui
727 667 785 734 Dei
808 664 917 728 cedere
941 663 1055 739 debere

132 753 340 819 obedientiam
376 757 535 837 parentum
569 757 601 814 et
622 753 735 817 omnia.
778 749 839 812 Sed
872 749 921 808 hio
956 747 1054 838 uultus

132 838 305 905 eommunis
327 847 375 901 est
395 836 542 915 fidelium,
564 842 595 901 et
616 855 764 918 nusquam
788 833 887 894 minus
910 850 1000 912 quam
1023 831 1053 891 in

133 923 326 993 monasteriis
353 922 419 984 istis
452 921 666 1003 seditiosisque
695 919 805 1002 sentis,
830 924 861 981 ut
891 936 929 980 ex
952 932 1055 999 snpra·

132 1004 221 1069 dietis
243 1003 374 1086 intelligi
395 1005 484 1069 tasilo
506 1011 619 1088 potest
1037 1070 1041 1077 ,

215 1086 304 1166 Quod
328 1108 402 1153 uero
425 1088 562 1153 seeundo
578 1089 691 1168 dieunt,
712 1107 783 1152 sese
798 1086 973 1171 spirituales
988 1106 1056 1168 essa

132 1173 256 1252 Patres,
286 1192 384 1252 aeque
418 1173 550 1254 pertinet
577 1172 616 1237 ad
640 1172 711 1235 fieta
732 1173 784 1235 illa
804 1173 896 1235 verba
910 1219 918 1251 ,
947 1169 1056 1252 quibua

132 1254 162 1321 S.
191 1255 344 1338 Petrus*)
378 1276 433 1319 eos
462 1256 614 1337 praedixit
647 1255 685 1318 de
719 1257 808 1319 nobis
844 1259 1056 1337 negotiaturus

132 1340 219 1418 etse,
234 1346 325 1421 sique
347 1338 430 1416 illud,
453 1338 535 1421 quod
558 1340 596 1402 de
618 1339 793 1404 obedientia
807 1348 837 1405 et
858 1341 981 1402 vintima
1002 1336 1056 1402 fiu-

131 1431 208 1503 gnnt
229 1429 322 1505 atque
344 1430 530 1504 pervertunt.
575 1424 755 1505 spirituales
772 1425 879 1493 Patres
902 1429 982 1501 sunt,
1004 1423 1056 1503 qui

133 1525 191 1573 uns
212 1506 325 1569 donent
346 1514 418 1569 ante
441 1508 544 1571 omnia
568 1508 718 1569 mandatis
742 1508 799 1570 Dei
828 1506 972 1587 obedire,
1000 1527 1057 1588 pa-

132 1589 269 1655 rantibus
291 1590 392 1664 subdi,
414 1591 562 1671 proximis
587 1593 722 1672 servire,
759 1594 838 1653 sieut
859 1590 993 1672 apostoli
1016 1590 1058 1655 le·

132 1680 247 1738 aeruna
280 1674 342 1755 Ipsi
363 1693 438 1736 nero
462 1693 535 1749 eum
554 1674 700 1737 adversus
722 1675 799 1739 haee
819 1674 952 1737 doaeant
973 1694 1057 1744 man·

132 1755 206 1823 data
235 1758 392 1823 bominum
432 1764 463 1821 et
494 1777 550 1818 sna
582 1760 722 1840 propria,
745 1758 922 1840 spirituales
949 1758 1055 1832 Patres

132 1847 212 1918 sunt,
234 1840 288 1905 sed
305 1839 473 1906 seeundum
497 1842 634 1922 spiritum
658 1844 778 1922 erroris,
803 1843 840 1904 de
864 1860 924 1921 quo
942 1840 1054 1911 Paulus

130 1923 282 2004 praedixit
313 1929 340 1989 1.
362 1925 495 1988 Timoth.
518 1923 556 1989 4:
593 1925 793 1992 Attendentes
827 1925 981 2006 spiritibus
1011 1944 1055 1986 er·

131 2011 218 2071 roris.
260 2008 340 2073 llam
362 2029 420 2074 neo
441 2009 592 2092 apostolia
620 2009 824 2071 obediendum
848 2016 945 2088 esset,
973 2007 1053 2069 adeo

131 2110 232 2171 aequa
265 2093 383 2173 angelis
420 2088 566 2157 adversus
600 2091 805 2159 obedientiam
835 2099 994 2172 parentum
1026 2099 1057 2150 et

132 2177 290 2241 ueritatem
322 2177 454 2256 proximi
481 2176 680 2256 ducentibus,
715 2185 830 2257 quanto
862 2177 960 2237 atinus
983 2174 1056 2237 obe·

132 2254 277 2316 diendum
301 2264 349 2318 est
367 2259 433 2319 istis
451 2260 552 2340 impiis
574 2262 775 2341 etsaurilegis.
796 2259 981 2336 hominibus,
1003 2257 1055 2327 de·

132 2339 294 2401 tertoribus
317 2359 408 2418 quam
431 2342 491 2403 aiut
517 2341 655 2405 infideles
679 2343 822 2406 attidem
848 2341 1056 2424 negantes¹Jl

132 2421 164 2485 si
196 2440 270 2491 vero
308 2420 454 2485 ducerent
487 2443 593 2504 puram
621 2423 733 2506 fidem,
766 2437 796 2487 st
829 2433 975 2508 parentes,
1004 2430 1057 2493 aut

111 2505 263 2586 ‚presumi
287 2513 317 2573 te
340 2505 458 2575 nollent
490 2505 529 2567 ab
564 2507 608 2569 eis
631 2507 769 2588 dissere,
790 2509 841 2569 hia
870 2510 961 2591 plane
992 2527 1055 2572 non

131 2596 236 2653 assent
256 2588 411 2670 audiendi,
434 2608 608 2670 quanquam
632 2611 670 2653 ne
692 2593 737 2653 sie
759 2591 881 2672 quidem
903 2597 1054 2673 perpetuo

132 2671 338 2735 obedientiam
363 2678 394 2735 et
415 2673 591 2735 servitutem
621 2668 683 2738 ullo
712 2676 854 2742 votoeis
876 2673 1056 2737 subtrahere

131 2753 244 2837 possis.
277 2754 347 2819 Non
372 2757 464 2835 enim,
487 2766 519 2819 nt
540 2755 632 2821 fldem
654 2756 765 2838 disses,
787 2777 914 2819 neeesse
936 2763 983 2818 est
1004 2776 1055 2840 pa

131 2839 267 2907 rentibus
294 2843 326 2909 et
353 2840 501 2920 proximis
529 2846 559 2905 ts
581 2840 718 2909 subtrahi
751 2847 780 2905 et
816 2841 883 2906 aliis
906 2843 1055 2922 perpetuo

131 2920 230 2993 subdi,
263 2923 373 2987 Paulus
396 2923 583 2989 Philemonis
600 2925 778 2993 Onesimum
793 2945 855 2987 non
872 2923 977 3000 filium,
1000 2923 1055 2991 sed

131 3025 252 3071 serrum
274 3007 335 3071 inm
357 3006 415 3073 eibi
444 3009 473 3069 in
497 3004 591 3075 fitium
626 3008 812 3090 spiritualem
843 3013 992 3088 genuerat
1024 3007 1055 3073 in

131 3089 261 3151 vinealis
284 3091 413 3169 positus,
434 3091 514 3158 sieut
533 3091 691 3174 gloriatur,
714 3101 744 3153 et
766 3103 835 3155 oum
859 3093 905 3153 ius
928 3091 1057 3157 haberet

131 3175 162 3232 in
185 3172 284 3251 ipsum
307 3173 388 3237 adan
412 3173 644 3254 Philemonem,
672 3195 764 3256 quem
787 3182 818 3238 et
839 3177 937 3256 ipsum
960 3194 1056 3256 genu-

131 3264 206 3333 erat,
229 3274 291 3317 non
314 3263 416 3319 mmen
438 3257 497 3318 sihi
512 3257 645 3336 subiicit,
666 3258 721 3321 sad
744 3260 817 3321 hero
842 3278 898 3321 suo
922 3256 1056 3340 remittit,

131 3340 197 3399 aius
224 3357 408 3403 eonsensum
435 3359 597 3420 quaerens.
642 3339 722 3418 Quid
752 3351 842 3425 putas
870 3341 1007 3424 lenisset,
1029 3342 1056 3405 si

131 3419 300 3487 Onesimus
321 3422 429 3485 fuisset
449 3423 554 3491 filiast
588 3425 630 3487 Et
652 3427 759 3503 nostri,
782 3446 849 3487 eum
873 3424 1057 3506 nenfldem,

131 3524 190 3569 neo
220 3524 320 3582 saun,
349 3504 404 3569 sed
435 3506 539 3571 omnia
567 3509 718 3590 saerilega
751 3508 898 3586 doseant,
921 3509 1055 3589 avellere
1137 3508 1141 3513 ’

131 3587 247 3655 audeat
267 3587 347 3655 filios
371 3589 588 3669 aparentibus
609 3598 760 3673 perpetua
780 3594 934 3664 servitute.

408 3712 530 3720 ——u--n---·

203 3741 235 3814 *l
256 3722 289 3809 2,(
301 3740 375 3807 Patri
394 3742 420 3802 2.
459 3741 491 3815 1)
510 3714 733 3822 Insupriorea
749 3743 924 3821 negantibus.
