2392 4170
397 229 451 294 Pro
469 238 504 296 D.
524 232 644 295 Martino
662 229 792 298 Luthsro.
1018 240 1059 309 65

136 404 167 457 et
188 396 288 459 adhuo
310 402 414 480 purior
436 407 502 462 erat
523 400 791 478 Christianismus,
819 412 851 465 ut
873 405 911 464 de
934 406 1060 483 psuoio·

137 479 219 541 ribus
242 499 332 560 quam
355 503 437 545 nuno
463 484 661 551 dubitaretur.
697 485 839 546 Nondum
862 486 1061 548 habueratea

135 570 222 624 astas
245 564 426 627 Pontificum
444 569 619 648 tyrannicas
642 569 736 649 leges,
760 570 894 631 nondum
912 570 1061 631 habuerat

135 645 299 726 Magistros
339 659 462 712 nostros
492 651 697 730 Parisienses,
736 654 877 732 adeoque
914 655 1060 714 articulos

136 729 342 813 Parisienses,
385 736 434 812 qui
477 735 677 813 Evangeliom
718 737 796 796 adeo
835 738 1059 801 obsonrsssent.

136 813 280 875 Fortasse
312 817 454 877 meridies
478 828 541 878 erat
567 819 747 898 Evangelii,
770 840 852 880 nuno
873 840 982 900 vesper
1004 830 1061 897 est,

136 907 166 957 et
189 918 249 959 una
272 918 340 959 oum
370 902 639 981 peccatisnostris
663 903 752 962 etiarn
778 904 928 981 obesitas,
950 923 1061 983 peooa·

135 990 234 1043 torum
258 992 432 1045 nostrorum
456 986 648 1045 atrooissima
678 1003 802 1064 poena,
831 994 949 1047 mentes
972 1006 1060 1047 ooou-

136 1065 229 1143 parit,
253 1084 333 1145 quae
354 1087 410 1148 pro
436 1067 606 1148 Evangelio
631 1067 779 1128 humanas
803 1069 968 1145 doctrinas,
991 1071 1060 1132 Sor·

135 1146 236 1208 bonae
259 1150 447 1232 theologiam
472 1153 635 1232 suggessit.
670 1151 746 1211 Eam
770 1152 902 1231 poenam
925 1153 972 1213 his
987 1163 1059 1214 tem-

135 1231 261 1310 poribus
283 1252 322 1293 an
345 1254 408 1293 non
431 1235 544 1314 ubique
566 1235 777 1294 interminatur
799 1237 922 1315 spiritus
936 1237 1059 1296 Domini

134 1318 165 1374 in
190 1316 381 1396 prophetiis?
424 1316 464 1377 Et
486 1316 597 1380 Paulus
632 1318 675 1377 ait
695 1317 777 1395 sore,
807 1321 857 1397 qui
880 1338 899 1379 a
921 1318 980 1379 fide
1003 1318 1060 1379 dis·

135 1397 263 1473 sedant,
287 1400 338 1479 qui
361 1408 557 1483 corrumpant
587 1399 728 1462 humanis
751 1401 896 1462 dootrinis
918 1401 1061 1482 Evange-

134 1481 224 1558 linm,
253 1493 283 1542 et
311 1483 371 1544 hoo
399 1503 496 1564 genus
520 1484 627 1545 multa·
656 1485 686 1543 hi
715 1484 771 1544 nisi
801 1492 872 1545 sunt
901 1484 1061 1547 Sorbonae

133 1564 283 1645 theologi,
306 1586 366 1628 non
391 1567 531 1648 intelligo
555 1529 630 1646 quid
650 1568 725 1627 velit
747 1568 926 1647 Apostolus.

218 1648 327 1729 Vides,
357 1655 470 1730 leotor,
499 1651 664 1711 convenire
695 1670 806 1730 magua
834 1671 874 1712 ex
897 1662 982 1732 parte
1004 1651 1059 1711 Lu-

135 1732 222 1792 thero
245 1751 312 1792 oum
326 1733 479 1814 theologis
504 1734 666 1804 veteribus.
702 1732 825 1808 Quanto
839 1737 945 1795 iustius
969 1737 1060 1816 igitur

135 1816 164 1874 in
192 1815 352 1894 Magistros
375 1824 497 1878 nostros
519 1817 705 1877 Parisienses
727 1820 954 1899 retorserimns,
979 1822 1060 1899 inep-

136 1899 192 1957 tire
214 1917 279 1976 eos,
302 1901 354 1979 qui
374 1901 564 1981 theologiam
587 1900 676 1961 nobis
698 1902 919 1981 praesoribunt,
943 1921 982 1963 ue
1004 1921 1059 1981 per

135 1983 287 2043 somnium
318 1984 439 2062 quidem
468 1984 673 2046 celeberrimis
703 1983 854 2045 ecelesiae
882 1984 1060 2046 dootoribns

135 2065 313 2144 cogitatam.
357 2066 447 2142 Quod
470 2069 494 2127 si
518 2068 659 2147 impietas
681 2075 728 2127 est
749 2067 894 2147 refragari
910 2067 1058 2146 Patribus,

135 2166 227 2208 nemo
251 2152 347 2230 magis
370 2152 479 2231 impius
499 2159 546 2212 est
566 2150 788 2212 Parisiensibus
811 2151 1060 2232 disputatoribus,

136 2233 186 2311 qui
216 2232 246 2291 in
275 2232 495 2314 principalibus
518 2234 693 2312 theologiae
729 2235 804 2295 louis
828 2236 912 2295 velut
934 2255 974 2296 ex
998 2235 1058 2296 dia·

135 2321 233 2375 metro
256 2334 324 2377 oum
348 2316 488 2379 Patribus
510 2324 658 2397 pugnant.

224 2398 310 2460 Bona
331 2401 454 2462 Petrum
487 2419 558 2480 pars
587 2406 747 2479 peceatum
772 2411 864 2460 vooat
892 2414 923 2461 et
946 2403 1061 2479 vitium,

136 2481 284 2561 quidquid
306 2485 372 2544 sine
395 2485 501 2564 spiritu
525 2483 635 2545 Christi
660 2482 702 2544 fit.
735 2483 772 2542 tu
796 2503 857 2544 non
883 2484 975 2545 modo
999 2504 1060 2545 nou

134 2573 323 2646 pensatum»,
355 2567 409 2627 sed
437 2573 469 2628 et
504 2567 643 2627 meritum
673 2568 800 2644 oongrui
836 2577 964 2628 censent
993 2586 1062 2627 esse

135 2648 264 2710 moralia
279 2650 440 2732 quaedam,
453 2652 498 2711 sio
511 2651 686 2729 loquuntur,
700 2668 804 2727 opera.
828 2649 854 2710 Ο
870 2652 1061 2711 eaecitatem.

130 2731 223 2807 ,Bona
258 2734 379 2794 Petrum
417 2753 490 2813 pars
521 2739 614 2814 negat
654 2751 747 2812 posse
783 2732 881 2813 legem
918 2732 985 2793 lieri
1023 2733 1061 2795 ab

133 2814 260 2877 homins
281 2837 336 2896 per
364 2818 445 2878 vires
475 2817 646 2895 humanas,
669 2815 698 2874 hi
722 2815 922 2895 distinguunt.
969 2816 1060 2896 Audi,

135 2897 248 2979 leotor,
280 2901 466 2961 Parisienses
497 2900 720 2980 blasphemias,
748 2917 841 2979 posse
871 2901 971 2980 legem
995 2898 1061 2984 lieri

135 2983 238 3060 quoad
261 3002 389 3063 operum
411 2985 624 3061 substantiam,
647 3001 708 3042 oon
732 3001 825 3061 posse
849 2983 950 3063 quoad
975 3002 1059 3063 prae-

134 3066 276 3146 cipientis
295 3069 506 3144 intentionem,
529 3066 616 3146 quasi
638 3084 712 3125 vero
727 3075 848 3145 praeter
860 3066 1062 3127 substantiam

134 3151 237 3228 operis
254 3151 385 3232 amplius
414 3150 529 3231 aliquid
559 3150 694 3229 requirat
722 3149 890 3228 legislator.
935 3147 1060 3211 Utinam
1098 3146 1104 3157 '

135 3232 224 3312 mihi,
255 3234 458 3313 Parisienses,
488 3237 546 3294 ista
574 3252 679 3295 eoram
710 3233 868 3292 vobiscum
899 3233 928 3292 iu
960 3241 1064 3294 vestro

132 3315 187 3376 illa
209 3315 353 3378 Sorbona
375 3317 499 3379 daretur
522 3318 742 3390 commentari,
766 3323 798 3376 ut
822 3317 966 3393 viderem,
990 3337 1061 3377 unm

133 3417 190 3459 vos
212 3410 273 3462 tam
297 3402 401 3478 orossi,
424 3409 485 3461 tam
503 3399 608 3481 putidi,
632 3407 693 3459 tam
708 3397 874 3461 Sorbooioi
896 3399 1063 3461 commenti

133 3482 261 3562 puderet
283 3486 383 3546 etiarn.
421 3482 531 3547 Vestra
553 3490 600 3545 est
621 3482 683 3560 illa,
707 3482 843 3562 Magistri
867 3485 976 3560 nostri,
999 3502 1060 3546 uon

132 3565 260 3631 Luthsr’r
285 3568 458 3648 theologia,
490 3588 571 3648 quaa
601 3584 620 3626 a
649 3564 788 3626 Patribus
818 3567 966 3630 dissentit
1014 3566 1062 3629 Ad

133 3669 190 3710 ros
212 3652 328 3731 tragica
349 3653 408 3712 ista
430 3660 532 3713 vestra
554 3651 721 3736 pertinent,
751 3650 863 3732 impios
888 3670 977 3737 esse,
1012 3652 1063 3731 qui

134 3733 173 3797 ab
196 3734 347 3797 eoolesiae
369 3734 547 3796 dootoribns
569 3734 698 3797 variant.

149 3847 244 3892 lantbert
261 3859 313 3903 opp.
326 3849 354 3893 V.
370 3849 397 3893 Α.
416 3849 452 3892 td.
471 3848 513 3894 ret.
526 3848 583 3892 lrtrt.
600 3848 615 3890 t.
636 3859 658 3899 p.
677 3849 726 3891 Vol.
744 3848 782 3892 Vl.
964 3823 984 3886 b
