2392 4170
136 237 200 305 214
345 237 476 299 Assertio
496 256 571 297 omn.
590 245 644 296 art.
665 242 698 299 D.
715 242 752 301 it.
762 241 802 300 t
819 259 881 316 per.

198 393 305 475 tandi,
333 393 483 476 quidquid
507 415 612 461 rerum
635 388 768 478 videtui,
802 399 868 467 siue
888 400 1064 484 urnbetum,

198 477 264 541 sive
284 476 481 560 reprobatum
503 478 593 547 fuerit
614 499 633 545 a
654 498 839 563 quecunque
861 485 1004 555 crustu
1058 528 1064 541 ·

142 633 145 638 ·
221 597 321 679 Quam
344 596 516 677 maligniter
549 604 579 657 et
598 597 747 659 insidiosa
769 602 979 663 sanctissimis
1013 602 1064 666 iile

136 679 248 742 Christi
270 679 401 741 vicarius
424 687 528 760 captet
550 699 618 741 mea
640 678 742 744 verba.
787 682 839 745 Sic
868 686 947 746 enim
975 689 1065 768 penit

136 764 217 825 hunc
238 763 414 833 articulum,
443 780 481 824 ac
502 764 527 822 si
550 783 611 844 ege
632 765 778 826 voluerim
802 767 941 828 conciliis
962 771 1062 832 resisti

135 864 192 991 g'ru
226 848 359 908 cuiusvis
391 845 525 907 libidine.
576 846 643 929 Ege
673 848 754 908 enim
788 849 879 912 dnaui
925 853 1066 914 consitiis⁴

157 931 296 992 ‘ssentire
330 936 361 990 et
389 929 547 1004 resistere,
584 931 609 990 si
652 932 776 1009 quando
814 936 966 997 cantaria
1012 936 1062 998 eal

135 1013 310 1095 Scripturas
349 1013 397 1074 vel
430 1012 486 1073 sibi
519 1013 593 1092 ipsis
633 1015 819 1080 statuissent.
862 1015 1061 1099 &cripturam

136 1100 283 1178 inquam,
325 1097 396 1158 vulo
431 1095 562 1157 iudicem
599 1115 667 1157 asse
707 1100 916 1163 conciliorum.
970 1101 1062 1179 Quod

136 1181 199 1243 diui
233 1187 360 1262 prepter
393 1179 524 1240 eoncilia
569 1179 622 1239 itta
658 1182 843 1264 novissima,
886 1185 916 1244 in
951 1185 1062 1265 quibus

135 1263 212 1347 nihii
233 1263 389 1328 definitum
418 1271 466 1323 est
489 1263 575 1322 iuxta
596 1262 780 1344 Scripturas,
812 1266 865 1326 sed
889 1270 993 1330 omnia
1014 1288 1063 1330 se·

135 1347 271 1408 eundum
290 1366 375 1408 merc
397 1346 554 1407 hominurn
585 1351 698 1407 statiua
729 1356 760 1407 et
776 1351 912 1426 sumnia,
946 1352 971 1411 si
999 1370 1063 1432 qua

135 1432 251 1515 optima
273 1437 387 1493 statute
408 1437 489 1507 sunt,
510 1436 544 1488 ut
560 1430 662 1508 petius
677 1429 834 1492 hominum
847 1435 1063 1515 conciliabnia,

135 1533 226 1593 quam
262 1514 413 1575 ecclesiae
442 1510 574 1573 concilia
596 1511 698 1573 dicare
734 1517 846 1594 possis.
889 1516 1064 1599 Numquid

138 1597 341 1660 Constantius
361 1602 507 1656 statutum
530 1596 579 1671 sit,
602 1595 771 1657 videbimus
793 1598 880 1661 infra.

216 1679 354 1758 Quodsi
377 1680 467 1740 etiam
492 1695 573 1739 nunc
596 1677 748 1751 dicerem,
771 1682 895 1744 cuilibet
915 1701 971 1763 pro
996 1682 1062 1745 iibi-

136 1764 205 1825 dine
228 1764 321 1825 licsre
350 1761 488 1824 conciliis
511 1763 669 1839 resistens,
704 1771 788 1824 recte
811 1763 961 1841 dicerem,
988 1768 1063 1847 quia

134 1848 262 1909 articulo
284 1844 490 1928 praecedente
513 1843 676 1905 confitetur
698 1848 908 1909 sanctissimus
930 1850 1062 1911 vicarius

134 1931 202 2007 nei,
225 1948 260 1992 se
279 1931 309 1991 in
325 1927 462 1990 conciliis
477 1926 679 1988 determinare
702 1948 748 2006 ea,
770 1948 850 2009 quae
871 1950 933 1992 nnn
954 1951 1062 1995 ueces-

133 2016 214 2076 saria
240 2010 371 2074 suntad
394 2010 541 2086 salutern,
573 2028 670 2089 eaque
699 2030 792 2092 pesse
814 2021 933 2075 vertere
954 2016 986 2076 in
1008 2034 1062 2077 na-

133 2097 277 2173 cessaria,
299 2094 370 2156 ideo
386 2110 450 2154 nun
472 2092 572 2153 solum
595 2103 692 2155 resisti
706 2115 732 2156 er
756 2095 866 2174 lacebit,
890 2097 1062 2180 sedetiam,

133 2181 211 2262 sicut
238 2178 365 2240 delirum
398 2182 450 2237 aut
490 2177 659 2238 morionem
695 2178 786 2240 rideri
825 2200 843 2240 a
873 2181 1063 2245 morionibus

133 2268 265 2344 oportet,
289 2261 394 2340 utqui
416 2260 446 2318 in
469 2258 561 2319 rebus
575 2261 670 2320 sacris
685 2269 770 2322 tanta
793 2263 842 2324 vel
864 2262 992 2346 levitate
1013 2265 1061 2328 rel

132 2345 266 2407 amentia
291 2345 382 2404 etiam
414 2343 508 2402 iocari
538 2349 568 2402 et
608 2345 714 2424 nugari
749 2350 812 2406 tum
843 2345 957 2408 audeat
983 2349 1061 2430 ipse,

131 2435 194 2489 tum
218 2426 311 2506 cc'gm
331 2426 419 2488 aiios.

215 2509 338 2572 Adduxi
361 2514 463 2570 autem
484 2527 542 2589 pro
559 2527 628 2568 mea
642 2511 793 2572 sententia
805 2511 1059 2576 Panormitaanm

133 2594 171 2655 de
192 2593 279 2659 elect.
304 2612 331 2658 a.
375 2591 577 2674 Significasti,
611 2592 780 2673 dicentem,
813 2594 883 2676 plus
906 2615 975 2658 esse
997 2615 1060 2660 cre

132 2677 264 2739 dendum
286 2671 339 2738 uni
360 2677 480 2756 pmvetu
502 2673 600 2752 fideti,
629 2693 721 2754 quam
744 2678 799 2737 toti
823 2679 974 2760 concilio,
1007 2688 1061 2742 aut

130 2780 241 2842 papae,
262 2763 287 2822 si
310 2761 466 2822 meliorem
490 2754 745 2819 autoritatemve!
769 2762 918 2822 rationem
937 2762 1057 2826 habeat.

132 2845 193 2907 Gur
213 2845 368 2905 huncncn
385 2841 541 2904 damnavit
553 2842 763 2903 sanctissimus
781 2842 890 2905 Christi
904 2845 1058 2908 vicarius?

131 2927 210 3005 Quid
232 2929 262 2989 in
286 2928 363 2988 meis
374 2926 475 2987 verbis
498 2922 607 2984 odiose
623 2925 809 3003 criminatur,
832 2940 912 3006 quae
934 2929 1059 2992 atinde

131 3010 286 3090 pendent?
308 3008 339 3071 Si
363 3011 414 3069 uni
435 3011 556 3089 privato
578 3007 647 3087 plus
671 3007 856 3070 credendum
880 3017 944 3090 est,
966 3020 1058 3093 quam

131 3094 264 3155 concilia
287 3093 317 3152 in
340 3092 444 3172 aliquo
468 3108 552 3163 casu,
575 3109 680 3151 noune
694 3093 1056 3157 sutoritsscnnciiinrum

130 3195 254 3256 qnoque
277 3174 415 3236 subiecta
437 3183 484 3236 est
505 3171 603 3232 eidem
628 3175 746 3254 privato
769 3173 874 3236 fideii?

212 3258 273 3321 Sed
295 3257 378 3338 finge
399 3257 647 3320 Panormitanum
670 3256 731 3316 hoc
753 3276 814 3320 non
838 3257 963 3338 dixisse,
984 3260 1057 3341 quid

130 3343 168 3402 ad
191 3341 318 3403 Paulum
342 3340 493 3414 dicemus,
523 3339 573 3418 qui
597 3337 697 3402 Galat.
713 3343 741 3404 1.
766 3340 851 3402 dicit:
873 3340 905 3403 si
928 3342 1057 3424 angelis

129 3425 168 3486 de
189 3425 278 3487 coelo
301 3423 382 3486 aliud
405 3422 676 3506 evangelisaverit,
699 3423 863 3487 anathema
884 3424 946 3486 siti
976 3425 1057 3489 Vide

129 3508 194 3587 hic,
218 3508 410 3570 sanctissime
432 3528 530 3590 papa,
552 3502 663 3566 Paulus
685 3506 849 3568 anathema
869 3507 954 3570 iubet
976 3528 1056 3589 esse,

129 3592 220 3653 etiam
243 3593 268 3652 si
290 3591 419 3673 angelus
432 3589 573 3653 decocto
595 3588 676 3649 aliud
690 3588 836 3652 docuerit.
878 3590 918 3652 Et
939 3600 1055 3672 quanto

130 3676 228 3757 magia
257 3673 423 3736 anafflsma
449 3693 521 3735 asse
547 3671 653 3750 debet,
683 3674 708 3732 si
729 3692 811 3771 papa
845 3673 1056 3739 deterreret

128 3759 293 3821 concilium
313 3756 354 3820 da
372 3757 491 3820 interno
513 3753 595 3821 aliud
616 3753 796 3818 docuerunt?
