2392 4170
380 244 524 308 testoni
544 248 656 308 οιιιιι.
677 265 703 309 ι
721 251 801 311 tant.
994 247 1059 318 bot

214 408 260 469 Τιι
288 415 413 495 egregie
442 413 629 492 disputator,
662 431 724 474 non
758 407 901 493 cogitasti
920 409 983 491 hoo
1005 413 1060 475 tibi

130 490 285 570 agendum
309 512 377 555 assa
399 496 430 554 in
455 498 573 575 primis,
595 505 628 556 nt
647 512 716 557 mcc
738 496 892 557 sententia
909 495 1006 573 tates,
1028 504 1060 557 ct

130 574 187 635 tca'
205 574 274 637 sole
297 596 385 658 vcra,
418 596 479 639 non
508 590 609 639 sutsrn
636 588 766 658 utraque
790 592 862 640 vcra
885 578 1059 641 rherctcr?

130 654 200 719 Hoc
221 660 301 719 enirn
325 678 386 741 ego
408 669 439 721 st
459 679 520 742 ego
536 672 567 722 et
581 664 640 742 egi,
663 669 696 722 nt
718 681 787 723 ntes
809 663 877 722 sois
901 680 983 736 vars,
1006 669 1059 722 tna

130 748 234 801 antem
255 741 333 804 {elsa
353 744 550 825 probaretur,
575 745 605 804 id
628 744 710 824 qnod
733 746 824 824 piane
846 746 906 804 iarn
930 745 968 805 de
989 746 1058 823 ipso

132 828 266 904 martyre
292 834 388 901 (teste
409 827 492 888 volni
515 829 632 900 diceret
647 828 788 888 *conieci
832 826 965 888 Sisaioi
989 842 1059 888 msa

133 924 207 979 sera
228 915 284 987 est,
308 920 338 970 st
350 910 524 990 Scripturas
547 928 655 970 sensns
678 913 786 970 unicus
804 922 838 969 et
850 912 986 990 ainsptex
1001 918 1059 987 est,

132 1000 216 1051 toan
248 1000 332 1053 certe
361 994 470 1054 falsam
499 1014 576 1062 osse¹
598 999 729 1074 oportet.
767 993 979 1074 Deinde-ego·
997 1012 1058 1054 non

104 1128 107 1138 .
132 1076 232 1153 spinos
260 1077 339 1136 sicut
367 1077 586 1137 Onthsriniana
618 1077 736 1137 arundo
769 1079 866 1136 sentis
895 1079 998 1136 variae
1029 1086 1060 1137 et

132 1158 322 1237 aequivocae
337 1160 549 1240 expositionis.
585 1159 653 1221 Non
668 1160 747 1233 dico,
771 1169 874 1240 potant
889 1178 952 1220 nnc
965 1161 1057 1225 niodo

132 1242 175 1300 sic
195 1240 272 1316 diei,
302 1250 406 1321 potest
427 1243 487 1302 aiio
511 1243 603 1303 modo
627 1243 672 1302 sic
694 1241 763 1318 dici,
785 1244 874 1302 tertio
898 1242 991 1305 modo
1013 1244 1058 1302 sic

133 1323 250 1383 dicitur.
293 1324 371 1385 Nam
401 1327 465 1386 istis
499 1326 598 1386 modis
628 1325 729 1385 dicere
757 1332 804 1385 est
825 1324 1059 1385 Ostharinaliter

132 1413 160 1466 et
181 1407 426 1475 Thonistrsliter
451 1409 566 1488 dicere,
601 1417 634 1468 at
664 1409 745 1469 idem
772 1420 820 1468 ast
848 1409 923 1467 nihii
947 1409 1057 1470 dicere.

134 1489 199 1568 Ego
222 1492 314 1551 nnico
334 1492 469 1572 -sirnpiiei
490 1499 523 1552 st
542 1501 628 1552 recto
648 1493 758 1551 itinere
770 1492 889 1567 incedo,
913 1494 1059 1571 regisque
1153 1499 1155 1502 ’

133 1573 180 1632 sia
201 1574 374 1654 ingredior,
408 1576 479 1636 dnm
511 1584 541 1633 tn
565 1574 732 1654 perderis
753 1583 784 1634 st
806 1575 982 1654 praecipitia
1007 1575 1058 1633 rni-

132 1658 257 1716 ssrrims
280 1662 402 1735 vagaris
433 1666 465 1720 et
485 1657 649 1718 collideris.
695 1657 801 1734 Certe,
832 1657 963 1736 qnando>
980 1658 1058 1717 baec

133 1740 223 1799 onice
246 1749 298 1800 tna
317 1741 375 1800 fnit
395 1741 521 1819 fidncia,
557 1739 640 1819 qnod
671 1741 801 1800 inventis
829 1741 982 1819 sospite
1005 1751 1058 1801 hro

132 1816 246 1901 glossis
274 1842 385 1902 posses
420 1844 504 1886 rnore
525 1824 716 1885 Thornistico
742 1823 789 1901 (id
813 1832 859 1882 est
881 1823 1054 1904 diabolico)

130 1905 294 1984 Scriptnris
316 1909 431 1967 sanctis
454 1911 514 1967 virn
543 1908 658 1982 iacere,
688 1915 719 1965 et
747 1907 776 1966 in
808 1907 908 1966 varias
932 1907 1058 1966 iaciniss

131 2007 275 2048 sensnum
299 1989 488 2071 discerpere,
526 1990 722 2050 vehementer
749 1989 860 2055 stultns
881 1991 911 2048 in
937 2009 998 2056 me,
1026 1997 1060 2049 st

132 2072 242 2151 impius
265 2073 296 2130 in
319 2073 416 2132 Deum
439 2073 552 2154 prodis.
582 2073 808 2133 Namhicrnihi
832 2073 931 2133 locunt
956 2074 1057 2152 aperis

132 2157 162 2212 in
198 2173 255 2214 vos
291 2155 459 2217 sceleratos
497 2157 690 2216 distinctorcs
718 2168 748 2216 et
782 2156 950 2234 sacrilegos
974 2155 1057 2215 verbi

134 2239 188 2296 Dei
212 2247 439 2316 cauponatores
461 2239 635 2319 invehendi,
656 2239 750 2318 pleno
772 2241 951 2315 stomacho,
975 2239 1058 2318 quod

132 2322 400 2400 esimpiicissitns
422 2323 479 2382 Dei
511 2324 636 2382 scritate
666 2323 755 2381 nobis
783 2323 936 2401 quandam
972 2322 1057 2401 logo·

133 2404 283 2463 michtam
307 2404 423 2483 facitis,
454 2413 487 2465 ut
509 2405 678 2485 Apostolos
700 2415 808 2482 vocet,
831 2425 849 2464 a
871 2423 933 2484 quo
955 2415 1058 2465 tamen

132 2486 284 2566 abstineo,
307 2488 454 2548 cohibens
476 2509 525 2549 me
547 2491 657 2568 ipsum.
701 2488 782 2547 Nihil
793 2490 873 2551 enirn
898 2491 1057 2549 mesorins

133 2572 206 2645 urit,
244 2589 335 2648 quarn
368 2571 543 2652 Scripturas
576 2570 787 2651 sacrilegium,
822 2580 854 2629 ut
890 2573 1057 2650 Apostolos

132 2653 278 2732 appeltat,
301 2661 333 2714 ct
353 2667 386 2714 nt
407 2655 733 2736 prophetsecismant,
755 2654 972 2714 hbriostiones
994 2654 1058 2713 ido·

133 2738 229 2797 iorum
246 2756 286 2796 ex
298 2756 374 2798 anno
387 2747 416 2797 et
427 2747 557 2818 argento
569 2738 704 2813 Domini,
721 2755 780 2795 nse
792 2739 910 2812 mirum,
933 2737 1057 2816 qnando

131 2822 193 2881 hoc
214 2828 377 2899 peccatum
407 2841 481 2900 pree
504 2823 613 2881 ceteris
640 2830 672 2880 et
699 2821 800 2899 ipsum
821 2820 919 2880 Deam
941 2821 1058 2880 irritare

133 2912 165 2962 ct
187 2905 357 2963 amaricare
379 2912 508 2965 testatur
530 2905 688 2984 Scriptura
708 2911 825 2965 ssnota.
1050 2914 1053 2919 '

214 2985 324 3047 Habeo
347 2989 438 3067 igitur
458 2989 637 3048 testimonio
647 2986 911 3047 'l'hornisticissimi
935 2985 1058 3048 stltaii·

133 3070 249 3128 nissimi
269 3068 423 3130 catherini
454 3071 533 3132 hsnc
563 3089 650 3130 mess
679 3073 849 3131 sententiae
879 3071 1059 3130 conintatio·

133 3171 218 3212 nern:
243 3151 334 3228 Quod
357 3162 444 3234 petra
466 3156 619 3234 significet
638 3154 808 3230 Christum,
829 3155 874 3212 sic
895 3156 975 3212 enim
998 3172 1057 3233 ego

135 3236 351 3313 conhrtandns,
374 3245 403 3296 et
418 3255 500 3297 nuno
511 3237 686 3298 confutatus
697 3237 869 3297 haereticus
882 3236 1058 3314 doonsrsrn,

135 3318 319 3398 habeboque
350 3338 487 3400 semper,
520 3321 620 3381 donso
650 3320 833 3380 Osthsnions
861 3319 1058 3398 cScriptnra

132 3402 286 3482 probabit,
308 3404 399 3462 stiam
421 3405 547 3482 irnpinm
562 3402 740 3465 Pontificem
763 3403 909 3482 appellari
929 3413 1057 3481 petram,

133 3485 217 3564 quon
239 3486 409 3565 praestabit
436 3488 639 3546 vircxirnins
668 3485 757 3545 sirnnl
787 3497 880 3565 stqns
903 3487 986 3545 mois
1008 3505 1059 3565 ps·

134 3570 255 3649 pererit.
299 3569 377 3630 Nam
401 3571 519 3630 etiamsi
540 3569 647 3630 Patres
666 3569 784 3648 aliquot
806 3569 845 3632 e,-
859 3569 981 3629 Petrum
1004 3587 1057 3629 nn·

134 3654 215 3713 mina
237 3658 344 3732 patras
366 3653 610 3732 appellaverunt,
631 3659 786 3732 ntonnqne
799 3651 922 3712 tolerari
944 3658 1080 3732 potest,

134 3743 261 3816 propter
285 3734 383 3796 iidem
414 3736 502 3798 notri.
551 3735 611 3796 bed
646 3736 720 3817 quia
738 3734 905 3815 antiptosis
937 3735 967 3795 id
986 3752 1057 3797 nnn
