2392 4170
368 280 450 339 nost
468 251 631 353 panau
650 279 685 337 ιι.
704 278 736 336 n
960 265 1022 342 ιιι

97 474 160 519 nou
182 473 277 538 snper
298 453 397 531 altari,
419 452 473 514 sad
496 460 588 535 su'psr
610 472 717 515 manse
731 450 983 514 Eucharistisru'
974 470 1019 514 ιιι

91 540 194 602 ,stituit
215 545 246 601 et
268 538 417 619 perfecit,
448 556 516 599 cum
538 537 589 599 lex
613 537 690 600 llosi
713 543 800 599 tanto
828 538 930 619 rigore
950 555 1020 619 pro·

95 623 228 685 hibnerit
250 621 415 704 quidquam
438 621 537 683 offerri
560 630 648 684 extra
672 621 817 702 templum
841 641 895 684 seu
916 621 1018 683 locum

96 726 116 767 a
137 707 205 768 Deo
234 706 376 767 electum.
419 704 459 767 Et
480 706 612 786 apostoli
636 706 739 768 Actor.
764 708 807 784 2,
844 725 912 768 cum
942 705 1020 767 alias

97 790 210 869 ubique
239 789 351 870 Legem
376 793 552 869 servarent,
577 796 677 850 tamen
700 809 812 871 panem
839 789 1022 871 frangebant

97 893 159 935 non
195 874 225 933 iu
258 873 395 953 templo,
427 871 482 933 sed
519 875 601 934 circa
634 873 769 948 domos,
792 878 824 934 ut
846 873 943 934 Lucas
966 874 1019 936 ait.

98 956 202 1033 Quare
223 959 313 1018 etiam
327 957 386 1017 hac
406 958 525 1016 ratione
543 955 680 1018 Christus
702 957 829 1039 pulchre
850 957 1021 1038 praevenit,-

98 1060 137 1102 na
166 1039 348 1101 sacrificium
378 1058 447 1100 esse
469 1041 567 1121 possit
599 1041 713 1102 donum
748 1061 835 1102 suum
857 1041 918 1102 hoc
940 1040 1022 1103 salu·

99 1133 173 1185 tare.
218 1122 356 1184 Arbitror
385 1129 486 1184 autem
510 1143 564 1184 eos
588 1125 682 1185 luisse
703 1132 822 1206 motos,
850 1132 884 1185 ut
905 1123 1021 1187 sacrifi·

98 1208 179 1268 mum
200 1207 348 1283 facerent,
370 1215 491 1288 praeter
512 1207 607 1269 verbs
629 1209 786 1286 (lenonis,
809 1229 848 1269 ex
870 1208 939 1289 ipsa
960 1207 1019 1269 els-

99 1291 232 1352 vatione
285 1293 323 1351 At
351 1289 423 1369 quid
459 1291 571 1352 facient
609 1292 647 1353 de
681 1293 789 1354 hostiis
817 1312 873 1373 pro
901 1290 1019 1373 pupulo

97 1374 345 1436 consecratisi·
367 1373 509 1453 Nunquid
532 1375 605 1436 illae
638 1376 818 1437 elevantur?
804 1375 908 1437 titt
947 1373 1019 1454 quid

99 1455 197 1519 differt
209 1457 354 1519 sacerdos
368 1465 397 1518 θι
408 1458 560 1538 populus
553 1479 581 1519 ru
596 1459 788 1520 Eucharistia
800 1457 1035 1557 percipiendei·

99 1542 156 1602 uisi
178 1541 260 1621 quod
283 1540 429 1602 secerdos
452 1551 614 1603 consecrat
636 1550 667 1604 et
688 1544 836 1605 ministrat
865 1538 1020 1604 uitiosi

98 1623 292 1706 ergoiuflrmi
314 1632 366 1684 aut
381 1624 563 1687 accedentes
585 1627 784 1708 percipiendo
797 1625 1020 1688 Eucharistiaur

97 1727 160 1770 non
184 1707 367 1785 sacrificant,
390 1714 422 1769 ut
445 1728 535 1769 nemo
558 1709 685 1784 dubitat
710 1729 790 1790 quae
806 1709 1023 1771 dementiaest

98 1791 268 1853 sacerdotis
290 1791 513 1853 Eucharistiam
542 1792 723 1855 sacrificium
746 1795 868 1869 iacere,
897 1812 964 1854 cum
987 1793 1019 1853 in

98 1893 135 1936 ea
164 1895 289 1955 prorsus
316 1874 390 1935 nihil
417 1875 531 1937 habeat
557 1896 631 1957 prae
652 1877 734 1938 illis?
777 1877 836 1940 Sed
872 1876 1019 1958 populum

99 1958 182 2019 Deus
204 1960 339 2019 servavit
368 1961 398 2018 iu
422 1959 618 2040 simplicitate
641 1967 833 2038 manentem,
856 1979 911 2022 eos
934 1977 1019 2035 vero,

98 2042 150 2122 qui
171 2061 204 2103 se
215 2043 301 2124 ipsos
314 2042 491 2103 sacerdotes
504 2044 642 2105 feceruut
662 2051 693 2105 et
716 2044 783 2107 aliis
798 2043 1019 2123 praetulerunt,

98 2124 221 2186 tradidit
249 2127 279 2185 in
304 2144 427 2186 sensnm
456 2126 638 2206 reprobum,
660 2135 694 2190 ut
716 2135 748 2190 et
768 2128 859 2189 fldem
883 2146 1018 2187 commu·

98 2228 168 2270 nem
191 2208 297 2290 populi
324 2210 505 2270 amitterent.
550 2211 635 2274 Haec
661 2211 859 2275 modo‘dlcta
887 2211 958 2273 volo
981 2208 1021 2271 de

98 2291 199 2353 verbis
214 2292 261 2352 his
283 2292 474 2374 salutaribus,
498 2313 678 2375 quaespero
701 2296 775 2356 satis
792 2294 914 2357 abunde
927 2292 1019 2355 fldem

98 2375 216 2436 facture
247 2377 306 2456 piis
332 2376 547 2454 conscientiis,
576 2386 609 2438 ut
636 2380 719 2440 omni
747 2381 851 2458 posito
873 2376 1020 2458 scrupulo

98 2458 302 2520 cum-fiducia
324 2465 443 2539 ponant
464 2467 494 2520 et
515 2461 657 2521 saonfioii
670 2463 859 2541 opinionem,
882 2463 1025 2522 teneant-

98 2560 159 2621 que
180 2543 353 2603 testameuti
376 2542 598 2605 certitudinem.
641 2544 802 2625 Reliquum
825 2551 887 2622 est,
910 2553 944 2605 ut
964 2543 1020 2605 ob·

98 2626 185 2686 iestis
215 2645 320 2688 eorum
350 2625 609 2705 respondeamus,
638 2645 823 2708 quanquam,
845 2594 897 2687 ubi
919 2625 1021 2689 verbis

98 2708 209 2770 divinis
231 2711 305 2770 certi
326 2709 398 2770 lacti
420 2728 533 2785 sumus,
558 2709 680 2772 obiecta
701 2713 817 2792 magis
821 2716 1022 2772 contemnere

99 2811 190 2870 quam
212 2791 361 2890 repellere
383 2797 535 2873 oporteat,
558 2800 659 2854 tamen
672 2794 801 2855 infirmis
824 2792 1024 2854 conscientiis

99 2895 139 2936 ax
162 2876 245 2936 omni
267 2878 354 2956 parte
377 2875 571 2936 serviendum
602 2884 665 2952 est,
700 2884 733 2940 ut
758 2877 893 2958 undique
915 2875 1022 2937 firmae

99 2960 167 3018 sint
181 2965 213 3019 et
232 2979 294 3020 non
318 2964 434 3021 nutent.
1018 2992 1021 2997 ·

436 3143 488 3203 De
511 3142 679 3205 Oenone.

184 3296 284 3359 Primo
305 3297 450 3359 obiiciant
471 3298 629 3359 Cononem
659 3302 768 3376 [quem
791 3302 906 3358 vocant
927 3297 1022 3359 maio

99 3378 226 3461 rem),
217 3400 248 3440 ru
272 3400 332 3460 quo
362 3381 493 3442 sacrifex
516 3381 603 3441 dicit:
636 3381 722 3441 Haec
743 3378 836 3458 dona,
859 3380 938 3441 haec
959 3399 1023 3442 mu·

99 3483 184 3540 nere,
206 3462 285 3524 haec
305 3469 412 3524 sancto
442 3463 592 3524 sacrificia
613 3463 740 3525 illibata
785 3429 836 3523 Er
851 3462 929 3524 inira
951 3469 1023 3545 post

99 3549 380 3608 consecrationem:
409 3546 549 3614 Hostiam
571 3566 698 3627 puram,
721 3546 853 3608 hostiam
875 3556 1041 3626 sanctam„

99 3629 231 3690 hostiam
254 3629 479 3690 immaculatam
503 3638 560 3691 etc
590 3631 658 3692 Hoc
680 3629 926 3691 obiectumaliud
949 3629 1024 3692 nihil

100 3711 174 3788 vult,
197 3732 288 3793 quam
310 3712 394 3793 quod
422 3712 523 3773 solent
511 3715 668 3789 tiactare,
689 3713 805 3790 Patres,
828 3720 941 3795 patres,
963 3714 1024 3775 De·

100 3801 203 3876 creta,
238 3794 383 3887 decreta,
413 3794 556 3858 Ecclesia
565 3795 754 3879 ‚ecclesia,
776 3797 896 3877 quoties
924 3814 982 3858 uos
1003 3814 1024 3857 s
