2392 4170
441 250 522 309 [loel-
541 250 621 310 nort.
640 247 740 317 Itntlt.¹
993 243 1056 317 299

132 413 199 481 vult
228 413 334 479 omnis
365 413 430 477 lteri
462 415 494 477 in
516 415 650 496 proximi
680 415 890 478 eommodum.
947 412 1055 477 Senxil

132 516 207 579 ergo
229 497 284 561 tibi
305 496 494 577 titomrsn,
526 507 558 560 ut
593 517 697 562 eorem
719 501 788 579 ipso
816 500 918 581 possis
940 499 1056 561 nubere

132 589 185 647 sot
206 579 330 644 eoelebs
353 582 456 644 slvere
477 581 645 664 liberrime,
685 602 744 645 nee
771 583 853 646 bene
883 583 1056 645 libertatem

132 665 229 729 voluit
251 665 359 727 muteri
381 685 474 747 posse
496 668 574 735 inter
595 668 695 748 ipsum
718 675 747 728 et
769 672 809 728 te.
852 667 959 747 Neque
972 668 1053 731 enirn
1132 688 1136 694 ·

132 750 256 830 petitur,
277 756 310 811 ut
331 756 362 812 te
382 749 441 811 sibi
463 749 541 832 liges
563 758 593 811 et
616 750 799 832 obstringas,
821 752 873 831 qui
895 757 925 812 te
946 751 976 811 in
991 769 1054 812 om·

132 833 222 895 nibus
242 832 337 897 solvit
357 837 390 895 et
411 832 537 895 liberum
561 833 643 909 broit,
666 835 782 915 elinqni
804 834 878 914 quid
899 840 980 894 esset
1003 851 1055 895 vo-

133 923 206 996 tum,
228 917 286 979 nisi
309 916 501 999 liguriam,
524 917 607 997 quod
631 918 683 979 ille
703 917 787 980 inbet
809 938 879 980 esse
899 916 1055 979 solutum?

133 997 245 1065 Verum
273 1000 332 1063 beo
364 999 505 1065 libertate
528 1020 590 1062 non
612 1002 771 1082 probibet,
806 1004 877 1083 quin
911 990 1054 1082 proximo

132 1090 186 1144 tuo
208 1088 238 1144 te
261 1085 360 1164 poesis
383 1083 576 1166 obstringere
599 1084 763 1166 elligere,
802 1087 874 1166 quis
895 1085 1056 1167 proximus

133 1175 202 1233 tour
225 1185 287 1231 non
320 1169 410 1231 lussit
441 1175 471 1230 te
492 1168 626 1231 soletum
660 1177 691 1231 et
715 1169 841 1231 liberum
863 1188 948 1245 esre,
977 1171 1057 1230 sieut

133 1251 227 1315 lleue.
268 1248 393 1331 Alioqui
414 1251 520 1315 lieeret
542 1260 573 1313 et
588 1259 896 1334 omneeeontrnotns,
920 1252 1054 1328 foedere,

132 1341 224 1415 poeto
246 1340 434 1416 eomponere
467 1343 500 1397 et
530 1353 673 1416 rumpere
702 1355 758 1416 pro
779 1335 915 1399 libidine.
958 1335 1056 1416 Igitur

132 1417 164 1481 in
186 1419 412 1484 matrimonium
446 1418 535 1483 dstns
574 1421 635 1482 ism
663 1420 694 1481 in
727 1420 852 1481 alterius
883 1438 916 1480 es
937 1420 1003 1480 iure
1025 1426 1057 1480 et

133 1506 303 1582 potestate,
334 1501 416 1582 quod
452 1503 500 1563 ios
521 1503 605 1567 Deos
627 1521 689 1565 non
710 1503 776 1572 nult
797 1503 839 1564 illi
860 1504 956 1565 invito
978 1505 1072 1584 rspi„

134 1590 167 1649 nt
188 1583 245 1651 sibi
268 1587 393 1653 servies.
435 1586 551 1649 'lemen
574 1588 601 1647 ei
622 1593 722 1648 eesset
731 1585 808 1648 illud
831 1588 877 1648 ius
899 1586 948 1649 vel
964 1587 1055 1647 mori-

133 1674 205 1731 ente
226 1669 360 1751 ooniuge
382 1668 433 1730 vel
455 1671 678 1750 eonsentiente‚
701 1689 776 1733 eeee
787 1671 907 1752 integre
928 1678 960 1732 et
969 1670 1056 1732 solve

133 1751 187 1817 tibi
208 1759 258 1813 est
279 1753 404 1815 llbertss
426 1753 504 1815 inter
526 1760 556 1815 te
578 1760 609 1815 et
622 1753 730 1832 Deum,
752 1755 831 1814 sieut
844 1755 926 1834 prius
940 1753 1053 1814 nuben-

133 1834 163 1896 di
187 1840 218 1897 et
238 1836 425 1903 eontinendi.
1117 1900 1121 1907 ,

215 1917 291 1981 Tele
327 1939 401 2001 ergo
431 1925 478 1981 est
515 1927 618 1981 votnm
652 1919 823 1981 coelibatus
845 1939 920 2000 erge
943 1920 1053 2000 Deum,

134 2000 225 2080 quale
247 2009 329 2067 esset
350 2012 473 2084 paetum
486 2003 620 2084 eoningii
633 2003 742 2065 merito
755 2002 880 2078 laetum,
903 2004 965 2063 inm
977 2021 1056 2064 mor·

133 2090 187 2146 tno
208 2091 262 2147 ent
282 2093 389 2149 mutuo
421 2106 576 2153 eonseneu
598 2094 742 2166 seperate
764 2092 798 2147 et
818 2086 926 2147 libero.
970 2085 1057 2147 Siout

133 2169 215 2229 enim
237 2170 363 2231 meritus
383 2177 521 2232 mortuns
544 2169 592 2233 vel
616 2170 689 2237 (leto
711 2169 834 2231 lieentie
856 2169 909 2232 tibi
933 2170 1054 2249 eopienr

133 2249 206 2311 istit
228 2252 404 2315 pertinendi
426 2253 531 2332 libere,
554 2272 708 2334 nunqnam
724 2260 906 2334 eeeepturus
924 2252 1055 2333 emplius

133 2330 278 2411 oopulern
301 2339 395 2412 tuem,
418 2334 565 2397 roboreto
587 2339 666 2398 inter
688 2355 744 2398 vos
766 2338 908 2417 utrinque
929 2335 1056 2397 firmiter

133 2420 226 2495 poeto
260 2414 365 2492 literis,
388 2416 496 2497 sigiliis
519 2425 551 2479 et
571 2419 716 2500 testibus,
740 2426 772 2479 et
792 2427 824 2480 tn
846 2420 938 2481 stulte
951 2416 980 2501 ¹)
1003 2438 1054 2481 ve

133 2499 179 2563 lut
198 2516 344 2579 magnum
372 2499 490 2561 tantors
518 2501 627 2562 merito
650 2500 752 2563 denuo
775 2502 931 2582 spondeas
952 2504 980 2563 ei
1002 2521 1054 2564 eo·

132 2580 239 2662 pulsor
262 2583 458 2662 matrimonii,
479 2582 587 2645 volens
610 2583 670 2645 heo
690 2584 759 2663 ipse
779 2587 950 2665 sponsione
974 2586 1053 2665 prio·

132 2684 196 2726 rem
219 2667 339 2747 oopiem
373 2666 550 2727 eontinendi
585 2685 646 2728 non
682 2667 781 2727 solnm
815 2667 961 2730 roborare
999 2668 1054 2730 sed

133 2768 278 2829 superare
299 2755 332 2813 et
365 2749 567 2812 extollentius
599 2749 737 2831 implere.
780 2749 892 2812 Nonne
920 2757 951 2811 te
974 2751 1056 2814 dieet

132 2833 295 2898 imorem?
335 2833 383 2897 lle
406 2835 485 2895 lleus
518 2835 548 2895 in
583 2828 738 2914 baptismo
759 2841 884 2915 paetum
907 2833 1054 2896 libertatis

132 2921 235 2981 teettm
253 2916 344 2995 feeit,
375 2922 409 2980 ut
430 2917 560 2979 liberum
581 2915 635 2978 tibi
663 2925 746 2980 esset
767 2924 917 2999 perpetuo
940 2916 1056 2978 nubere

132 3005 164 3057 et
183 3000 356 3078 portinere,
392 3019 452 3065 nee
471 3000 603 3082 emplius
625 3008 806 3082 eeeeplurus
828 3000 959 3063 libertati
983 3000 1055 3075 lruio

131 3081 352 3149 adversarium.
394 3084 487 3162 rtem,
511 3090 544 3147 nt
563 3083 645 3146 bene
660 3084 833 3147 libertatem
855 3086 1002 3145 maiorem
1025 3090 1056 3145 et

132 3165 344 3244 perfectiorem
365 3167 488 3246 reddes,
510 3184 609 3231 rores
622 3173 653 3228 et
673 3167 817 3230 vovendo
831 3169 862 3230 in
876 3168 1052 3229 servitutem

133 3257 164 3308 et
186 3251 399 3312 neeessitntem
430 3257 539 3315 mutet.
582 3250 663 3327 Quid
686 3253 824 3312 insenius
845 3250 909 3313 fleri
932 3251 1054 3331 potest?

132 3331 264 3393 Proinde
298 3333 437 3414 religiosi
468 3335 594 3415 proprie
622 3343 694 3395 sunt
719 3336 854 3396 eultores
876 3333 983 3414 Beel,·
1002 3334 1054 3415 qni

133 3415 231 3483 Deum
252 3415 310 3477 sibi
332 3418 473 3479 meritum
494 3418 604 3479 volunt
621 3418 725 3480 faeere
746 3419 892 3480 servitute
905 3419 979 3498 voti,
1003 3418 1054 3497 qui

132 3517 188 3559 eor
220 3498 334 3561 liberos
367 3498 438 3561 ieeit
476 3499 618 3563 libertste
638 3501 812 3583 Evangelii.
863 3500 940 3562 Beel
972 3503 1052 3561 enim

131 3582 272 3647 meritum
295 3589 395 3660 sonet,
418 3583 470 3662 qni
493 3585 655 3665 noningem
677 3585 781 3647 hebet.
825 3583 870 3645 lts
892 3603 954 3646 non
980 3602 1053 3646 eon·

196 3726 233 3835 r)
253 3762 484 3824 terremotum,
