<?xml version="1.0" encoding="UTF-8"?>
<!DOCTYPE html PUBLIC "-//W3C//DTD XHTML 1.0 Transitional//EN"
    "http://www.w3.org/TR/xhtml1/DTD/xhtml1-transitional.dtd">
<html xmlns="http://www.w3.org/1999/xhtml" xml:lang="en" lang="en">
 <head>
  <title>
</title>
<meta http-equiv="Content-Type" content="text/html;charset=utf-8" />
  <meta name='ocr-system' content='tesseract 3.04.00' />
  <meta name='ocr-capabilities' content='ocr_page ocr_carea ocr_par ocr_line ocrx_word'/>
</head>
<body>
  <div class='ocr_page' id='page_1' title='image "./dmartinilutheri03luthgoog_0164.png"; bbox 0 0 2392 4170; ppageno 0'>
   <div class='ocr_carea' id='block_1_1' title="bbox 373 198 1063 320">
    <p class='ocr_par' dir='ltr' id='par_1_1' title="bbox 373 198 1063 320">
     <span class='ocr_line' id='line_1_1' title="bbox 373 198 1063 320; baseline 0.017 -12"><span class='ocrx_word' id='word_1_1' title='bbox 373 253 536 309; x_wconf 78' lang='lat' dir='ltr'><strong>Antichristl</strong></span> <span class='ocrx_word' id='word_1_2' title='bbox 556 254 588 308; x_wconf 85' lang='lat' dir='ltr'><strong>D.</strong></span> <span class='ocrx_word' id='word_1_3' title='bbox 609 254 643 309; x_wconf 86' lang='lat' dir='ltr'><strong>ll.</strong></span> <span class='ocrx_word' id='word_1_4' title='bbox 655 198 807 310; x_wconf 69' lang='lat' dir='ltr'><strong>botherus.</strong></span> <span class='ocrx_word' id='word_1_5' title='bbox 1002 251 1063 320; x_wconf 80' lang='grc'><strong>153</strong></span> 
     </span>
    </p>
   </div>
   <div class='ocr_carea' id='block_1_2' title="bbox 92 409 1064 3729">
    <p class='ocr_par' dir='ltr' id='par_1_2' title="bbox 149 409 1062 489">
     <span class='ocr_line' id='line_1_2' title="bbox 149 409 1062 489; baseline 0 -18"><span class='ocrx_word' id='word_1_6' title='bbox 149 411 226 471; x_wconf 80' lang='lat' dir='ltr'><strong>tentia</strong></span> <span class='ocrx_word' id='word_1_7' title='bbox 248 429 288 470; x_wconf 88' lang='lat' dir='ltr'><strong>ne</strong></span> <span class='ocrx_word' id='word_1_8' title='bbox 312 410 436 471; x_wconf 89' lang='lat' dir='ltr'><strong>hiscere</strong></span> <span class='ocrx_word' id='word_1_9' title='bbox 458 409 579 489; x_wconf 87' lang='lat' dir='ltr'><strong>quidem</strong></span> <span class='ocrx_word' id='word_1_10' title='bbox 603 410 753 487; x_wconf 83' lang='lat' dir='ltr'><strong>audeant,</strong></span> <span class='ocrx_word' id='word_1_11' title='bbox 784 418 813 472; x_wconf 91' lang='lat' dir='ltr'><strong>et</strong></span> <span class='ocrx_word' id='word_1_12' title='bbox 836 411 1062 472; x_wconf 88' lang='lat' dir='ltr'><strong>meticulosissi·</strong></span> 
     </span>
    </p>

    <p class='ocr_par' dir='ltr' id='par_1_3' title="bbox 92 493 1061 579">
     <span class='ocr_line' id='line_1_3' title="bbox 92 493 1061 579; baseline 0 -25"><span class='ocrx_word' id='word_1_13' title='bbox 92 568 95 579; x_wconf 37' lang='grc' dir='ltr'>Ι</span> <span class='ocrx_word' id='word_1_14' title='bbox 148 512 210 554; x_wconf 86' lang='lat' dir='ltr'><strong>nam</strong></span> <span class='ocrx_word' id='word_1_15' title='bbox 234 493 316 554; x_wconf 89' lang='lat' dir='ltr'><strong>banc</strong></span> <span class='ocrx_word' id='word_1_16' title='bbox 344 494 457 555; x_wconf 89' lang='lat' dir='ltr'><strong>bullam</strong></span> <span class='ocrx_word' id='word_1_17' title='bbox 488 513 580 575; x_wconf 82' lang='lat' dir='ltr'><strong>aegre</strong></span> <span class='ocrx_word' id='word_1_18' title='bbox 607 496 787 557; x_wconf 89' lang='lat' dir='ltr'><strong>emutierint.</strong></span> <span class='ocrx_word' id='word_1_19' title='bbox 835 496 903 574; x_wconf 78' lang='lat' dir='ltr'><strong>Ego</strong></span> <span class='ocrx_word' id='word_1_20' title='bbox 925 496 1061 554; x_wconf 89' lang='lat' dir='ltr'><strong>inimico·</strong></span> 
     </span>
    </p>

    <p class='ocr_par' dir='ltr' id='par_1_4' title="bbox 92 577 1060 658">
     <span class='ocr_line' id='line_1_4' title="bbox 92 577 1060 658; baseline 0 -22"><span class='ocrx_word' id='word_1_21' title='bbox 92 590 94 649; x_wconf 61' lang='lat' dir='ltr'><strong><em>g</em></strong></span> <span class='ocrx_word' id='word_1_22' title='bbox 147 596 197 636; x_wconf 85' lang='lat' dir='ltr'><strong>ram</strong></span> <span class='ocrx_word' id='word_1_23' title='bbox 222 577 297 658; x_wconf 84' lang='lat' dir='ltr'><strong>fuga</strong></span> <span class='ocrx_word' id='word_1_24' title='bbox 328 584 447 640; x_wconf 87' lang='lat' dir='ltr'><strong>erectus</strong></span> <span class='ocrx_word' id='word_1_25' title='bbox 478 578 560 638; x_wconf 91' lang='lat' dir='ltr'><strong>hane</strong></span> <span class='ocrx_word' id='word_1_26' title='bbox 588 579 800 639; x_wconf 79' lang='lat' dir='ltr'><strong>meticulosam</strong></span> <span class='ocrx_word' id='word_1_27' title='bbox 832 579 1060 639; x_wconf 80' lang='lat' dir='ltr'><strong>damnationem</strong></span> 
     </span>
    </p>

    <p class='ocr_par' dir='ltr' id='par_1_5' title="bbox 92 658 1061 1486">
     <span class='ocr_line' id='line_1_5' title="bbox 92 658 1061 741; baseline 0 -22"><span class='ocrx_word' id='word_1_28' title='bbox 92 658 95 679; x_wconf 85' lang='lat'><strong>¹</strong></span> <span class='ocrx_word' id='word_1_29' title='bbox 149 660 200 720; x_wconf 86' lang='lat' dir='ltr'><strong>rice</strong></span> <span class='ocrx_word' id='word_1_30' title='bbox 231 662 467 740; x_wconf 76' lang='lat' dir='ltr'><strong>approbationis</strong></span> <span class='ocrx_word' id='word_1_31' title='bbox 494 661 724 722; x_wconf 80' lang='lat' dir='ltr'><strong>robustissimae</strong></span> <span class='ocrx_word' id='word_1_32' title='bbox 752 668 881 741; x_wconf 88' lang='lat' dir='ltr'><strong>accepto</strong></span> <span class='ocrx_word' id='word_1_33' title='bbox 916 669 946 721; x_wconf 92' lang='lat' dir='ltr'><strong>et</strong></span> <span class='ocrx_word' id='word_1_34' title='bbox 974 681 1061 721; x_wconf 91' lang='lat' dir='ltr'><strong>suam</strong></span> 
     </span>
     <span class='ocr_line' id='line_1_6' title="bbox 148 743 1059 824; baseline 0.001 -23"><span class='ocrx_word' id='word_1_35' title='bbox 148 743 244 805; x_wconf 86' lang='lat' dir='ltr'><strong>ineos</strong></span> <span class='ocrx_word' id='word_1_36' title='bbox 278 746 364 823; x_wconf 86' lang='lat' dir='ltr'><strong>ipsos</strong></span> <span class='ocrx_word' id='word_1_37' title='bbox 392 754 556 824; x_wconf 85' lang='lat' dir='ltr'><strong>retorqueo</strong></span> <span class='ocrx_word' id='word_1_38' title='bbox 586 746 824 807; x_wconf 81' lang='lat' dir='ltr'><strong>damnationem.</strong></span> <span class='ocrx_word' id='word_1_39' title='bbox 875 745 944 819; x_wconf 74' lang='lat' dir='ltr'><strong>Qua</strong></span> <span class='ocrx_word' id='word_1_40' title='bbox 980 745 1059 803; x_wconf 92' lang='lat' dir='ltr'><strong>enim</strong></span> 
     </span>
     <span class='ocr_line' id='line_1_7' title="bbox 150 826 1059 908; baseline 0.001 -23"><span class='ocrx_word' id='word_1_41' title='bbox 150 827 249 886; x_wconf 88' lang='lat' dir='ltr'><strong>ratione</strong></span> <span class='ocrx_word' id='word_1_42' title='bbox 271 831 403 908; x_wconf 87' lang='lat' dir='ltr'><strong>seipsos</strong></span> <span class='ocrx_word' id='word_1_43' title='bbox 426 834 553 908; x_wconf 86' lang='lat' dir='ltr'><strong>possent</strong></span> <span class='ocrx_word' id='word_1_44' title='bbox 575 829 673 907; x_wconf 87' lang='lat' dir='ltr'><strong>magis</strong></span> <span class='ocrx_word' id='word_1_45' title='bbox 694 829 850 904; x_wconf 87' lang='lat' dir='ltr'><strong>damnare,</strong></span> <span class='ocrx_word' id='word_1_46' title='bbox 873 847 964 906; x_wconf 85' lang='lat' dir='ltr'><strong>quam</strong></span> <span class='ocrx_word' id='word_1_47' title='bbox 988 826 1059 886; x_wconf 92' lang='lat' dir='ltr'><strong>dum</strong></span> 
     </span>
     <span class='ocr_line' id='line_1_8' title="bbox 152 911 1060 985; baseline -0.002 -16"><span class='ocrx_word' id='word_1_48' title='bbox 152 916 267 970; x_wconf 83' lang='lat' dir='ltr'><strong>metuunt</strong></span> <span class='ocrx_word' id='word_1_49' title='bbox 292 913 403 973; x_wconf 87' lang='lat' dir='ltr'><strong>erroris</strong></span> <span class='ocrx_word' id='word_1_50' title='bbox 426 919 456 970; x_wconf 91' lang='lat' dir='ltr'><strong>et</strong></span> <span class='ocrx_word' id='word_1_51' title='bbox 477 911 642 974; x_wconf 84' lang='lat' dir='ltr'><strong>haereseos</strong></span> <span class='ocrx_word' id='word_1_52' title='bbox 670 913 712 971; x_wconf 91' lang='lat' dir='ltr'><strong>rei</strong></span> <span class='ocrx_word' id='word_1_53' title='bbox 734 912 880 985; x_wconf 87' lang='lat' dir='ltr'><strong>inveniri,</strong></span> <span class='ocrx_word' id='word_1_54' title='bbox 913 912 936 970; x_wconf 87' lang='lat' dir='ltr'><strong>ai</strong></span> <span class='ocrx_word' id='word_1_55' title='bbox 966 911 1060 976; x_wconf 85' lang='lat' dir='ltr'><strong>ratio·</strong></span> 
     </span>
     <span class='ocr_line' id='line_1_9' title="bbox 154 993 1058 1074; baseline -0.001 -23"><span class='ocrx_word' id='word_1_56' title='bbox 154 1011 206 1052; x_wconf 83' lang='lat' dir='ltr'><strong>uem</strong></span> <span class='ocrx_word' id='word_1_57' title='bbox 228 993 353 1054; x_wconf 88' lang='lat' dir='ltr'><strong>reddere</strong></span> <span class='ocrx_word' id='word_1_58' title='bbox 377 1003 575 1074; x_wconf 83' lang='lat' dir='ltr'><strong>cogerentur,</strong></span> <span class='ocrx_word' id='word_1_59' title='bbox 606 993 644 1054; x_wconf 90' lang='lat' dir='ltr'><strong>ad</strong></span> <span class='ocrx_word' id='word_1_60' title='bbox 667 995 727 1053; x_wconf 90' lang='lat' dir='ltr'><strong>hoc</strong></span> <span class='ocrx_word' id='word_1_61' title='bbox 749 1001 918 1054; x_wconf 87' lang='lat' dir='ltr'><strong>extremum</strong></span> <span class='ocrx_word' id='word_1_62' title='bbox 942 1000 972 1052; x_wconf 92' lang='lat' dir='ltr'><strong>et</strong></span> <span class='ocrx_word' id='word_1_63' title='bbox 1002 993 1058 1051; x_wconf 85' lang='lat' dir='ltr'><strong>iru-</strong></span> 
     </span>
     <span class='ocr_line' id='line_1_10' title="bbox 154 1076 1061 1158; baseline -0.002 -21"><span class='ocrx_word' id='word_1_64' title='bbox 154 1081 284 1137; x_wconf 74' lang='lat' dir='ltr'><strong>oneum</strong></span> <span class='ocrx_word' id='word_1_65' title='bbox 298 1081 478 1140; x_wconf 83' lang='lat' dir='ltr'><strong>miserorum</strong></span> <span class='ocrx_word' id='word_1_66' title='bbox 503 1077 647 1158; x_wconf 84' lang='lat' dir='ltr'><strong>effugium</strong></span> <span class='ocrx_word' id='word_1_67' title='bbox 667 1076 819 1152; x_wconf 84' lang='lat' dir='ltr'><strong>labuntur,</strong></span> <span class='ocrx_word' id='word_1_68' title='bbox 840 1083 873 1136; x_wconf 94' lang='lat' dir='ltr'><strong>ut</strong></span> <span class='ocrx_word' id='word_1_69' title='bbox 893 1076 1006 1137; x_wconf 90' lang='lat' dir='ltr'><strong>clausis</strong></span> <span class='ocrx_word' id='word_1_70' title='bbox 1030 1081 1061 1137; x_wconf 84' lang='lat' dir='ltr'><strong>et</strong></span> 
     </span>
     <span class='ocr_line' id='line_1_11' title="bbox 154 1157 1060 1238; baseline 0 -21"><span class='ocrx_word' id='word_1_71' title='bbox 154 1157 230 1219; x_wconf 83' lang='lat' dir='ltr'><strong>caulis</strong></span> <span class='ocrx_word' id='word_1_72' title='bbox 251 1166 281 1220; x_wconf 91' lang='lat' dir='ltr'><strong>et</strong></span> <span class='ocrx_word' id='word_1_73' title='bbox 301 1161 424 1222; x_wconf 89' lang='lat' dir='ltr'><strong>auribus</strong></span> <span class='ocrx_word' id='word_1_74' title='bbox 447 1160 564 1222; x_wconf 84' lang='lat' dir='ltr'><strong>dicant:</strong></span> <span class='ocrx_word' id='word_1_75' title='bbox 595 1160 689 1236; x_wconf 88' lang='lat' dir='ltr'><strong>Nolo,</strong></span> <span class='ocrx_word' id='word_1_76' title='bbox 714 1159 845 1238; x_wconf 87' lang='lat' dir='ltr'><strong>damno,</strong></span> <span class='ocrx_word' id='word_1_77' title='bbox 869 1158 933 1220; x_wconf 85' lang='lat' dir='ltr'><strong>bon</strong></span> <span class='ocrx_word' id='word_1_78' title='bbox 957 1157 1060 1230; x_wconf 90' lang='lat' dir='ltr'><strong>audio,</strong></span> 
     </span>
     <span class='ocr_line' id='line_1_12' title="bbox 155 1243 1060 1325; baseline -0.002 -24"><span class='ocrx_word' id='word_1_79' title='bbox 155 1258 201 1301; x_wconf 84' lang='lat' dir='ltr'><strong>cca</strong></span> <span class='ocrx_word' id='word_1_80' title='bbox 218 1243 355 1307; x_wconf 88' lang='lat' dir='ltr'><strong>admitto.</strong></span> <span class='ocrx_word' id='word_1_81' title='bbox 383 1244 414 1305; x_wconf 82' lang='lat' dir='ltr'><strong>Si</strong></span> <span class='ocrx_word' id='word_1_82' title='bbox 426 1263 486 1324; x_wconf 85' lang='lat' dir='ltr'><strong>ego</strong></span> <span class='ocrx_word' id='word_1_83' title='bbox 499 1244 757 1325; x_wconf 83' lang='lat' dir='ltr'><strong>eicinsaniissem,</strong></span> <span class='ocrx_word' id='word_1_84' title='bbox 781 1243 922 1322; x_wconf 85' lang='lat' dir='ltr'><strong>obsecro,</strong></span> <span class='ocrx_word' id='word_1_85' title='bbox 945 1249 1060 1321; x_wconf 87' lang='lat' dir='ltr'><strong>quauta</strong></span> 
     </span>
     <span class='ocr_line' id='line_1_13' title="bbox 157 1322 1061 1408; baseline -0.002 -24"><span class='ocrx_word' id='word_1_86' title='bbox 157 1322 233 1401; x_wconf 79' lang='lat' dir='ltr'><strong>gloria</strong></span> <span class='ocrx_word' id='word_1_87' title='bbox 256 1327 286 1388; x_wconf 89' lang='lat' dir='ltr'><strong>io</strong></span> <span class='ocrx_word' id='word_1_88' title='bbox 309 1347 359 1388; x_wconf 92' lang='lat' dir='ltr'><strong>me</strong></span> <span class='ocrx_word' id='word_1_89' title='bbox 381 1327 623 1408; x_wconf 79' lang='lat' dir='ltr'><strong>triumpharent?</strong></span> <span class='ocrx_word' id='word_1_90' title='bbox 645 1327 823 1406; x_wconf 84' lang='lat' dir='ltr'><strong>Degeneres</strong></span> <span class='ocrx_word' id='word_1_91' title='bbox 837 1327 956 1386; x_wconf 87' lang='lat' dir='ltr'><strong>animos</strong></span> <span class='ocrx_word' id='word_1_92' title='bbox 970 1326 1061 1384; x_wconf 88' lang='lat' dir='ltr'><strong>timor</strong></span> 
     </span>
     <span class='ocr_line' id='line_1_14' title="bbox 156 1409 242 1486; baseline 0.023 -19"><span class='ocrx_word' id='word_1_93' title='bbox 156 1409 242 1486; x_wconf 81' lang='lat' dir='ltr'><strong>arguit.</strong></span> 
     </span>
    </p>

    <p class='ocr_par' dir='ltr' id='par_1_6' title="bbox 157 1490 1064 2320">
     <span class='ocr_line' id='line_1_15' title="bbox 220 1490 1060 1574; baseline -0.006 -22"><span class='ocrx_word' id='word_1_94' title='bbox 220 1490 283 1572; x_wconf 76' lang='lat' dir='ltr'><strong>Ego</strong></span> <span class='ocrx_word' id='word_1_95' title='bbox 314 1495 418 1572; x_wconf 87' lang='lat' dir='ltr'><strong>itaque</strong></span> <span class='ocrx_word' id='word_1_96' title='bbox 451 1513 490 1553; x_wconf 88' lang='lat' dir='ltr'><strong>ne</strong></span> <span class='ocrx_word' id='word_1_97' title='bbox 519 1495 641 1574; x_wconf 88' lang='lat' dir='ltr'><strong>prolixo</strong></span> <span class='ocrx_word' id='word_1_98' title='bbox 674 1495 818 1553; x_wconf 91' lang='lat' dir='ltr'><strong>lectorem</strong></span> <span class='ocrx_word' id='word_1_99' title='bbox 851 1510 976 1572; x_wconf 88' lang='lat' dir='ltr'><strong>gravem</strong></span> <span class='ocrx_word' id='word_1_100' title='bbox 1001 1509 1060 1548; x_wconf 88' lang='lat' dir='ltr'><strong>ser-</strong></span> 
     </span>
     <span class='ocr_line' id='line_1_16' title="bbox 159 1573 1062 1656; baseline 0 -25"><span class='ocrx_word' id='word_1_101' title='bbox 159 1590 243 1650; x_wconf 86' lang='lat' dir='ltr'><strong>mone,</strong></span> <span class='ocrx_word' id='word_1_102' title='bbox 271 1577 296 1634; x_wconf 86' lang='lat' dir='ltr'><strong>si</strong></span> <span class='ocrx_word' id='word_1_103' title='bbox 326 1577 464 1656; x_wconf 86' lang='lat' dir='ltr'><strong>singulos</strong></span> <span class='ocrx_word' id='word_1_104' title='bbox 487 1577 632 1637; x_wconf 85' lang='lat' dir='ltr'><strong>articulos</strong></span> <span class='ocrx_word' id='word_1_105' title='bbox 654 1595 839 1656; x_wconf 84' lang='lat' dir='ltr'><strong>prosequar,</strong></span> <span class='ocrx_word' id='word_1_106' title='bbox 874 1576 920 1634; x_wconf 90' lang='lat' dir='ltr'><strong>his</strong></span> <span class='ocrx_word' id='word_1_107' title='bbox 943 1573 1062 1652; x_wconf 89' lang='lat' dir='ltr'><strong>scriptis</strong></span> 
     </span>
     <span class='ocr_line' id='line_1_17' title="bbox 159 1659 1060 1740; baseline 0.002 -29"><span class='ocrx_word' id='word_1_108' title='bbox 159 1662 232 1717; x_wconf 81' lang='lat' dir='ltr'><strong>testor</strong></span> <span class='ocrx_word' id='word_1_109' title='bbox 251 1679 299 1719; x_wconf 93' lang='lat' dir='ltr'><strong>me</strong></span> <span class='ocrx_word' id='word_1_110' title='bbox 327 1661 432 1720; x_wconf 89' lang='lat' dir='ltr'><strong>omnia</strong></span> <span class='ocrx_word' id='word_1_111' title='bbox 460 1659 605 1720; x_wconf 88' lang='lat' dir='ltr'><strong>damnata</strong></span> <span class='ocrx_word' id='word_1_112' title='bbox 632 1679 687 1740; x_wconf 88' lang='lat' dir='ltr'><strong>per</strong></span> <span class='ocrx_word' id='word_1_113' title='bbox 709 1659 821 1720; x_wconf 91' lang='lat' dir='ltr'><strong>bullam</strong></span> <span class='ocrx_word' id='word_1_114' title='bbox 854 1659 946 1718; x_wconf 88' lang='lat' dir='ltr'><strong>istam</strong></span> <span class='ocrx_word' id='word_1_115' title='bbox 974 1674 1060 1714; x_wconf 87' lang='lat' dir='ltr'><strong>exse-</strong></span> 
     </span>
     <span class='ocr_line' id='line_1_18' title="bbox 159 1737 1062 1822; baseline 0 -26"><span class='ocrx_word' id='word_1_116' title='bbox 159 1738 276 1802; x_wconf 84' lang='lat' dir='ltr'><strong>crabilem</strong></span> <span class='ocrx_word' id='word_1_117' title='bbox 316 1742 454 1803; x_wconf 85' lang='lat' dir='ltr'><strong>confiteri</strong></span> <span class='ocrx_word' id='word_1_118' title='bbox 487 1763 543 1821; x_wconf 87' lang='lat' dir='ltr'><strong>pro</strong></span> <span class='ocrx_word' id='word_1_119' title='bbox 578 1744 737 1804; x_wconf 87' lang='lat' dir='ltr'><strong>catholicis</strong></span> <span class='ocrx_word' id='word_1_120' title='bbox 778 1740 989 1822; x_wconf 78' lang='lat' dir='ltr'><strong>dogmatibus,</strong></span> <span class='ocrx_word' id='word_1_121' title='bbox 1024 1737 1062 1796; x_wconf 91' lang='lat' dir='ltr'><strong>de</strong></span> 
     </span>
     <span class='ocr_line' id='line_1_19' title="bbox 159 1820 1061 1898; baseline -0.001 -18"><span class='ocrx_word' id='word_1_122' title='bbox 159 1821 243 1898; x_wconf 85' lang='lat' dir='ltr'><strong>quibus</strong></span> <span class='ocrx_word' id='word_1_123' title='bbox 269 1827 419 1886; x_wconf 87' lang='lat' dir='ltr'><strong>rationem</strong></span> <span class='ocrx_word' id='word_1_124' title='bbox 442 1826 559 1886; x_wconf 89' lang='lat' dir='ltr'><strong>reddidi</strong></span> <span class='ocrx_word' id='word_1_125' title='bbox 589 1826 676 1887; x_wconf 88' lang='lat' dir='ltr'><strong>editis</strong></span> <span class='ocrx_word' id='word_1_126' title='bbox 699 1825 817 1885; x_wconf 88' lang='lat' dir='ltr'><strong>libellis.</strong></span> <span class='ocrx_word' id='word_1_127' title='bbox 861 1822 981 1883; x_wconf 81' lang='lat' dir='ltr'><strong>Deinde</strong></span> <span class='ocrx_word' id='word_1_128' title='bbox 1011 1820 1061 1880; x_wconf 91' lang='lat' dir='ltr'><strong>ad-</strong></span> 
     </span>
     <span class='ocr_line' id='line_1_20' title="bbox 159 1901 1063 1988; baseline 0.003 -28"><span class='ocrx_word' id='word_1_129' title='bbox 159 1901 200 1964; x_wconf 89' lang='lat' dir='ltr'><strong>buc</strong></span> <span class='ocrx_word' id='word_1_130' title='bbox 218 1908 284 1970; x_wconf 85' lang='lat' dir='ltr'><strong>volo</strong></span> <span class='ocrx_word' id='word_1_131' title='bbox 308 1909 429 1969; x_wconf 88' lang='lat' dir='ltr'><strong>libellos</strong></span> <span class='ocrx_word' id='word_1_132' title='bbox 451 1928 537 1969; x_wconf 89' lang='lat' dir='ltr'><strong>meos</strong></span> <span class='ocrx_word' id='word_1_133' title='bbox 559 1911 589 1969; x_wconf 90' lang='lat' dir='ltr'><strong>in</strong></span> <span class='ocrx_word' id='word_1_134' title='bbox 613 1909 686 1969; x_wconf 89' lang='lat' dir='ltr'><strong>orbe</strong></span> <span class='ocrx_word' id='word_1_135' title='bbox 709 1916 858 1988; x_wconf 85' lang='lat' dir='ltr'><strong>vagantes</strong></span> <span class='ocrx_word' id='word_1_136' title='bbox 876 1909 944 1966; x_wconf 90' lang='lat' dir='ltr'><strong>vice</strong></span> <span class='ocrx_word' id='word_1_137' title='bbox 966 1903 1063 1985; x_wconf 92' lang='lat' dir='ltr'><strong>publi·</strong></span> 
     </span>
     <span class='ocr_line' id='line_1_21' title="bbox 159 1987 1064 2071; baseline -0.002 -24"><span class='ocrx_word' id='word_1_138' title='bbox 159 2003 197 2047; x_wconf 81' lang='lat' dir='ltr'><strong>cae</strong></span> <span class='ocrx_word' id='word_1_139' title='bbox 214 1993 418 2052; x_wconf 76' lang='lat' dir='ltr'><strong>accusationis</strong></span> <span class='ocrx_word' id='word_1_140' title='bbox 441 1991 546 2052; x_wconf 89' lang='lat' dir='ltr'><strong>haberi</strong></span> <span class='ocrx_word' id='word_1_141' title='bbox 569 1992 715 2053; x_wconf 86' lang='lat' dir='ltr'><strong>adversus</strong></span> <span class='ocrx_word' id='word_1_142' title='bbox 733 1993 845 2071; x_wconf 89' lang='lat' dir='ltr'><strong>impios</strong></span> <span class='ocrx_word' id='word_1_143' title='bbox 863 1992 939 2051; x_wconf 90' lang='lat' dir='ltr'><strong>istos</strong></span> <span class='ocrx_word' id='word_1_144' title='bbox 962 1987 1064 2068; x_wconf 85' lang='lat' dir='ltr'><strong>sophi·</strong></span> 
     </span>
     <span class='ocr_line' id='line_1_22' title="bbox 159 2069 1062 2155; baseline 0.006 -30"><span class='ocrx_word' id='word_1_145' title='bbox 159 2076 211 2150; x_wconf 82' lang='lat' dir='ltr'><strong>rias,</strong></span> <span class='ocrx_word' id='word_1_146' title='bbox 229 2074 336 2155; x_wconf 90' lang='lat' dir='ltr'><strong>populi</strong></span> <span class='ocrx_word' id='word_1_147' title='bbox 360 2074 416 2134; x_wconf 89' lang='lat' dir='ltr'><strong>Dei</strong></span> <span class='ocrx_word' id='word_1_148' title='bbox 438 2075 636 2153; x_wconf 83' lang='lat' dir='ltr'><strong>seductores,</strong></span> <span class='ocrx_word' id='word_1_149' title='bbox 658 2077 701 2135; x_wconf 87' lang='lat' dir='ltr'><strong>ita</strong></span> <span class='ocrx_word' id='word_1_150' title='bbox 723 2083 755 2134; x_wconf 93' lang='lat' dir='ltr'><strong>ut</strong></span> <span class='ocrx_word' id='word_1_151' title='bbox 777 2075 834 2134; x_wconf 90' lang='lat' dir='ltr'><strong>nisi</strong></span> <span class='ocrx_word' id='word_1_152' title='bbox 854 2074 973 2134; x_wconf 89' lang='lat' dir='ltr'><strong>ratione</strong></span> <span class='ocrx_word' id='word_1_153' title='bbox 996 2069 1062 2141; x_wconf 63' lang='lat' dir='ltr'><strong>red,-</strong></span> 
     </span>
     <span class='ocr_line' id='line_1_23' title="bbox 159 2150 1063 2233; baseline 0.001 -22"><span class='ocrx_word' id='word_1_154' title='bbox 159 2150 201 2214; x_wconf 79' lang='lat' dir='ltr'><strong>tta</strong></span> <span class='ocrx_word' id='word_1_155' title='bbox 220 2177 266 2218; x_wconf 92' lang='lat' dir='ltr'><strong>me</strong></span> <span class='ocrx_word' id='word_1_156' title='bbox 291 2158 484 2218; x_wconf 85' lang='lat' dir='ltr'><strong>convicerint</strong></span> <span class='ocrx_word' id='word_1_157' title='bbox 506 2165 536 2218; x_wconf 91' lang='lat' dir='ltr'><strong>et</strong></span> <span class='ocrx_word' id='word_1_158' title='bbox 567 2178 623 2218; x_wconf 87' lang='lat' dir='ltr'><strong>sua</strong></span> <span class='ocrx_word' id='word_1_159' title='bbox 646 2159 819 2233; x_wconf 78' lang='lat' dir='ltr'><strong>statuerint,</strong></span> <span class='ocrx_word' id='word_1_160' title='bbox 848 2176 918 2216; x_wconf 90' lang='lat' dir='ltr'><strong>reos</strong></span> <span class='ocrx_word' id='word_1_161' title='bbox 940 2153 1063 2227; x_wconf 86' lang='lat' dir='ltr'><strong>erroris,</strong></span> 
     </span>
     <span class='ocr_line' id='line_1_24' title="bbox 157 2232 1063 2320; baseline 0.001 -26"><span class='ocrx_word' id='word_1_162' title='bbox 157 2232 315 2316; x_wconf 82' lang='lat' dir='ltr'><strong>haereseos,</strong></span> <span class='ocrx_word' id='word_1_163' title='bbox 345 2241 515 2320; x_wconf 83' lang='lat' dir='ltr'><strong>sacrilegii,</strong></span> <span class='ocrx_word' id='word_1_164' title='bbox 543 2250 688 2319; x_wconf 86' lang='lat' dir='ltr'><strong>quantum</strong></span> <span class='ocrx_word' id='word_1_165' title='bbox 723 2243 751 2301; x_wconf 89' lang='lat' dir='ltr'><strong>in</strong></span> <span class='ocrx_word' id='word_1_166' title='bbox 782 2261 830 2300; x_wconf 88' lang='lat' dir='ltr'><strong>me</strong></span> <span class='ocrx_word' id='word_1_167' title='bbox 851 2240 956 2317; x_wconf 84' lang='lat' dir='ltr'><strong>fuerit,</strong></span> <span class='ocrx_word' id='word_1_168' title='bbox 991 2235 1063 2296; x_wconf 92' lang='lat' dir='ltr'><strong>mihi</strong></span> 
     </span>
    </p>

    <p class='ocr_par' dir='ltr' id='par_1_7' title="bbox 100 2322 1061 2653">
     <span class='ocr_line' id='line_1_25' title="bbox 100 2322 1061 2407; baseline -0.003 -26"><span class='ocrx_word' id='word_1_169' title='bbox 100 2372 103 2381; x_wconf 94' lang='lat'><em>.</em></span> <span class='ocrx_word' id='word_1_170' title='bbox 156 2330 325 2400; x_wconf 79' lang='lat' dir='ltr'><strong>censeantur,</strong></span> <span class='ocrx_word' id='word_1_171' title='bbox 349 2343 490 2403; x_wconf 84' lang='lat' dir='ltr'><strong>monens,</strong></span> <span class='ocrx_word' id='word_1_172' title='bbox 512 2344 641 2407; x_wconf 81' lang='lat' dir='ltr'><strong>rogans,</strong></span> <span class='ocrx_word' id='word_1_173' title='bbox 664 2325 852 2403; x_wconf 87' lang='lat' dir='ltr'><strong>hortansque</strong></span> <span class='ocrx_word' id='word_1_174' title='bbox 873 2324 902 2381; x_wconf 93' lang='lat' dir='ltr'><strong>in</strong></span> <span class='ocrx_word' id='word_1_175' title='bbox 926 2322 1061 2381; x_wconf 90' lang='lat' dir='ltr'><strong>Domino</strong></span> 
     </span>
     <span class='ocr_line' id='line_1_26' title="bbox 157 2405 1061 2486; baseline -0.004 -20"><span class='ocrx_word' id='word_1_176' title='bbox 157 2418 254 2482; x_wconf 80' lang='lat' dir='ltr'><strong>tunes,</strong></span> <span class='ocrx_word' id='word_1_177' title='bbox 290 2406 343 2486; x_wconf 90' lang='lat' dir='ltr'><strong>qui</strong></span> <span class='ocrx_word' id='word_1_178' title='bbox 366 2405 518 2467; x_wconf 82' lang='lat' dir='ltr'><strong>Christum</strong></span> <span class='ocrx_word' id='word_1_179' title='bbox 552 2427 625 2467; x_wconf 87' lang='lat' dir='ltr'><strong>vere</strong></span> <span class='ocrx_word' id='word_1_180' title='bbox 657 2406 854 2482; x_wconf 85' lang='lat' dir='ltr'><strong>confitentur,</strong></span> <span class='ocrx_word' id='word_1_181' title='bbox 887 2405 926 2466; x_wconf 89' lang='lat' dir='ltr'><strong>ab</strong></span> <span class='ocrx_word' id='word_1_182' title='bbox 957 2422 1061 2464; x_wconf 89' lang='lat' dir='ltr'><strong>eorum</strong></span> 
     </span>
     <span class='ocr_line' id='line_1_27' title="bbox 155 2490 1059 2570; baseline -0.008 -19"><span class='ocrx_word' id='word_1_183' title='bbox 155 2490 283 2563; x_wconf 74' lang='lat' dir='ltr'><strong>perversis</strong></span> <span class='ocrx_word' id='word_1_184' title='bbox 307 2496 339 2549; x_wconf 92' lang='lat' dir='ltr'><strong>et</strong></span> <span class='ocrx_word' id='word_1_185' title='bbox 359 2491 462 2570; x_wconf 90' lang='lat' dir='ltr'><strong>impiis</strong></span> <span class='ocrx_word' id='word_1_186' title='bbox 485 2490 630 2550; x_wconf 85' lang='lat' dir='ltr'><strong>doctrinis</strong></span> <span class='ocrx_word' id='word_1_187' title='bbox 652 2490 709 2550; x_wconf 87' lang='lat' dir='ltr'><strong>sibi</strong></span> <span class='ocrx_word' id='word_1_188' title='bbox 732 2495 880 2568; x_wconf 85' lang='lat' dir='ltr'><strong>caveant,</strong></span> <span class='ocrx_word' id='word_1_189' title='bbox 903 2496 933 2549; x_wconf 91' lang='lat' dir='ltr'><strong>et</strong></span> <span class='ocrx_word' id='word_1_190' title='bbox 956 2506 1059 2545; x_wconf 88' lang='lat' dir='ltr'><strong>verum</strong></span> 
     </span>
     <span class='ocr_line' id='line_1_28' title="bbox 152 2566 1061 2653; baseline -0.006 -20"><span class='ocrx_word' id='word_1_191' title='bbox 152 2566 210 2633; x_wconf 65' lang='lat' dir='ltr'><strong>dum</strong></span> <span class='ocrx_word' id='word_1_192' title='bbox 234 2572 450 2633; x_wconf 88' lang='lat' dir='ltr'><strong>antichristum</strong></span> <span class='ocrx_word' id='word_1_193' title='bbox 474 2593 528 2653; x_wconf 87' lang='lat' dir='ltr'><strong>per</strong></span> <span class='ocrx_word' id='word_1_194' title='bbox 551 2593 605 2634; x_wconf 88' lang='lat' dir='ltr'><strong>eos</strong></span> <span class='ocrx_word' id='word_1_195' title='bbox 627 2576 656 2634; x_wconf 91' lang='lat' dir='ltr'><strong>in</strong></span> <span class='ocrx_word' id='word_1_196' title='bbox 681 2573 755 2633; x_wconf 91' lang='lat' dir='ltr'><strong>orbe</strong></span> <span class='ocrx_word' id='word_1_197' title='bbox 777 2591 905 2652; x_wconf 84' lang='lat' dir='ltr'><strong>regnare</strong></span> <span class='ocrx_word' id='word_1_198' title='bbox 927 2589 988 2630; x_wconf 89' lang='lat' dir='ltr'><strong>noo</strong></span> <span class='ocrx_word' id='word_1_199' title='bbox 1007 2568 1061 2629; x_wconf 90' lang='lat' dir='ltr'><strong>du·</strong></span> 
     </span>
    </p>

    <p class='ocr_par' dir='ltr' id='par_1_8' title="bbox 92 2630 1059 2736">
     <span class='ocr_line' id='line_1_29' title="bbox 92 2630 1059 2736; baseline 0 -26"><span class='ocrx_word' id='word_1_200' title='bbox 92 2630 96 2689; x_wconf 66' lang='lat' dir='ltr'><strong>l</strong></span> <span class='ocrx_word' id='word_1_201' title='bbox 148 2648 232 2716; x_wconf 83' lang='lat' dir='ltr'><strong>litent.</strong></span> <span class='ocrx_word' id='word_1_202' title='bbox 295 2654 386 2731; x_wconf 82' lang='lat' dir='ltr'><strong>Quod</strong></span> <span class='ocrx_word' id='word_1_203' title='bbox 423 2657 447 2716; x_wconf 87' lang='lat' dir='ltr'><strong>ei</strong></span> <span class='ocrx_word' id='word_1_204' title='bbox 480 2658 547 2736; x_wconf 89' lang='lat' dir='ltr'><strong>quis</strong></span> <span class='ocrx_word' id='word_1_205' title='bbox 579 2657 743 2717; x_wconf 87' lang='lat' dir='ltr'><strong>fraternum</strong></span> <span class='ocrx_word' id='word_1_206' title='bbox 777 2655 839 2716; x_wconf 88' lang='lat' dir='ltr'><strong>hoc</strong></span> <span class='ocrx_word' id='word_1_207' title='bbox 862 2654 1059 2714; x_wconf 87' lang='lat' dir='ltr'><strong>monitorium</strong></span> 
     </span>
    </p>

    <p class='ocr_par' dir='ltr' id='par_1_9' title="bbox 130 2737 1061 3729">
     <span class='ocr_line' id='line_1_30' title="bbox 143 2737 1061 2818; baseline -0.002 -23"><span class='ocrx_word' id='word_1_208' title='bbox 143 2752 226 2800; x_wconf 88' lang='lat' dir='ltr'><strong>neum</strong></span> <span class='ocrx_word' id='word_1_209' title='bbox 251 2740 491 2818; x_wconf 86' lang='lat' dir='ltr'><strong>contempserit,</strong></span> <span class='ocrx_word' id='word_1_210' title='bbox 520 2741 597 2800; x_wconf 90' lang='lat' dir='ltr'><strong>sciat</strong></span> <span class='ocrx_word' id='word_1_211' title='bbox 619 2761 667 2799; x_wconf 89' lang='lat' dir='ltr'><strong>me</strong></span> <span class='ocrx_word' id='word_1_212' title='bbox 690 2758 758 2800; x_wconf 88' lang='lat' dir='ltr'><strong>esse</strong></span> <span class='ocrx_word' id='word_1_213' title='bbox 782 2737 927 2797; x_wconf 92' lang='lat' dir='ltr'><strong>mundum</strong></span> <span class='ocrx_word' id='word_1_214' title='bbox 952 2757 969 2797; x_wconf 90' lang='lat' dir='ltr'><strong>a</strong></span> <span class='ocrx_word' id='word_1_215' title='bbox 992 2754 1061 2795; x_wconf 86' lang='lat' dir='ltr'><strong>san·</strong></span> 
     </span>
     <span class='ocr_line' id='line_1_31' title="bbox 139 2822 1060 2900; baseline -0.005 -18"><span class='ocrx_word' id='word_1_216' title='bbox 139 2823 218 2900; x_wconf 72' lang='lat' dir='ltr'><strong>gaiae</strong></span> <span class='ocrx_word' id='word_1_217' title='bbox 240 2840 313 2895; x_wconf 87' lang='lat' dir='ltr'><strong>suc,</strong></span> <span class='ocrx_word' id='word_1_218' title='bbox 336 2831 367 2881; x_wconf 92' lang='lat' dir='ltr'><strong>et</strong></span> <span class='ocrx_word' id='word_1_219' title='bbox 387 2823 416 2881; x_wconf 90' lang='lat' dir='ltr'><strong>iu</strong></span> <span class='ocrx_word' id='word_1_220' title='bbox 442 2831 580 2884; x_wconf 87' lang='lat' dir='ltr'><strong>extremo</strong></span> <span class='ocrx_word' id='word_1_221' title='bbox 602 2823 716 2884; x_wconf 88' lang='lat' dir='ltr'><strong>iudicio</strong></span> <span class='ocrx_word' id='word_1_222' title='bbox 734 2822 845 2883; x_wconf 82' lang='lat' dir='ltr'><strong>Christi</strong></span> <span class='ocrx_word' id='word_1_223' title='bbox 869 2827 1060 2897; x_wconf 83' lang='lat' dir='ltr'><strong>excusatum,</strong></span> 
     </span>
     <span class='ocr_line' id='line_1_32' title="bbox 139 2902 1060 2985; baseline 0.004 -24"><span class='ocrx_word' id='word_1_224' title='bbox 139 2903 199 2964; x_wconf 78' lang='lat' dir='ltr'><strong>nibil</strong></span> <span class='ocrx_word' id='word_1_225' title='bbox 229 2906 312 2964; x_wconf 87' lang='lat' dir='ltr'><strong>enim</strong></span> <span class='ocrx_word' id='word_1_226' title='bbox 345 2906 450 2982; x_wconf 91' lang='lat' dir='ltr'><strong>omisi,</strong></span> <span class='ocrx_word' id='word_1_227' title='bbox 483 2905 565 2985; x_wconf 90' lang='lat' dir='ltr'><strong>quod</strong></span> <span class='ocrx_word' id='word_1_228' title='bbox 596 2907 713 2967; x_wconf 88' lang='lat' dir='ltr'><strong>caritati</strong></span> <span class='ocrx_word' id='word_1_229' title='bbox 737 2905 929 2975; x_wconf 83' lang='lat' dir='ltr'><strong>Christianae</strong></span> <span class='ocrx_word' id='word_1_230' title='bbox 960 2902 1060 2965; x_wconf 84' lang='lat' dir='ltr'><strong>debui.</strong></span> 
     </span>
     <span class='ocr_line' id='line_1_33' title="bbox 137 2984 1059 3068; baseline 0.001 -24"><span class='ocrx_word' id='word_1_231' title='bbox 137 2984 221 3048; x_wconf 88' lang='lat' dir='ltr'><strong>Porro</strong></span> <span class='ocrx_word' id='word_1_232' title='bbox 244 2988 270 3047; x_wconf 87' lang='lat' dir='ltr'><strong>si</strong></span> <span class='ocrx_word' id='word_1_233' title='bbox 301 2986 362 3046; x_wconf 87' lang='lat' dir='ltr'><strong>alia</strong></span> <span class='ocrx_word' id='word_1_234' title='bbox 395 2987 445 3048; x_wconf 88' lang='lat' dir='ltr'><strong>via</strong></span> <span class='ocrx_word' id='word_1_235' title='bbox 472 3006 534 3049; x_wconf 89' lang='lat' dir='ltr'><strong>non</strong></span> <span class='ocrx_word' id='word_1_236' title='bbox 564 3008 643 3068; x_wconf 91' lang='lat' dir='ltr'><strong>queo</strong></span> <span class='ocrx_word' id='word_1_237' title='bbox 667 2986 896 3049; x_wconf 87' lang='lat' dir='ltr'><strong>damnatoribus</strong></span> <span class='ocrx_word' id='word_1_238' title='bbox 920 2986 1059 3048; x_wconf 87' lang='lat' dir='ltr'><strong>verbosis</strong></span> 
     </span>
     <span class='ocr_line' id='line_1_34' title="bbox 136 3070 1058 3152; baseline 0.002 -24"><span class='ocrx_word' id='word_1_239' title='bbox 136 3079 160 3128; x_wconf 88' lang='lat' dir='ltr'><strong>et</strong></span> <span class='ocrx_word' id='word_1_240' title='bbox 180 3070 327 3131; x_wconf 89' lang='lat' dir='ltr'><strong>inanibus</strong></span> <span class='ocrx_word' id='word_1_241' title='bbox 338 3071 489 3146; x_wconf 88' lang='lat' dir='ltr'><strong>resistere,</strong></span> <span class='ocrx_word' id='word_1_242' title='bbox 511 3072 649 3132; x_wconf 91' lang='lat' dir='ltr'><strong>ultimum</strong></span> <span class='ocrx_word' id='word_1_243' title='bbox 665 3070 747 3151; x_wconf 87' lang='lat' dir='ltr'><strong>quod</strong></span> <span class='ocrx_word' id='word_1_244' title='bbox 769 3071 868 3132; x_wconf 86' lang='lat' dir='ltr'><strong>babeo</strong></span> <span class='ocrx_word' id='word_1_245' title='bbox 892 3091 1058 3152; x_wconf 84' lang='lat' dir='ltr'><strong>exponam,</strong></span> 
     </span>
     <span class='ocr_line' id='line_1_35' title="bbox 134 3152 1059 3234; baseline 0 -20"><span class='ocrx_word' id='word_1_246' title='bbox 134 3171 240 3234; x_wconf 78' lang='lat' dir='ltr'><strong>nempe</strong></span> <span class='ocrx_word' id='word_1_247' title='bbox 276 3152 356 3212; x_wconf 89' lang='lat' dir='ltr'><strong>hanc</strong></span> <span class='ocrx_word' id='word_1_248' title='bbox 384 3154 515 3213; x_wconf 88' lang='lat' dir='ltr'><strong>animam</strong></span> <span class='ocrx_word' id='word_1_249' title='bbox 549 3161 580 3215; x_wconf 90' lang='lat' dir='ltr'><strong>et</strong></span> <span class='ocrx_word' id='word_1_250' title='bbox 608 3155 688 3214; x_wconf 91' lang='lat' dir='ltr'><strong>bunc</strong></span> <span class='ocrx_word' id='word_1_251' title='bbox 718 3156 908 3234; x_wconf 85' lang='lat' dir='ltr'><strong>sanguinem.</strong></span> <span class='ocrx_word' id='word_1_252' title='bbox 953 3155 1059 3214; x_wconf 87' lang='lat' dir='ltr'><strong>Melius</strong></span> 
     </span>
     <span class='ocr_line' id='line_1_36' title="bbox 133 3235 1058 3320; baseline 0.002 -25"><span class='ocrx_word' id='word_1_253' title='bbox 133 3243 175 3295; x_wconf 84' lang='lat' dir='ltr'><strong>est</strong></span> <span class='ocrx_word' id='word_1_254' title='bbox 195 3238 280 3297; x_wconf 92' lang='lat' dir='ltr'><strong>enim</strong></span> <span class='ocrx_word' id='word_1_255' title='bbox 304 3255 354 3295; x_wconf 91' lang='lat' dir='ltr'><strong>me</strong></span> <span class='ocrx_word' id='word_1_256' title='bbox 377 3235 484 3296; x_wconf 91' lang='lat' dir='ltr'><strong>millies</strong></span> <span class='ocrx_word' id='word_1_257' title='bbox 515 3237 630 3315; x_wconf 88' lang='lat' dir='ltr'><strong>cecidi,</strong></span> <span class='ocrx_word' id='word_1_258' title='bbox 664 3257 754 3317; x_wconf 88' lang='lat' dir='ltr'><strong>quam</strong></span> <span class='ocrx_word' id='word_1_259' title='bbox 783 3258 875 3299; x_wconf 89' lang='lat' dir='ltr'><strong>uuam</strong></span> <span class='ocrx_word' id='word_1_260' title='bbox 909 3237 1058 3320; x_wconf 84' lang='lat' dir='ltr'><strong>syllabam</strong></span> 
     </span>
     <span class='ocr_line' id='line_1_37' title="bbox 132 3314 1058 3403; baseline 0.005 -26"><span class='ocrx_word' id='word_1_261' title='bbox 132 3317 344 3379; x_wconf 88' lang='lat' dir='ltr'><strong>damnatorum</strong></span> <span class='ocrx_word' id='word_1_262' title='bbox 367 3319 562 3380; x_wconf 89' lang='lat' dir='ltr'><strong>articulorum</strong></span> <span class='ocrx_word' id='word_1_263' title='bbox 586 3340 743 3382; x_wconf 81' lang='lat' dir='ltr'><strong>revocare.</strong></span> <span class='ocrx_word' id='word_1_264' title='bbox 776 3320 816 3380; x_wconf 78' lang='lat' dir='ltr'><strong>Et</strong></span> <span class='ocrx_word' id='word_1_265' title='bbox 837 3323 915 3382; x_wconf 90' lang='lat' dir='ltr'><strong>sicut</strong></span> <span class='ocrx_word' id='word_1_266' title='bbox 936 3314 993 3403; x_wconf 74' lang='lat' dir='ltr'><strong>ips&#39;i</strong></span> <span class='ocrx_word' id='word_1_267' title='bbox 1010 3343 1058 3381; x_wconf 91' lang='lat' dir='ltr'><strong>me</strong></span> 
     </span>
     <span class='ocr_line' id='line_1_38' title="bbox 131 3402 1056 3484; baseline 0.004 -23"><span class='ocrx_word' id='word_1_268' title='bbox 131 3402 401 3463; x_wconf 85' lang='lat' dir='ltr'><strong>excommunicant</strong></span> <span class='ocrx_word' id='word_1_269' title='bbox 427 3421 484 3481; x_wconf 92' lang='lat' dir='ltr'><strong>pro</strong></span> <span class='ocrx_word' id='word_1_270' title='bbox 507 3404 656 3484; x_wconf 83' lang='lat' dir='ltr'><strong>sacrilega</strong></span> <span class='ocrx_word' id='word_1_271' title='bbox 686 3404 898 3476; x_wconf 82' lang='lat' dir='ltr'><strong>haeresiaca,</strong></span> <span class='ocrx_word' id='word_1_272' title='bbox 931 3406 972 3466; x_wconf 87' lang='lat' dir='ltr'><strong>ita</strong></span> <span class='ocrx_word' id='word_1_273' title='bbox 1002 3425 1056 3466; x_wconf 88' lang='lat' dir='ltr'><strong>eos</strong></span> 
     </span>
     <span class='ocr_line' id='line_1_39' title="bbox 130 3487 1056 3567; baseline 0.006 -23"><span class='ocrx_word' id='word_1_274' title='bbox 130 3503 231 3545; x_wconf 84' lang='lat' dir='ltr'><strong>rursus</strong></span> <span class='ocrx_word' id='word_1_275' title='bbox 261 3503 321 3564; x_wconf 84' lang='lat' dir='ltr'><strong>ego</strong></span> <span class='ocrx_word' id='word_1_276' title='bbox 349 3487 582 3545; x_wconf 87' lang='lat' dir='ltr'><strong>excommunico</strong></span> <span class='ocrx_word' id='word_1_277' title='bbox 609 3507 665 3567; x_wconf 88' lang='lat' dir='ltr'><strong>pro</strong></span> <span class='ocrx_word' id='word_1_278' title='bbox 699 3493 806 3549; x_wconf 87' lang='lat' dir='ltr'><strong>sancta</strong></span> <span class='ocrx_word' id='word_1_279' title='bbox 838 3490 966 3548; x_wconf 86' lang='lat' dir='ltr'><strong>veritate</strong></span> <span class='ocrx_word' id='word_1_280' title='bbox 990 3489 1056 3550; x_wconf 88' lang='lat' dir='ltr'><strong>Dei.</strong></span> 
     </span>
     <span class='ocr_line' id='line_1_40' title="bbox 131 3565 1056 3655; baseline 0.002 -27"><span class='ocrx_word' id='word_1_281' title='bbox 131 3565 268 3628; x_wconf 78' lang='lat' dir='ltr'><strong>Obrietus</strong></span> <span class='ocrx_word' id='word_1_282' title='bbox 295 3566 389 3625; x_wconf 85' lang='lat' dir='ltr'><strong>iudex</strong></span> <span class='ocrx_word' id='word_1_283' title='bbox 417 3567 539 3646; x_wconf 86' lang='lat' dir='ltr'><strong>viderit,</strong></span> <span class='ocrx_word' id='word_1_284' title='bbox 568 3576 635 3631; x_wconf 84' lang='lat' dir='ltr'><strong>utra</strong></span> <span class='ocrx_word' id='word_1_285' title='bbox 664 3573 943 3632; x_wconf 87' lang='lat' dir='ltr'><strong>excommunicatio</strong></span> <span class='ocrx_word' id='word_1_286' title='bbox 975 3571 1056 3655; x_wconf 87' lang='lat' dir='ltr'><strong>apud</strong></span> 
     </span>
     <span class='ocr_line' id='line_1_41' title="bbox 130 3642 1026 3729; baseline 0.007 -21"><span class='ocrx_word' id='word_1_287' title='bbox 130 3667 195 3709; x_wconf 88' lang='lat' dir='ltr'><strong>eam</strong></span> <span class='ocrx_word' id='word_1_288' title='bbox 219 3650 336 3729; x_wconf 86' lang='lat' dir='ltr'><strong>valeat,</strong></span> <span class='ocrx_word' id='word_1_289' title='bbox 359 3651 467 3714; x_wconf 86' lang='lat' dir='ltr'><strong>Amen.</strong></span> <span class='ocrx_word' id='word_1_290' title='bbox 1022 3642 1026 3660; x_wconf 74' lang='lat'>&#39;</span> 
     </span>
    </p>
   </div>
   <div class='ocr_carea' id='block_1_3' title="bbox 483 3782 691 3794">
    <p class='ocr_par' dir='ltr' id='par_1_10' title="bbox 483 3782 691 3794">
     <span class='ocr_line' id='line_1_42' title="bbox 483 3782 691 3794; baseline 0.005 -3"><span class='ocrx_word' id='word_1_291' title='bbox 483 3782 691 3794; x_wconf 74' lang='lat'>—-.-..-....-</span> 
     </span>
    </p>
   </div>
   <div class='ocr_carea' id='block_1_4' title="bbox 0 0 1200 4170">
    <p class='ocr_par' dir='ltr' id='par_1_11' title="bbox 0 0 1200 4170">
     <span class='ocr_line' id='line_1_43' title="bbox 0 0 1200 4170; baseline 0 0"><span class='ocrx_word' id='word_1_292' title='bbox 0 0 1200 4170; x_wconf 95' lang='lat' dir='ltr'><strong> </strong></span> 
     </span>
    </p>
   </div>
  </div>
 </body>
</html>
