2392 4170
32 331 35 345 1
132 242 174 311 16
387 242 431 299 De
449 242 528 315 θεῷ.
544 243 644 312 Babyl
663 237 803 299 lloeleslae

155 479 201 549 na
223 429 424 565 oapuvron
444 479 641 564 saumones
662 432 814 548 aarum
828 418 1033 548 ararium
1090 490 1093 495 ·

414 563 453 630 Ds
474 563 569 632 blant·-
590 562 775 640 bnthsrt.¹)
948 592 951 597 ·

531 715 550 776 J
559 732 660 778 esus.

126 938 129 945 ,
158 842 316 951 ,Martinus
337 854 495 952 botherus,
518 873 660 1020 Augusst,
680 871 857 935 Hermanno
879 871 1019 934 'l'uliehio

538 975 596 1018 suo
641 1003 650 1022 .

219 1083 331 1164 Velim,
353 1083 458 1160 nolim,
481 1103 577 1165 oogor
597 1084 707 1166 indies
730 1083 877 1144 eruditior
897 1079 981 1162 fieri,
1013 1087 1061 1143 tot

136 1167 290 1246 tantisque
311 1167 463 1248 Magistris
485 1169 623 1228 certatim
651 1186 700 1227 me
723 1165 899 1246 urgentibus
922 1171 954 1226 et
975 1177 1060 1226 exer·

137 1251 285 1312 bentibus.
329 1250 375 1312 De
401 1248 597 1330 indulgentiis
621 1254 692 1311 ante
713 1248 790 1313 duos
814 1268 912 1312 annos
940 1249 1059 1328 scripsi,

136 1333 191 1395 sed
213 1334 274 1410 sie,
303 1339 340 1394 'ut
361 1344 410 1394 ine
442 1352 523 1394 nune
552 1335 659 1394 mirum
688 1333 718 1392 in
749 1332 874 1393 modum
902 1333 1062 1413 poeniteat

137 1417 209 1490 editi
238 1416 341 1479 libelli.
403 1416 575 1477 Haerebam
603 1418 683 1477 enim
711 1415 741 1477 id
774 1418 919 1496 temporis
948 1432 1063 1495 magna

139 1498 271 1582 quadam
299 1501 517 1582 superstitione
537 1499 698 1581 Romanae
719 1499 906 1580 tyrannidis,
929 1497 1010 1559 unde
1032 1503 1063 1558 et

25 1604 30 1618 ·
137 1581 345 1663 indulgentias
366 1602 427 1644 non
449 1584 572 1663 penitus
594 1582 775 1645 reiieiendas
796 1600 865 1643 esse
886 1579 1062 1662 censebam,

139 1670 216 1748 ¹«pias
238 1672 325 1728 tento
348 1666 505 1729 hominum
519 1685 673 1729 consensu
685 1665 847 1726 cernebam
860 1662 1062 1746 eomprobari.

139 1749 206 1812 Nee
228 1750 346 1830 mirum,
370 1750 441 1830 quia
463 1749 546 1810 solus
574 1756 637 1810 turn
665 1748 827 1810 volvebam
855 1749 916 1811 hoo
942 1766 1082 1817 saxum„

140 1834 181 1894 At
201 1839 327 1915 postea,
357 1831 509 1896 beneflcio
538 1832 685 1914 Sylvestri
714 1838 745 1893 et
763 1834 900 1899 Fratrum
929 1831 1063 1909 adiutus,

129 1916 191 1997 ³q'v'ri
218 1923 340 1977 strenue
367 1914 435 1977 illas
461 1917 551 1977 tutati
584 1921 672 1993 sunt,
705 1915 859 1996 intellexi,
900 1934 953 1976 eas
979 1913 1062 1975 aliud

133 2016 201 2077 ¹pou
225 2018 302 2079 esse,
325 2018 417 2080 quem
439 2010 538 2058 merae
561 1998 752 2061 adulatorum
775 2000 988 2062 Romanorum
1010 1998 1063 2056 im·

132 2087 293 2167 pasturas,
316 2080 425 2163 quibus
447 2085 478 2142 et
499 2081 590 2142 fidem
604 2083 659 2142 Dei
683 2088 714 2143 et
735 2084 882 2164 pecuniae
904 2080 1062 2143 homiuum

139 2165 311 2251 perderent.
354 2165 457 2246 Atque
484 2166 599 2226 utinam
630 2185 649 2227 a
676 2163 850 2248 bibliopolis
877 2184 988 2246 queam
1010 2165 1063 2223 im·

140 2256 275 2331 patrare,
299 2254 330 2310 et
358 2248 514 2328 omuibus,
542 2250 592 2330 qui
623 2248 782 2331 legerunt,
809 2248 1009 2329 persuadere,
1031 2254 1065 2307 ut

140 2333 299 2394 universos
322 2330 441 2393 libellos
463 2349 550 2392 meos
573 2331 610 2392 de
637 2332 834 2430 indulgentiis
857 2337 1002 2412 exurant,
1034 2336 1064 2388 et

139 2435 196 2497 pro
220 2415 379 2493 omuibus,
402 2433 481 2495 quae
504 2414 542 2475 de
565 2415 609 2476 eis
630 2417 752 2497 saripsr,
780 2416 860 2477 hane
880 2413 1064 2496 propositio·

134 2507 211 2561 ¹nem'
234 2497 481 2581 apprehendant:

223 2648 436 2730 Indulgentiae
457 2655 528 2710 sunt
548 2649 741 2794 adulptorum
763 2649 973 2711 Romanorum

524 2752 615 2813 nequr
641 2753 688 2795 aa.

223 2849 297 2912 Post
317 2849 396 2911 baeo
416 2847 527 2912 Eoeius
549 2844 703 2913 etEmser
722 2868 791 2910 aum
816 2848 981 2912 coniuratis
1001 2849 1063 2909 suis

142 2931 181 2994 de
211 2934 343 3015 primatu
371 2933 476 3013 Papae
503 2953 553 2994 me
581 2933 700 2995 erudire
727 2939 905 3013 coeperunt.
962 2933 1064 3011 Atque

142 3016 192 3077 hio
214 3018 315 3096 etiam,
337 3036 376 3077 ne
389 3017 562 3096 homiuibus
576 3024 637 3077 tam
653 3016 750 3077 dontio
763 3017 899 3097 ingratus
913 3015 980 3091 sim,
993 3034 1066 3076 oon·

141 3098 231 3160 liteor
253 3120 302 3161 me
336 3098 426 3161 valde
452 3101 643 3182 promovisse
672 3119 778 3161 eorum
807 3118 912 3179 opera,
942 3117 1062 3178 nempe,

142 3202 211 3244 oum
233 3184 383 3265 Papatum
405 3203 566 3265 negassem
589 3183 698 3262 divini,
720 3182 828 3243 admisi
851 3202 919 3243 esse
940 3181 1065 3242 humani

31 3282 37 3297 ·
141 3268 231 3332 iuris:
263 3265 318 3327 sed
347 3274 381 3327 ut
407 3267 508 3326 audivi
537 3272 567 3327 et
588 3266 650 3348 legi
676 3266 889 3328 subtilissimas
918 3265 1063 3326 subtilita-

144 3357 191 3411 tes
213 3351 340 3412 istorum
361 3349 586 3430 Trossulorum,
608 3352 717 3432 quibus
735 3371 823 3412 suum
844 3349 958 3411 idolum
982 3347 1066 3410 fabre

198 3667 227 3729 1)
251 3666 282 3719 In
307 3665 350 3719 ed.
373 3665 431 3719 len.
456 3665 525 3719 haee
553 3663 647 3717 addita
672 3665 748 3716 sunt:
783 3662 830 3716 ubi
852 3662 1000 3731 praecipue
1031 3659 1065 3716 de

143 3742 251 3808 natura,
269 3753 387 3793 numero
406 3743 434 3793 et
451 3753 502 3792 usu
521 3738 758 3791 sacramentorum
778 3735 869 3805 egitur
887 3739 938 3789 ete.
