2392 4170
136 244 202 320 380
398 250 526 325 Epistola
544 250 654 310 Martini
672 249 786 312 lutberl

136 421 196 486 beo
217 423 350 486 amentia
373 426 470 507 magle
492 427 650 509 magisque
672 424 861 504 exacerbari,
883 422 966 486 etad
988 441 1063 486 eon·

138 507 294 570 citandam
316 507 498 571 seditionem
521 513 608 593 qoaei
623 511 785 574 classicum
806 509 885 573 cani.
929 507 978 570 Ae
992 507 1064 569 mibi

138 590 261 674 quidem
285 589 325 652 de
345 591 494 657 industrie
511 596 693 675 bonmolini,
715 594 777 656 boe
798 612 892 674 egere
914 592 1064 669 videntur,

136 683 170 735 ιιι
192 674 242 735 ιιΙ
264 692 309 753 ee,
332 675 381 736 vel
403 685 486 739 certe
508 686 650 760 poeteroe
663 697 736 740 ιιιοι
757 676 957 759 ριιιιιιιάιιιι,
981 676 1064 756 qued

138 758 214 818 eitra
236 756 360 819 dubium
382 759 574 824 itaconeiliie
588 760 853 846 Deignbernatur
875 761 906 822 in
929 778 1063 841 poenam

137 841 269 922 illorum,
294 861 365 907 nam
387 848 525 926 tyrannis
547 847 758 909 ecclesiastica
780 847 840 906 iam
862 842 1064 904 debilitataet

136 924 233 986 irecta
255 932 319 1005 eet,
363 947 432 989 uam
455 947 515 1010 ego
537 931 637 992 oolam
661 929 734 991 mihi
755 928 947 1010 propositam
970 925 1062 988 babni

137 1007 309 1072 scribendo.
383 1029 443 1072 unc
464 1012 554 1075 video
578 1014 674 1075 Deum
699 1013 825 1075 ulterius
856 1009 1005 1093 progredi
1034 1017 1064 1070 et

136 1090 302 1171 aliquando
321 1093 401 1155 idem
424 1095 585 1175 iacturum,
607 1104 641 1159 ut
661 1098 735 1159 fecit
748 1095 970 1177 ierosolymae,
993 1111 1062 1154 cnm

135 1181 166 1236 et
189 1175 429 1239 eeclesiasticam
453 1180 706 1262 gubernationem
735 1187 766 1242 et
799 1179 955 1260 politicam
996 1195 1062 1259 per·

136 1260 296 1321 secutione
317 1261 479 1344 Evangelii
506 1273 538 1326 et
564 1264 633 1326 aliie
654 1263 806 1326 furoribus
833 1261 871 1322 ab
894 1262 969 1342 ipeie
992 1279 1063 1322 con·

136 1342 288 1404 turbatam
324 1344 458 1408 funditus
487 1350 604 1410 evertit.
650 1349 719 1430 Ego
741 1347 820 1408 enim
855 1363 965 1406 recena
1003 1344 1062 1405 hnc

135 1424 256 1488 discere
279 1430 388 1510 coepi,
411 1449 472 1491 non
497 1438 613 1493 tantum
636 1431 875 1495 ecelesiasticam
899 1434 954 1489 aut
974 1428 1061 1509 epiri·

134 1509 265 1587 tuelem,
295 1511 348 1573 aed
379 1516 477 1575 etiem
495 1515 653 1596 politicam
676 1524 708 1577 et
730 1513 851 1575 civitem
874 1519 1061 1593 potestatem

135 1591 245 1654 cedere
267 1596 430 1677 evangelio
453 1605 606 1680 oportere,
629 1600 695 1661 eive
717 1596 881 1658 cumbona
902 1596 970 1655 eive
992 1613 1060 1655 cum

136 1676 217 1737 mele
230 1680 354 1819 dgratia,
382 1688 414 1741 ut
441 1700 550 1744 omnee
579 1681 727 1745 historiae
748 1679 881 1742 biblicae
902 1678 1062 1740 evidenter

137 1767 225 1820 oeten
251 1769 312 1827 unt.

219 1844 295 1906 Cum
333 1854 436 1909 autem
459 1849 542 1911 Deua
565 1849 701 1931 postulet
721 1868 776 1930 per
797 1844 1009 1925 Ezechielem,
1032 1850 1062 1906 ut

133 1926 192 2008 ipei
216 1947 410 2009 opponamus
443 1950 500 1993 noe
533 1939 678 2014 tanquam
708 1951 825 1993 murum
855 1948 911 2010 pro
934 1928 1062 2009 populo,

133 2009 268 2091 ideoque
301 2020 333 2075 et
372 2033 432 2095 ego
469 2018 676 2078 neceesarium
699 2035 769 2077 ιιιι
790 2014 862 2074 duxi
886 2011 946 2073 hae
970 2011 1009 2072 de
1030 2030 1061 2072 re

135 2111 203 2155 cnm
237 2097 313 2156 meis
335 2103 489 2160 communi
529 2100 659 2162 coneilio
693 2107 724 2161 et
766 2096 867 2158 studio
908 2093 1060 2173 docendo,

137 2179 302 2256 monendo,
326 2180 478 2242 hortando
501 2185 718 2267 omniaagere,
741 2201 821 2262 quae
843 2197 1009 2260 possumne
1026 2197 1061 2239 ec

136 2260 299 2339 debemus,
336 2271 368 2324 ut
400 2267 477 2328 iram
511 2275 542 2328 et
564 2267 708 2328 indicium
731 2267 786 2327 Dei
809 2271 862 2324 aut
884 2269 1060 2323 avertamus

135 2352 187 2404 aut
210 2353 292 2405 certe
319 2346 507 2426 aliquamdiu
537 2350 722 2413 differamus.
766 2348 950 2426 Quanquam
972 2346 1062 2427 igitur

134 2426 213 2488 baec
233 2448 282 2489 ree
312 2429 443 2492 fortasse
471 2440 501 2494 et
532 2436 589 2515 ipei
620 2435 691 2495 mihi
724 2433 836 2493 frustra
864 2436 1012 2510 suscepta
1033 2436 1062 2488 et

135 2510 273 2572 boetibue
296 2515 372 2574 meis
394 2516 520 2578 ridicula
544 2518 702 2596 videbitur,
725 2535 793 2576 cum
817 2514 855 2574 ad
879 2532 934 2573 eos
958 2512 1061 2573 delate

134 2593 237 2655 suerit:
267 2602 368 2657 tamen
397 2618 456 2678 ego
493 2601 604 2662 debere
626 2622 676 2662 me
697 2600 800 2661 iudico
824 2597 928 2658 omnia
949 2596 1060 2674 iacere,

135 2694 214 2756 queo
244 2679 334 2740 video
364 2687 396 2741 et
417 2685 593 2747 existimare
621 2704 746 2766 poenum
770 2681 936 2763 profutura.
982 2678 1059 2738 Nam

134 2758 194 2820 boc
215 2763 313 2822 ausim
337 2783 409 2825 vere
431 2765 584 2829 affirmare
606 2767 705 2833 etot.
718 2767 755 2827 V.
781 2764 869 2825 veiim
884 2782 953 2822 esee
969 2779 1059 2841 quam

134 2845 347 2925 certissimum,
371 2847 462 2931 longe
484 2852 565 2912 aliud
589 2854 617 2912 in
632 2851 721 2912 coelo
741 2867 831 2928 quam
848 2844 1060 2925 Nerinbergae

133 2927 163 2986 in
188 2927 349 2990 Conventu
380 2937 615 3013 pronunciatum
645 2942 676 2995 et
707 2932 884 2994 conclusum
908 2947 994 3003 esee,
1030 2933 1061 2987 et

133 3008 217 3070 brevi
236 3030 407 3092 cernemus,
430 3018 512 3097 quod
535 3019 588 3094 illi,
611 3020 662 3099 qui
684 3035 767 3078 nunc
781 3013 936 3075 somniant
958 3031 992 3071 ιι
1011 3030 1060 3091 pe-

134 3093 214 3154 nitue
244 3094 412 3160 devoratae
435 3101 638 3183 Evangelium
678 3108 709 3160 et
741 3098 828 3178 quasi
864 3095 992 3155 crudum
1030 3095 1060 3153 in

132 3175 235 3238 alvum
258 3183 473 3261 transmisisse,
496 3185 631 3247 nondum
653 3183 709 3245 bae
730 3178 933 3263 ipsaeepulee
959 3176 1059 3238 illibe-

134 3263 181 3319 tae
203 3262 345 3341 precibus
367 3264 405 3326 de
428 3287 513 3329 more
536 3268 753 3329 consecrarint.

215 3343 321 3407 Plures
359 3349 450 3411 etiam
490 3371 604 3412 caueae
637 3346 872 3411 commemorari
906 3350 1059 3426 poterant,

133 3442 213 3504 quea
236 3429 306 3489 mibi
330 3431 465 3494 nondum
489 3436 549 3494 vim
572 3435 697 3513 iaciunt,
720 3433 853 3510 ideoque
876 3447 929 3489 ιιι
953 3445 1060 3508 peree-

132 3510 184 3587 qui
207 3512 533 3593 cogitationemque,
557 3536 615 3580 neo
632 3517 722 3578 altius
744 3513 909 3592 investigo,
933 3511 1060 3571 nimium

132 3590 188 3652 illa
210 3594 329 3656 roboria
351 3604 381 3658 et
402 3599 584 3662 firmamenti
607 3600 716 3679 habet,
748 3595 830 3680 quod
855 3593 1060 3675 Evangelium

131 3673 272 3740 laborare
294 3683 325 3739 et
346 3686 442 3761 premi
455 3687 570 3766 incipit,
592 3684 727 3765 ideoque
740 3682 791 3743 hic
804 3679 959 3740 neminem
981 3695 1060 3739 mnr-

58 3816 63 3824 .
130 3759 239 3831 tatium
264 3782 375 3830 curare
395 3773 452 3836 aut
469 3770 624 3853 reaploere
644 3766 745 3832 debui.
