<?xml version="1.0" encoding="UTF-8"?>
<!DOCTYPE html PUBLIC "-//W3C//DTD XHTML 1.0 Transitional//EN"
    "http://www.w3.org/TR/xhtml1/DTD/xhtml1-transitional.dtd">
<html xmlns="http://www.w3.org/1999/xhtml" xml:lang="en" lang="en">
 <head>
  <title>
</title>
<meta http-equiv="Content-Type" content="text/html;charset=utf-8" />
  <meta name='ocr-system' content='tesseract 3.04.00' />
  <meta name='ocr-capabilities' content='ocr_page ocr_carea ocr_par ocr_line ocrx_word'/>
</head>
<body>
  <div class='ocr_page' id='page_1' title='image "./dmartinilutheri03luthgoog_0086.png"; bbox 0 0 2392 4170; ppageno 0'>
   <div class='ocr_carea' id='block_1_1' title="bbox 398 254 1062 326">
    <p class='ocr_par' dir='ltr' id='par_1_1' title="bbox 398 254 1062 326">
     <span class='ocr_line' id='line_1_1' title="bbox 398 254 1062 326; baseline -0.006 -9"><span class='ocrx_word' id='word_1_1' title='bbox 398 260 436 319; x_wconf 82' lang='lat' dir='ltr'><strong>D.</strong></span> <span class='ocrx_word' id='word_1_2' title='bbox 451 259 488 326; x_wconf 70' lang='lat'><strong>1·</strong></span> <span class='ocrx_word' id='word_1_3' title='bbox 503 259 590 318; x_wconf 73' lang='lat' dir='ltr'><strong>bru.</strong></span> <span class='ocrx_word' id='word_1_4' title='bbox 606 259 792 318; x_wconf 76' lang='lat' dir='ltr'><strong>Prssludlnm</strong></span> <span class='ocrx_word' id='word_1_5' title='bbox 1019 254 1062 323; x_wconf 80' lang='grc'><strong>75</strong></span> 
     </span>
    </p>
   </div>
   <div class='ocr_carea' id='block_1_2' title="bbox 131 411 1066 3810">
    <p class='ocr_par' dir='ltr' id='par_1_2' title="bbox 146 411 1062 1084">
     <span class='ocr_line' id='line_1_2' title="bbox 146 411 1061 499; baseline -0.007 -19"><span class='ocrx_word' id='word_1_6' title='bbox 146 416 226 480; x_wconf 75' lang='lat' dir='ltr'><strong>ritas.</strong></span> <span class='ocrx_word' id='word_1_7' title='bbox 272 417 375 499; x_wconf 73' lang='lat' dir='ltr'><strong>Atque</strong></span> <span class='ocrx_word' id='word_1_8' title='bbox 403 416 427 477; x_wconf 93' lang='lat' dir='ltr'><strong>si</strong></span> <span class='ocrx_word' id='word_1_9' title='bbox 450 417 532 478; x_wconf 87' lang='lat' dir='ltr'><strong>nulla</strong></span> <span class='ocrx_word' id='word_1_10' title='bbox 554 415 616 477; x_wconf 87' lang='lat' dir='ltr'><strong>alia</strong></span> <span class='ocrx_word' id='word_1_11' title='bbox 637 422 720 478; x_wconf 84' lang='lat' dir='ltr'><strong>esset</strong></span> <span class='ocrx_word' id='word_1_12' title='bbox 740 433 835 477; x_wconf 88' lang='lat' dir='ltr'><strong>oausa</strong></span> <span class='ocrx_word' id='word_1_13' title='bbox 856 411 964 475; x_wconf 85' lang='lat' dir='ltr'><strong>eadem</strong></span> <span class='ocrx_word' id='word_1_14' title='bbox 989 419 1061 475; x_wconf 86' lang='lat' dir='ltr'><strong>vota</strong></span> 
     </span>
     <span class='ocr_line' id='line_1_3' title="bbox 146 497 1062 580; baseline -0.005 -18"><span class='ocrx_word' id='word_1_15' title='bbox 146 501 274 580; x_wconf 88' lang='lat' dir='ltr'><strong>tollendi,</strong></span> <span class='ocrx_word' id='word_1_16' title='bbox 296 503 376 563; x_wconf 89' lang='lat' dir='ltr'><strong>haso</strong></span> <span class='ocrx_word' id='word_1_17' title='bbox 398 521 459 562; x_wconf 87' lang='lat' dir='ltr'><strong>una</strong></span> <span class='ocrx_word' id='word_1_18' title='bbox 480 501 555 562; x_wconf 86' lang='lat' dir='ltr'><strong>satis</strong></span> <span class='ocrx_word' id='word_1_19' title='bbox 576 499 703 563; x_wconf 88' lang='lat' dir='ltr'><strong>haberet</strong></span> <span class='ocrx_word' id='word_1_20' title='bbox 725 498 880 580; x_wconf 88' lang='lat' dir='ltr'><strong>ponderis,</strong></span> <span class='ocrx_word' id='word_1_21' title='bbox 901 497 984 577; x_wconf 90' lang='lat' dir='ltr'><strong>quod</strong></span> <span class='ocrx_word' id='word_1_22' title='bbox 1006 517 1062 575; x_wconf 90' lang='lat' dir='ltr'><strong>per</strong></span> 
     </span>
     <span class='ocr_line' id='line_1_4' title="bbox 146 581 1062 665; baseline -0.004 -21"><span class='ocrx_word' id='word_1_23' title='bbox 146 586 204 663; x_wconf 91' lang='lat' dir='ltr'><strong>ipsa</strong></span> <span class='ocrx_word' id='word_1_24' title='bbox 224 585 294 646; x_wconf 89' lang='lat' dir='ltr'><strong>lidei</strong></span> <span class='ocrx_word' id='word_1_25' title='bbox 318 592 350 646; x_wconf 92' lang='lat' dir='ltr'><strong>et</strong></span> <span class='ocrx_word' id='word_1_26' title='bbox 369 584 522 665; x_wconf 87' lang='lat' dir='ltr'><strong>baptismo</strong></span> <span class='ocrx_word' id='word_1_27' title='bbox 551 585 731 660; x_wconf 77' lang='lat' dir='ltr'><strong>detrahitur,</strong></span> <span class='ocrx_word' id='word_1_28' title='bbox 766 589 795 642; x_wconf 92' lang='lat' dir='ltr'><strong>et</strong></span> <span class='ocrx_word' id='word_1_29' title='bbox 823 601 920 661; x_wconf 84' lang='lat' dir='ltr'><strong>opera</strong></span> <span class='ocrx_word' id='word_1_30' title='bbox 945 581 1062 661; x_wconf 84' lang='lat' dir='ltr'><strong>magni·</strong></span> 
     </span>
     <span class='ocr_line' id='line_1_5' title="bbox 146 665 1062 749; baseline -0.005 -21"><span class='ocrx_word' id='word_1_31' title='bbox 146 666 275 742; x_wconf 81' lang='lat' dir='ltr'><strong>linantur,</strong></span> <span class='ocrx_word' id='word_1_32' title='bbox 296 688 378 748; x_wconf 90' lang='lat' dir='ltr'><strong>quas</strong></span> <span class='ocrx_word' id='word_1_33' title='bbox 399 669 465 729; x_wconf 84' lang='lat' dir='ltr'><strong>sins</strong></span> <span class='ocrx_word' id='word_1_34' title='bbox 487 670 621 747; x_wconf 77' lang='lat' dir='ltr'>pernicie</span> <span class='ocrx_word' id='word_1_35' title='bbox 634 665 825 749; x_wconf 76' lang='lat' dir='ltr'><strong>magnificari</strong></span> <span class='ocrx_word' id='word_1_36' title='bbox 847 683 908 725; x_wconf 92' lang='lat' dir='ltr'><strong>non</strong></span> <span class='ocrx_word' id='word_1_37' title='bbox 922 670 1062 744; x_wconf 83' lang='lat' dir='ltr'>possunt,</span> 
     </span>
     <span class='ocr_line' id='line_1_6' title="bbox 146 749 1061 829; baseline -0.007 -17"><span class='ocrx_word' id='word_1_38' title='bbox 146 771 207 813; x_wconf 87' lang='lat' dir='ltr'><strong>nam</strong></span> <span class='ocrx_word' id='word_1_39' title='bbox 228 754 307 813; x_wconf 89' lang='lat' dir='ltr'><strong>inter</strong></span> <span class='ocrx_word' id='word_1_40' title='bbox 327 752 423 813; x_wconf 89' lang='lat' dir='ltr'><strong>multa</strong></span> <span class='ocrx_word' id='word_1_41' title='bbox 445 753 539 814; x_wconf 88' lang='lat' dir='ltr'><strong>millia</strong></span> <span class='ocrx_word' id='word_1_42' title='bbox 560 753 613 812; x_wconf 89' lang='lat' dir='ltr'><strong>vix</strong></span> <span class='ocrx_word' id='word_1_43' title='bbox 631 759 678 812; x_wconf 88' lang='lat' dir='ltr'><strong>est</strong></span> <span class='ocrx_word' id='word_1_44' title='bbox 699 770 787 826; x_wconf 92' lang='lat' dir='ltr'><strong>unus,</strong></span> <span class='ocrx_word' id='word_1_45' title='bbox 810 749 861 829; x_wconf 91' lang='lat' dir='ltr'><strong>qui</strong></span> <span class='ocrx_word' id='word_1_46' title='bbox 877 767 939 808; x_wconf 89' lang='lat' dir='ltr'><strong>non</strong></span> <span class='ocrx_word' id='word_1_47' title='bbox 964 749 1061 825; x_wconf 85' lang='lat' dir='ltr'><strong>magis</strong></span> 
     </span>
     <span class='ocr_line' id='line_1_7' title="bbox 147 831 1062 916; baseline -0.008 -20"><span class='ocrx_word' id='word_1_48' title='bbox 147 853 232 916; x_wconf 89' lang='lat' dir='ltr'><strong>opera</strong></span> <span class='ocrx_word' id='word_1_49' title='bbox 251 837 282 896; x_wconf 92' lang='lat' dir='ltr'><strong>in</strong></span> <span class='ocrx_word' id='word_1_50' title='bbox 303 835 503 915; x_wconf 83' lang='lat' dir='ltr'>religionibus</span> <span class='ocrx_word' id='word_1_51' title='bbox 526 837 672 916; x_wconf 55' lang='lat' dir='ltr'><strong>suspiciat</strong></span> <span class='ocrx_word' id='word_1_52' title='bbox 693 853 784 916; x_wconf 89' lang='lat' dir='ltr'><strong>quam</strong></span> <span class='ocrx_word' id='word_1_53' title='bbox 806 831 915 909; x_wconf 87' lang='lat' dir='ltr'><strong>fidem,</strong></span> <span class='ocrx_word' id='word_1_54' title='bbox 936 850 997 910; x_wconf 85' lang='lat' dir='ltr'><strong>qua</strong></span> <span class='ocrx_word' id='word_1_55' title='bbox 1019 832 1062 890; x_wconf 90' lang='lat' dir='ltr'><strong>in-</strong></span> 
     </span>
     <span class='ocr_line' id='line_1_8' title="bbox 146 914 1062 1001; baseline -0.007 -23"><span class='ocrx_word' id='word_1_56' title='bbox 146 921 223 981; x_wconf 87' lang='lat' dir='ltr'><strong>sania</strong></span> <span class='ocrx_word' id='word_1_57' title='bbox 243 927 273 981; x_wconf 83' lang='lat' dir='ltr'><strong>et</strong></span> <span class='ocrx_word' id='word_1_58' title='bbox 296 939 366 980; x_wconf 89' lang='lat' dir='ltr'><strong>sese</strong></span> <span class='ocrx_word' id='word_1_59' title='bbox 386 927 492 980; x_wconf 90' lang='lat' dir='ltr'><strong>mutuo</strong></span> <span class='ocrx_word' id='word_1_60' title='bbox 522 920 696 1001; x_wconf 86' lang='lat' dir='ltr'><strong>praeferunt</strong></span> <span class='ocrx_word' id='word_1_61' title='bbox 728 925 873 999; x_wconf 88' lang='lat' dir='ltr'><strong>tanquam</strong></span> <span class='ocrx_word' id='word_1_62' title='bbox 896 914 1062 976; x_wconf 79' lang='lat' dir='ltr'><strong>strictiores</strong></span> 
     </span>
     <span class='ocr_line' id='line_1_9' title="bbox 147 1003 531 1084; baseline 0.013 -22"><span class='ocrx_word' id='word_1_63' title='bbox 147 1009 172 1062; x_wconf 86' lang='lat' dir='ltr'><strong>et</strong></span> <span class='ocrx_word' id='word_1_64' title='bbox 190 1003 332 1084; x_wconf 77' lang='lat' dir='ltr'><strong>laxiores,</strong></span> <span class='ocrx_word' id='word_1_65' title='bbox 354 1010 388 1064; x_wconf 91' lang='lat' dir='ltr'><strong>ut</strong></span> <span class='ocrx_word' id='word_1_66' title='bbox 408 1011 531 1067; x_wconf 84' lang='lat' dir='ltr'><strong>vooanl.</strong></span> 
     </span>
    </p>

    <p class='ocr_par' dir='ltr' id='par_1_3' title="bbox 133 1083 1066 3164">
     <span class='ocr_line' id='line_1_10' title="bbox 218 1083 1063 1166; baseline -0.004 -19"><span class='ocrx_word' id='word_1_67' title='bbox 218 1085 321 1163; x_wconf 79' lang='lat' dir='ltr'><strong>Quare</strong></span> <span class='ocrx_word' id='word_1_68' title='bbox 344 1105 403 1166; x_wconf 85' lang='lat' dir='ltr'><strong>ogo</strong></span> <span class='ocrx_word' id='word_1_69' title='bbox 427 1087 501 1148; x_wconf 89' lang='lat' dir='ltr'><strong>nulli</strong></span> <span class='ocrx_word' id='word_1_70' title='bbox 531 1086 663 1164; x_wconf 77' lang='lat' dir='ltr'><strong>suadeo,</strong></span> <span class='ocrx_word' id='word_1_71' title='bbox 691 1087 753 1149; x_wconf 91' lang='lat' dir='ltr'><strong>imo</strong></span> <span class='ocrx_word' id='word_1_72' title='bbox 783 1085 924 1148; x_wconf 89' lang='lat' dir='ltr'><strong>omnibus</strong></span> <span class='ocrx_word' id='word_1_73' title='bbox 947 1083 1063 1144; x_wconf 86' lang='lat' dir='ltr'><strong>dissua-</strong></span> 
     </span>
     <span class='ocr_line' id='line_1_11' title="bbox 146 1166 1063 1250; baseline -0.004 -21"><span class='ocrx_word' id='word_1_74' title='bbox 146 1167 197 1230; x_wconf 86' lang='lat' dir='ltr'><strong>deo</strong></span> <span class='ocrx_word' id='word_1_75' title='bbox 217 1171 390 1250; x_wconf 87' lang='lat' dir='ltr'><strong>ingressum</strong></span> <span class='ocrx_word' id='word_1_76' title='bbox 414 1173 622 1250; x_wconf 79' lang='lat' dir='ltr'><strong>cuiuscunque</strong></span> <span class='ocrx_word' id='word_1_77' title='bbox 636 1170 793 1250; x_wconf 86' lang='lat' dir='ltr'><strong>religionis</strong></span> <span class='ocrx_word' id='word_1_78' title='bbox 815 1178 868 1230; x_wconf 89' lang='lat' dir='ltr'><strong>aut</strong></span> <span class='ocrx_word' id='word_1_79' title='bbox 889 1166 1063 1241; x_wconf 76' lang='lat' dir='ltr'><strong>sacerdotii,</strong></span> 
     </span>
     <span class='ocr_line' id='line_1_12' title="bbox 147 1251 1063 1335; baseline -0.003 -24"><span class='ocrx_word' id='word_1_80' title='bbox 147 1253 196 1312; x_wconf 90' lang='lat' dir='ltr'><strong>nisi</strong></span> <span class='ocrx_word' id='word_1_81' title='bbox 211 1254 250 1314; x_wconf 90' lang='lat' dir='ltr'><strong>sit</strong></span> <span class='ocrx_word' id='word_1_82' title='bbox 271 1251 310 1314; x_wconf 87' lang='lat' dir='ltr'><strong>sa</strong></span> <span class='ocrx_word' id='word_1_83' title='bbox 331 1255 460 1316; x_wconf 89' lang='lat' dir='ltr'><strong>soientia</strong></span> <span class='ocrx_word' id='word_1_84' title='bbox 480 1255 705 1335; x_wconf 84' lang='lat' dir='ltr'><strong>praemunitus,</strong></span> <span class='ocrx_word' id='word_1_85' title='bbox 726 1260 761 1316; x_wconf 92' lang='lat' dir='ltr'><strong>ut</strong></span> <span class='ocrx_word' id='word_1_86' title='bbox 780 1253 944 1332; x_wconf 86' lang='lat' dir='ltr'><strong>intelligat,</strong></span> <span class='ocrx_word' id='word_1_87' title='bbox 968 1268 1063 1329; x_wconf 89' lang='lat' dir='ltr'><strong>opera</strong></span> 
     </span>
     <span class='ocr_line' id='line_1_13' title="bbox 147 1336 1061 1416; baseline -0.003 -20"><span class='ocrx_word' id='word_1_88' title='bbox 147 1336 361 1413; x_wconf 78' lang='lat' dir='ltr'><strong>quantumlibet</strong></span> <span class='ocrx_word' id='word_1_89' title='bbox 383 1357 472 1399; x_wconf 86' lang='lat' dir='ltr'><strong>saara</strong></span> <span class='ocrx_word' id='word_1_90' title='bbox 500 1344 531 1400; x_wconf 94' lang='lat' dir='ltr'><strong>et</strong></span> <span class='ocrx_word' id='word_1_91' title='bbox 552 1338 647 1398; x_wconf 88' lang='lat' dir='ltr'><strong>ardua</strong></span> <span class='ocrx_word' id='word_1_92' title='bbox 668 1337 881 1416; x_wconf 85' lang='lat' dir='ltr'><strong>religiosorum</strong></span> <span class='ocrx_word' id='word_1_93' title='bbox 910 1342 941 1396; x_wconf 89' lang='lat' dir='ltr'><strong>et</strong></span> <span class='ocrx_word' id='word_1_94' title='bbox 960 1353 1061 1395; x_wconf 85' lang='lat' dir='ltr'><strong>saner-</strong></span> 
     </span>
     <span class='ocr_line' id='line_1_14' title="bbox 148 1417 1063 1502; baseline -0.001 -24"><span class='ocrx_word' id='word_1_95' title='bbox 148 1417 241 1479; x_wconf 90' lang='lat' dir='ltr'><strong>dotum</strong></span> <span class='ocrx_word' id='word_1_96' title='bbox 263 1421 293 1480; x_wconf 93' lang='lat' dir='ltr'><strong>in</strong></span> <span class='ocrx_word' id='word_1_97' title='bbox 317 1421 415 1481; x_wconf 89' lang='lat' dir='ltr'><strong>oonlis</strong></span> <span class='ocrx_word' id='word_1_98' title='bbox 437 1421 497 1484; x_wconf 91' lang='lat' dir='ltr'><strong>Dei</strong></span> <span class='ocrx_word' id='word_1_99' title='bbox 519 1441 644 1502; x_wconf 86' lang='lat' dir='ltr'><strong>prorsus</strong></span> <span class='ocrx_word' id='word_1_100' title='bbox 672 1421 744 1481; x_wconf 90' lang='lat' dir='ltr'><strong>nihil</strong></span> <span class='ocrx_word' id='word_1_101' title='bbox 767 1420 880 1481; x_wconf 88' lang='lat' dir='ltr'><strong>distare</strong></span> <span class='ocrx_word' id='word_1_102' title='bbox 904 1418 942 1479; x_wconf 91' lang='lat' dir='ltr'><strong>ab</strong></span> <span class='ocrx_word' id='word_1_103' title='bbox 966 1417 1063 1497; x_wconf 87' lang='lat' dir='ltr'><strong>operi·</strong></span> 
     </span>
     <span class='ocr_line' id='line_1_15' title="bbox 148 1499 1062 1584; baseline -0.001 -23"><span class='ocrx_word' id='word_1_104' title='bbox 148 1499 195 1562; x_wconf 89' lang='lat' dir='ltr'><strong>bns</strong></span> <span class='ocrx_word' id='word_1_105' title='bbox 215 1505 318 1563; x_wconf 90' lang='lat' dir='ltr'><strong>rustioi</strong></span> <span class='ocrx_word' id='word_1_106' title='bbox 341 1505 371 1563; x_wconf 91' lang='lat' dir='ltr'><strong>in</strong></span> <span class='ocrx_word' id='word_1_107' title='bbox 395 1524 471 1584; x_wconf 88' lang='lat' dir='ltr'><strong>agro</strong></span> <span class='ocrx_word' id='word_1_108' title='bbox 495 1504 674 1580; x_wconf 80' lang='lat' dir='ltr'><strong>laborantis,</strong></span> <span class='ocrx_word' id='word_1_109' title='bbox 696 1511 749 1566; x_wconf 90' lang='lat' dir='ltr'><strong>aut</strong></span> <span class='ocrx_word' id='word_1_110' title='bbox 770 1503 904 1564; x_wconf 86' lang='lat' dir='ltr'><strong>mulieris</strong></span> <span class='ocrx_word' id='word_1_111' title='bbox 925 1505 957 1563; x_wconf 92' lang='lat' dir='ltr'><strong>in</strong></span> <span class='ocrx_word' id='word_1_112' title='bbox 970 1502 1062 1562; x_wconf 92' lang='lat' dir='ltr'><strong>domo</strong></span> 
     </span>
     <span class='ocr_line' id='line_1_16' title="bbox 149 1586 1063 1667; baseline 0 -22"><span class='ocrx_word' id='word_1_113' title='bbox 149 1603 197 1647; x_wconf 86' lang='lat' dir='ltr'><strong>sua</strong></span> <span class='ocrx_word' id='word_1_114' title='bbox 217 1588 369 1663; x_wconf 81' lang='lat' dir='ltr'><strong>curantis,</strong></span> <span class='ocrx_word' id='word_1_115' title='bbox 399 1589 454 1648; x_wconf 93' lang='lat' dir='ltr'><strong>sed</strong></span> <span class='ocrx_word' id='word_1_116' title='bbox 476 1589 543 1650; x_wconf 86' lang='lat' dir='ltr'><strong>sola</strong></span> <span class='ocrx_word' id='word_1_117' title='bbox 565 1587 626 1648; x_wconf 87' lang='lat' dir='ltr'><strong>fide</strong></span> <span class='ocrx_word' id='word_1_118' title='bbox 649 1589 752 1649; x_wconf 88' lang='lat' dir='ltr'><strong>omnia</strong></span> <span class='ocrx_word' id='word_1_119' title='bbox 780 1586 861 1667; x_wconf 86' lang='lat' dir='ltr'><strong>apud</strong></span> <span class='ocrx_word' id='word_1_120' title='bbox 889 1607 958 1647; x_wconf 87' lang='lat' dir='ltr'><strong>aum</strong></span> <span class='ocrx_word' id='word_1_121' title='bbox 982 1604 1063 1646; x_wconf 89' lang='lat' dir='ltr'><strong>men-</strong></span> 
     </span>
     <span class='ocr_line' id='line_1_17' title="bbox 148 1671 1063 1750; baseline 0.002 -24"><span class='ocrx_word' id='word_1_122' title='bbox 148 1671 242 1742; x_wconf 89' lang='lat' dir='ltr'><strong>surari,</strong></span> <span class='ocrx_word' id='word_1_123' title='bbox 266 1671 346 1730; x_wconf 86' lang='lat' dir='ltr'><strong>siout</strong></span> <span class='ocrx_word' id='word_1_124' title='bbox 366 1671 484 1731; x_wconf 80' lang='lat' dir='ltr'><strong>latomi.</strong></span> <span class='ocrx_word' id='word_1_125' title='bbox 509 1676 538 1737; x_wconf 84' lang='lat'><strong>5.</strong></span> <span class='ocrx_word' id='word_1_126' title='bbox 562 1672 649 1732; x_wconf 89' lang='lat' dir='ltr'><strong>dioit:</strong></span> <span class='ocrx_word' id='word_1_127' title='bbox 680 1671 833 1750; x_wconf 75' lang='lat' dir='ltr'><strong>Domine,</strong></span> <span class='ocrx_word' id='word_1_128' title='bbox 852 1671 932 1732; x_wconf 82' lang='lat' dir='ltr'><strong>oculi</strong></span> <span class='ocrx_word' id='word_1_129' title='bbox 955 1671 996 1730; x_wconf 92' lang='lat' dir='ltr'><strong>tui</strong></span> <span class='ocrx_word' id='word_1_130' title='bbox 1019 1689 1063 1729; x_wconf 91' lang='lat' dir='ltr'><strong>re-</strong></span> 
     </span>
     <span class='ocr_line' id='line_1_18' title="bbox 147 1750 1064 1836; baseline 0.002 -26"><span class='ocrx_word' id='word_1_131' title='bbox 147 1753 269 1829; x_wconf 74' lang='lat' dir='ltr'><strong>spiciunt</strong></span> <span class='ocrx_word' id='word_1_132' title='bbox 288 1752 398 1833; x_wconf 79' lang='lat' dir='ltr'><strong>fidem3</strong></span> <span class='ocrx_word' id='word_1_133' title='bbox 411 1755 525 1836; x_wconf 65' lang='lat' dir='ltr'><strong>xEloole.</strong></span> <span class='ocrx_word' id='word_1_134' title='bbox 544 1757 598 1819; x_wconf 84' lang='lat'><strong>32:</strong></span> <span class='ocrx_word' id='word_1_135' title='bbox 621 1755 654 1815; x_wconf 91' lang='lat' dir='ltr'><strong>ln</strong></span> <span class='ocrx_word' id='word_1_136' title='bbox 678 1756 760 1816; x_wconf 91' lang='lat' dir='ltr'><strong>omni</strong></span> <span class='ocrx_word' id='word_1_137' title='bbox 783 1772 877 1834; x_wconf 87' lang='lat' dir='ltr'><strong>opere</strong></span> <span class='ocrx_word' id='word_1_138' title='bbox 897 1758 950 1815; x_wconf 89' lang='lat' dir='ltr'><strong>tuo</strong></span> <span class='ocrx_word' id='word_1_139' title='bbox 973 1750 1064 1813; x_wconf 85' lang='lat' dir='ltr'><strong>erede</strong></span> 
     </span>
     <span class='ocr_line' id='line_1_19' title="bbox 146 1834 1064 1918; baseline 0.003 -25"><span class='ocrx_word' id='word_1_140' title='bbox 146 1853 179 1894; x_wconf 89' lang='lat' dir='ltr'><strong>ex</strong></span> <span class='ocrx_word' id='word_1_141' title='bbox 204 1834 264 1896; x_wconf 89' lang='lat' dir='ltr'><strong>lide</strong></span> <span class='ocrx_word' id='word_1_142' title='bbox 294 1838 418 1898; x_wconf 88' lang='lat' dir='ltr'><strong>animae</strong></span> <span class='ocrx_word' id='word_1_143' title='bbox 450 1846 536 1918; x_wconf 87' lang='lat' dir='ltr'><strong>tuae,</strong></span> <span class='ocrx_word' id='word_1_144' title='bbox 569 1839 648 1898; x_wconf 86' lang='lat' dir='ltr'><strong>haee</strong></span> <span class='ocrx_word' id='word_1_145' title='bbox 680 1839 760 1898; x_wconf 89' lang='lat' dir='ltr'><strong>enim</strong></span> <span class='ocrx_word' id='word_1_146' title='bbox 795 1844 841 1897; x_wconf 88' lang='lat' dir='ltr'><strong>est</strong></span> <span class='ocrx_word' id='word_1_147' title='bbox 872 1837 1064 1897; x_wconf 81' lang='lat' dir='ltr'><strong>conservatio</strong></span> 
     </span>
     <span class='ocr_line' id='line_1_20' title="bbox 146 1918 1066 2000; baseline 0.002 -24"><span class='ocrx_word' id='word_1_148' title='bbox 146 1918 352 1980; x_wconf 88' lang='lat' dir='ltr'><strong>mandatorum</strong></span> <span class='ocrx_word' id='word_1_149' title='bbox 380 1921 448 1984; x_wconf 87' lang='lat' dir='ltr'><strong>Dei.</strong></span> <span class='ocrx_word' id='word_1_150' title='bbox 497 1921 563 1983; x_wconf 94' lang='lat' dir='ltr'><strong>Imo</strong></span> <span class='ocrx_word' id='word_1_151' title='bbox 592 1922 779 1999; x_wconf 84' lang='lat' dir='ltr'><strong>frequentius</strong></span> <span class='ocrx_word' id='word_1_152' title='bbox 810 1921 1003 2000; x_wconf 83' lang='lat' dir='ltr'><strong>oontingers,</strong></span> <span class='ocrx_word' id='word_1_153' title='bbox 1032 1926 1066 1979; x_wconf 88' lang='lat' dir='ltr'><strong>ut</strong></span> 
     </span>
     <span class='ocr_line' id='line_1_21' title="bbox 147 2002 1064 2082; baseline 0 -21"><span class='ocrx_word' id='word_1_154' title='bbox 147 2003 252 2080; x_wconf 70' lang='lat' dir='ltr'><strong>patius</strong></span> <span class='ocrx_word' id='word_1_155' title='bbox 276 2003 316 2062; x_wconf 92' lang='lat' dir='ltr'><strong>sit</strong></span> <span class='ocrx_word' id='word_1_156' title='bbox 336 2005 468 2071; x_wconf 80' lang='lat' dir='ltr'><strong>ancillas</strong></span> <span class='ocrx_word' id='word_1_157' title='bbox 480 2011 532 2066; x_wconf 84' lang='lat' dir='ltr'><strong>aut</strong></span> <span class='ocrx_word' id='word_1_158' title='bbox 544 2006 624 2065; x_wconf 86' lang='lat' dir='ltr'><strong>servi</strong></span> <span class='ocrx_word' id='word_1_159' title='bbox 638 2004 838 2065; x_wconf 81' lang='lat' dir='ltr'><strong>domesticum</strong></span> <span class='ocrx_word' id='word_1_160' title='bbox 852 2010 884 2064; x_wconf 90' lang='lat' dir='ltr'><strong>et</strong></span> <span class='ocrx_word' id='word_1_161' title='bbox 904 2002 963 2063; x_wconf 89' lang='lat' dir='ltr'><strong>vile</strong></span> <span class='ocrx_word' id='word_1_162' title='bbox 977 2022 1064 2082; x_wconf 79' lang='lat' dir='ltr'><strong>opus,</strong></span> 
     </span>
     <span class='ocr_line' id='line_1_22' title="bbox 146 2085 1064 2167; baseline 0.001 -24"><span class='ocrx_word' id='word_1_163' title='bbox 146 2101 225 2161; x_wconf 89' lang='lat' dir='ltr'><strong>quam</strong></span> <span class='ocrx_word' id='word_1_164' title='bbox 250 2087 356 2146; x_wconf 92' lang='lat' dir='ltr'><strong>omnia</strong></span> <span class='ocrx_word' id='word_1_165' title='bbox 377 2087 492 2148; x_wconf 89' lang='lat' dir='ltr'><strong>ieiunia</strong></span> <span class='ocrx_word' id='word_1_166' title='bbox 514 2095 545 2148; x_wconf 89' lang='lat' dir='ltr'><strong>et</strong></span> <span class='ocrx_word' id='word_1_167' title='bbox 566 2106 661 2167; x_wconf 86' lang='lat' dir='ltr'><strong>opera</strong></span> <span class='ocrx_word' id='word_1_168' title='bbox 682 2087 817 2167; x_wconf 82' lang='lat' dir='ltr'><strong>religiosi</strong></span> <span class='ocrx_word' id='word_1_169' title='bbox 842 2085 1064 2160; x_wconf 88' lang='lat' dir='ltr'><strong>etsaoerdotis,</strong></span> 
     </span>
     <span class='ocr_line' id='line_1_23' title="bbox 145 2166 1064 2250; baseline 0.004 -25"><span class='ocrx_word' id='word_1_170' title='bbox 145 2166 177 2225; x_wconf 93' lang='lat' dir='ltr'><strong>ob</strong></span> <span class='ocrx_word' id='word_1_171' title='bbox 196 2166 267 2227; x_wconf 86' lang='lat' dir='ltr'><strong>fidei</strong></span> <span class='ocrx_word' id='word_1_172' title='bbox 300 2168 462 2232; x_wconf 83' lang='lat' dir='ltr'><strong>delectum.</strong></span> <span class='ocrx_word' id='word_1_173' title='bbox 507 2169 584 2231; x_wconf 83' lang='lat' dir='ltr'><strong>Oum</strong></span> <span class='ocrx_word' id='word_1_174' title='bbox 615 2190 688 2250; x_wconf 88' lang='lat' dir='ltr'><strong>ergo</strong></span> <span class='ocrx_word' id='word_1_175' title='bbox 716 2169 877 2250; x_wconf 87' lang='lat' dir='ltr'><strong>probabile</strong></span> <span class='ocrx_word' id='word_1_176' title='bbox 906 2172 960 2245; x_wconf 88' lang='lat' dir='ltr'><strong>sit,</strong></span> <span class='ocrx_word' id='word_1_177' title='bbox 992 2176 1064 2229; x_wconf 86' lang='lat' dir='ltr'><strong>vota</strong></span> 
     </span>
     <span class='ocr_line' id='line_1_24' title="bbox 144 2247 1064 2332; baseline 0.002 -23"><span class='ocrx_word' id='word_1_178' title='bbox 144 2247 226 2311; x_wconf 86' lang='lat' dir='ltr'><strong>bodie</strong></span> <span class='ocrx_word' id='word_1_179' title='bbox 249 2270 313 2311; x_wconf 94' lang='lat' dir='ltr'><strong>non</strong></span> <span class='ocrx_word' id='word_1_180' title='bbox 337 2253 394 2312; x_wconf 90' lang='lat' dir='ltr'><strong>uisi</strong></span> <span class='ocrx_word' id='word_1_181' title='bbox 417 2253 455 2313; x_wconf 92' lang='lat' dir='ltr'><strong>ad</strong></span> <span class='ocrx_word' id='word_1_182' title='bbox 478 2272 604 2332; x_wconf 89' lang='lat' dir='ltr'><strong>operum</strong></span> <span class='ocrx_word' id='word_1_183' title='bbox 626 2254 729 2314; x_wconf 86' lang='lat' dir='ltr'><strong>valere</strong></span> <span class='ocrx_word' id='word_1_184' title='bbox 745 2255 920 2314; x_wconf 82' lang='lat' dir='ltr'><strong>iactantiam</strong></span> <span class='ocrx_word' id='word_1_185' title='bbox 935 2258 965 2312; x_wconf 92' lang='lat' dir='ltr'><strong>et</strong></span> <span class='ocrx_word' id='word_1_186' title='bbox 979 2271 1064 2331; x_wconf 82' lang='lat' dir='ltr'><strong>prse-</strong></span> 
     </span>
     <span class='ocr_line' id='line_1_25' title="bbox 141 2334 1064 2415; baseline 0.001 -23"><span class='ocrx_word' id='word_1_187' title='bbox 141 2334 353 2414; x_wconf 87' lang='lat' dir='ltr'><strong>sumptionem,</strong></span> <span class='ocrx_word' id='word_1_188' title='bbox 376 2336 573 2397; x_wconf 89' lang='lat' dir='ltr'><strong>metuendum</strong></span> <span class='ocrx_word' id='word_1_189' title='bbox 595 2344 650 2414; x_wconf 89' lang='lat' dir='ltr'><strong>est,</strong></span> <span class='ocrx_word' id='word_1_190' title='bbox 673 2355 823 2415; x_wconf 84' lang='lat' dir='ltr'><strong>nusquam</strong></span> <span class='ocrx_word' id='word_1_191' title='bbox 836 2338 934 2397; x_wconf 91' lang='lat' dir='ltr'><strong>minus</strong></span> <span class='ocrx_word' id='word_1_192' title='bbox 954 2334 1064 2395; x_wconf 86' lang='lat' dir='ltr'><strong>deiide</strong></span> 
     </span>
     <span class='ocr_line' id='line_1_26' title="bbox 141 2416 1065 2510; baseline 0.002 -36"><span class='ocrx_word' id='word_1_193' title='bbox 141 2422 165 2474; x_wconf 89' lang='lat' dir='ltr'><strong>et</strong></span> <span class='ocrx_word' id='word_1_194' title='bbox 184 2416 322 2478; x_wconf 81' lang='lat' dir='ltr'><strong>ecelesia</strong></span> <span class='ocrx_word' id='word_1_195' title='bbox 344 2437 413 2479; x_wconf 90' lang='lat' dir='ltr'><strong>esss</strong></span> <span class='ocrx_word' id='word_1_196' title='bbox 436 2438 526 2499; x_wconf 90' lang='lat' dir='ltr'><strong>quam</strong></span> <span class='ocrx_word' id='word_1_197' title='bbox 549 2421 579 2479; x_wconf 90' lang='lat' dir='ltr'><strong>in</strong></span> <span class='ocrx_word' id='word_1_198' title='bbox 602 2419 829 2510; x_wconf 58' lang='lat' dir='ltr'><strong>sgoerdotibus,</strong></span> <span class='ocrx_word' id='word_1_199' title='bbox 852 2418 1010 2480; x_wconf 89' lang='lat' dir='ltr'><strong>monaobis</strong></span> <span class='ocrx_word' id='word_1_200' title='bbox 1033 2424 1065 2477; x_wconf 89' lang='lat' dir='ltr'><strong>et</strong></span> 
     </span>
     <span class='ocr_line' id='line_1_27' title="bbox 139 2500 1063 2583; baseline 0.001 -24"><span class='ocrx_word' id='word_1_201' title='bbox 139 2500 300 2579; x_wconf 74' lang='lat' dir='ltr'><strong>episeopis,</strong></span> <span class='ocrx_word' id='word_1_202' title='bbox 322 2509 354 2561; x_wconf 91' lang='lat' dir='ltr'><strong>et</strong></span> <span class='ocrx_word' id='word_1_203' title='bbox 375 2521 429 2563; x_wconf 91' lang='lat' dir='ltr'><strong>eos</strong></span> <span class='ocrx_word' id='word_1_204' title='bbox 450 2504 536 2583; x_wconf 86' lang='lat' dir='ltr'><strong>ipsos</strong></span> <span class='ocrx_word' id='word_1_205' title='bbox 548 2522 617 2563; x_wconf 92' lang='lat' dir='ltr'><strong>esse</strong></span> <span class='ocrx_word' id='word_1_206' title='bbox 627 2523 735 2564; x_wconf 87' lang='lat' dir='ltr'><strong>revera</strong></span> <span class='ocrx_word' id='word_1_207' title='bbox 757 2503 886 2582; x_wconf 89' lang='lat' dir='ltr'><strong>gentiles</strong></span> <span class='ocrx_word' id='word_1_208' title='bbox 900 2523 953 2563; x_wconf 90' lang='lat' dir='ltr'><strong>sen</strong></span> <span class='ocrx_word' id='word_1_209' title='bbox 966 2501 1063 2581; x_wconf 85' lang='lat' dir='ltr'><strong>hypo·</strong></span> 
     </span>
     <span class='ocr_line' id='line_1_28' title="bbox 138 2583 1063 2664; baseline 0.001 -23"><span class='ocrx_word' id='word_1_210' title='bbox 138 2583 235 2660; x_wconf 88' lang='lat' dir='ltr'><strong>oritas,</strong></span> <span class='ocrx_word' id='word_1_211' title='bbox 259 2583 313 2662; x_wconf 86' lang='lat' dir='ltr'><strong>qui</strong></span> <span class='ocrx_word' id='word_1_212' title='bbox 335 2604 370 2644; x_wconf 89' lang='lat' dir='ltr'><strong>se</strong></span> <span class='ocrx_word' id='word_1_213' title='bbox 391 2585 553 2646; x_wconf 88' lang='lat' dir='ltr'><strong>eoolesiam</strong></span> <span class='ocrx_word' id='word_1_214' title='bbox 576 2593 628 2646; x_wconf 90' lang='lat' dir='ltr'><strong>aut</strong></span> <span class='ocrx_word' id='word_1_215' title='bbox 650 2605 704 2646; x_wconf 86' lang='lat' dir='ltr'><strong>eor</strong></span> <span class='ocrx_word' id='word_1_216' title='bbox 726 2585 888 2663; x_wconf 74' lang='lat' dir='ltr'><strong>eeclesiae,</strong></span> <span class='ocrx_word' id='word_1_217' title='bbox 909 2587 980 2644; x_wconf 88' lang='lat' dir='ltr'><strong>item</strong></span> <span class='ocrx_word' id='word_1_218' title='bbox 1004 2585 1063 2664; x_wconf 91' lang='lat' dir='ltr'><strong>spi·</strong></span> 
     </span>
     <span class='ocr_line' id='line_1_29' title="bbox 136 2665 1064 2744; baseline 0.004 -21"><span class='ocrx_word' id='word_1_219' title='bbox 136 2665 259 2726; x_wconf 86' lang='lat' dir='ltr'><strong>rituales</strong></span> <span class='ocrx_word' id='word_1_220' title='bbox 283 2673 313 2725; x_wconf 89' lang='lat' dir='ltr'><strong>st</strong></span> <span class='ocrx_word' id='word_1_221' title='bbox 337 2675 471 2729; x_wconf 78' lang='lat' dir='ltr'><strong>restores</strong></span> <span class='ocrx_word' id='word_1_222' title='bbox 502 2669 652 2729; x_wconf 75' lang='lat' dir='ltr'><strong>eeclesiae</strong></span> <span class='ocrx_word' id='word_1_223' title='bbox 680 2669 879 2744; x_wconf 85' lang='lat' dir='ltr'><strong>arbitrantur,</strong></span> <span class='ocrx_word' id='word_1_224' title='bbox 911 2687 979 2727; x_wconf 91' lang='lat' dir='ltr'><strong>oum</strong></span> <span class='ocrx_word' id='word_1_225' title='bbox 1003 2668 1064 2727; x_wconf 86' lang='lat' dir='ltr'><strong>sint</strong></span> 
     </span>
     <span class='ocr_line' id='line_1_30' title="bbox 135 2747 1062 2831; baseline 0.001 -24"><span class='ocrx_word' id='word_1_226' title='bbox 135 2747 205 2808; x_wconf 90' lang='lat' dir='ltr'><strong>nihil</strong></span> <span class='ocrx_word' id='word_1_227' title='bbox 231 2749 341 2811; x_wconf 88' lang='lat' dir='ltr'><strong>minus.</strong></span> <span class='ocrx_word' id='word_1_228' title='bbox 384 2751 424 2810; x_wconf 76' lang='lat' dir='ltr'><strong>ut</strong></span> <span class='ocrx_word' id='word_1_229' title='bbox 449 2750 531 2812; x_wconf 89' lang='lat' dir='ltr'><strong>huno</strong></span> <span class='ocrx_word' id='word_1_230' title='bbox 558 2771 719 2812; x_wconf 82' lang='lat' dir='ltr'><strong>assevero</strong></span> <span class='ocrx_word' id='word_1_231' title='bbox 746 2751 896 2831; x_wconf 93' lang='lat' dir='ltr'><strong>populum</strong></span> <span class='ocrx_word' id='word_1_232' title='bbox 926 2750 1062 2810; x_wconf 86' lang='lat' dir='ltr'><strong>transmi-</strong></span> 
     </span>
     <span class='ocr_line' id='line_1_31' title="bbox 134 2832 1061 2915; baseline 0.001 -25"><span class='ocrx_word' id='word_1_233' title='bbox 134 2832 291 2910; x_wconf 84' lang='lat' dir='ltr'><strong>grationis,</strong></span> <span class='ocrx_word' id='word_1_234' title='bbox 312 2833 343 2892; x_wconf 92' lang='lat' dir='ltr'><strong>in</strong></span> <span class='ocrx_word' id='word_1_235' title='bbox 367 2833 476 2912; x_wconf 86' lang='lat' dir='ltr'><strong>quibus</strong></span> <span class='ocrx_word' id='word_1_236' title='bbox 499 2836 621 2915; x_wconf 87' lang='lat' dir='ltr'><strong>osptiva</strong></span> <span class='ocrx_word' id='word_1_237' title='bbox 644 2840 715 2895; x_wconf 88' lang='lat' dir='ltr'><strong>sunt</strong></span> <span class='ocrx_word' id='word_1_238' title='bbox 736 2836 850 2911; x_wconf 90' lang='lat' dir='ltr'><strong>omnia,</strong></span> <span class='ocrx_word' id='word_1_239' title='bbox 874 2852 954 2913; x_wconf 89' lang='lat' dir='ltr'><strong>quae</strong></span> <span class='ocrx_word' id='word_1_240' title='bbox 971 2833 1061 2893; x_wconf 88' lang='lat' dir='ltr'><strong>nobis</strong></span> 
     </span>
     <span class='ocr_line' id='line_1_32' title="bbox 133 2912 1063 2998; baseline 0.004 -28"><span class='ocrx_word' id='word_1_241' title='bbox 133 2912 162 2972; x_wconf 90' lang='lat' dir='ltr'><strong>iu</strong></span> <span class='ocrx_word' id='word_1_242' title='bbox 184 2913 341 2994; x_wconf 88' lang='lat' dir='ltr'><strong>baptismo</strong></span> <span class='ocrx_word' id='word_1_243' title='bbox 364 2916 460 2978; x_wconf 87' lang='lat' dir='ltr'><strong>libera</strong></span> <span class='ocrx_word' id='word_1_244' title='bbox 482 2916 596 2979; x_wconf 89' lang='lat' dir='ltr'><strong>donata</strong></span> <span class='ocrx_word' id='word_1_245' title='bbox 611 2925 691 2997; x_wconf 90' lang='lat' dir='ltr'><strong>sunt,</strong></span> <span class='ocrx_word' id='word_1_246' title='bbox 714 2917 821 2978; x_wconf 86' lang='lat' dir='ltr'><strong>relioto</strong></span> <span class='ocrx_word' id='word_1_247' title='bbox 834 2917 950 2998; x_wconf 93' lang='lat' dir='ltr'><strong>populo</strong></span> <span class='ocrx_word' id='word_1_248' title='bbox 965 2924 1063 2975; x_wconf 79' lang='lat' dir='ltr'><strong>terrae</strong></span> 
     </span>
     <span class='ocr_line' id='line_1_33' title="bbox 133 2999 1062 3081; baseline 0 -25"><span class='ocrx_word' id='word_1_249' title='bbox 133 3014 270 3076; x_wconf 87' lang='lat' dir='ltr'><strong>paupere</strong></span> <span class='ocrx_word' id='word_1_250' title='bbox 292 3005 322 3058; x_wconf 89' lang='lat' dir='ltr'><strong>et</strong></span> <span class='ocrx_word' id='word_1_251' title='bbox 345 3000 482 3079; x_wconf 89' lang='lat' dir='ltr'><strong>modioo,</strong></span> <span class='ocrx_word' id='word_1_252' title='bbox 504 3003 572 3079; x_wconf 86' lang='lat' dir='ltr'><strong>qui,</strong></span> <span class='ocrx_word' id='word_1_253' title='bbox 596 3001 680 3062; x_wconf 87' lang='lat' dir='ltr'><strong>velut</strong></span> <span class='ocrx_word' id='word_1_254' title='bbox 707 3002 879 3081; x_wconf 77' lang='lat' dir='ltr'><strong>coniugatis</strong></span> <span class='ocrx_word' id='word_1_255' title='bbox 902 2999 1062 3077; x_wconf 83' lang='lat' dir='ltr'><strong>contingit,</strong></span> 
     </span>
     <span class='ocr_line' id='line_1_34' title="bbox 133 3079 708 3164; baseline 0.012 -26"><span class='ocrx_word' id='word_1_256' title='bbox 133 3079 208 3140; x_wconf 84' lang='lat' dir='ltr'><strong>viles</strong></span> <span class='ocrx_word' id='word_1_257' title='bbox 231 3080 262 3139; x_wconf 96' lang='lat' dir='ltr'><strong>in</strong></span> <span class='ocrx_word' id='word_1_258' title='bbox 286 3081 384 3142; x_wconf 90' lang='lat' dir='ltr'><strong>ooulis</strong></span> <span class='ocrx_word' id='word_1_259' title='bbox 405 3082 526 3143; x_wconf 90' lang='lat' dir='ltr'><strong>illorum</strong></span> <span class='ocrx_word' id='word_1_260' title='bbox 548 3089 708 3164; x_wconf 85' lang='lat' dir='ltr'><strong>apparent.</strong></span> 
     </span>
    </p>

    <p class='ocr_par' dir='ltr' id='par_1_4' title="bbox 131 3162 1066 3810">
     <span class='ocr_line' id='line_1_35' title="bbox 216 3162 1063 3246; baseline -0.001 -24"><span class='ocrx_word' id='word_1_261' title='bbox 216 3163 267 3222; x_wconf 84' lang='lat' dir='ltr'><strong>Ex</strong></span> <span class='ocrx_word' id='word_1_262' title='bbox 288 3163 335 3224; x_wconf 92' lang='lat' dir='ltr'><strong>bis</strong></span> <span class='ocrx_word' id='word_1_263' title='bbox 358 3163 435 3225; x_wconf 91' lang='lat' dir='ltr'><strong>duos</strong></span> <span class='ocrx_word' id='word_1_264' title='bbox 456 3167 593 3246; x_wconf 86' lang='lat' dir='ltr'><strong>insignes</strong></span> <span class='ocrx_word' id='word_1_265' title='bbox 615 3185 733 3227; x_wconf 84' lang='lat' dir='ltr'><strong>errores</strong></span> <span class='ocrx_word' id='word_1_266' title='bbox 756 3167 887 3228; x_wconf 83' lang='lat' dir='ltr'><strong>Romani</strong></span> <span class='ocrx_word' id='word_1_267' title='bbox 910 3162 1063 3240; x_wconf 86' lang='lat' dir='ltr'><strong>pontifiois</strong></span> 
     </span>
     <span class='ocr_line' id='line_1_36' title="bbox 132 3247 1064 3330; baseline 0.001 -26"><span class='ocrx_word' id='word_1_268' title='bbox 132 3247 370 3325; x_wconf 83' lang='lat' dir='ltr'><strong>eognosoimus3</strong></span> <span class='ocrx_word' id='word_1_269' title='bbox 392 3250 484 3328; x_wconf 81' lang='lat' dir='ltr'><strong>prior,</strong></span> <span class='ocrx_word' id='word_1_270' title='bbox 507 3249 589 3330; x_wconf 92' lang='lat' dir='ltr'><strong>quod</strong></span> <span class='ocrx_word' id='word_1_271' title='bbox 601 3249 759 3329; x_wconf 87' lang='lat' dir='ltr'><strong>dispensat</strong></span> <span class='ocrx_word' id='word_1_272' title='bbox 773 3250 803 3309; x_wconf 90' lang='lat' dir='ltr'><strong>in</strong></span> <span class='ocrx_word' id='word_1_273' title='bbox 816 3250 907 3324; x_wconf 86' lang='lat' dir='ltr'><strong>votis,</strong></span> <span class='ocrx_word' id='word_1_274' title='bbox 928 3248 1064 3324; x_wconf 76' lang='lat' dir='ltr'><strong>facitque</strong></span> 
     </span>
     <span class='ocr_line' id='line_1_37' title="bbox 132 3326 1063 3412; baseline 0.001 -25"><span class='ocrx_word' id='word_1_275' title='bbox 132 3326 174 3403; x_wconf 95' lang='lat' dir='ltr'><strong>id,</strong></span> <span class='ocrx_word' id='word_1_276' title='bbox 197 3330 286 3406; x_wconf 89' lang='lat' dir='ltr'><strong>quasi</strong></span> <span class='ocrx_word' id='word_1_277' title='bbox 310 3330 394 3391; x_wconf 91' lang='lat' dir='ltr'><strong>solus</strong></span> <span class='ocrx_word' id='word_1_278' title='bbox 417 3352 492 3412; x_wconf 87' lang='lat' dir='ltr'><strong>pras</strong></span> <span class='ocrx_word' id='word_1_279' title='bbox 515 3331 657 3393; x_wconf 89' lang='lat' dir='ltr'><strong>omnibns</strong></span> <span class='ocrx_word' id='word_1_280' title='bbox 676 3331 855 3392; x_wconf 78' lang='lat' dir='ltr'><strong>Christianis</strong></span> <span class='ocrx_word' id='word_1_281' title='bbox 878 3330 991 3392; x_wconf 84' lang='lat' dir='ltr'><strong>babeat</strong></span> <span class='ocrx_word' id='word_1_282' title='bbox 1013 3349 1063 3390; x_wconf 86' lang='lat' dir='ltr'><strong>au-</strong></span> 
     </span>
     <span class='ocr_line' id='line_1_38' title="bbox 132 3411 1066 3495; baseline 0 -25"><span class='ocrx_word' id='word_1_283' title='bbox 132 3411 300 3472; x_wconf 83' lang='lat' dir='ltr'><strong>toritatem.</strong></span> <span class='ocrx_word' id='word_1_284' title='bbox 329 3413 431 3475; x_wconf 82' lang='lat' dir='ltr'><strong>Tanta</strong></span> <span class='ocrx_word' id='word_1_285' title='bbox 452 3420 499 3476; x_wconf 88' lang='lat' dir='ltr'><strong>est</strong></span> <span class='ocrx_word' id='word_1_286' title='bbox 519 3416 677 3477; x_wconf 93' lang='lat' dir='ltr'><strong>hominum</strong></span> <span class='ocrx_word' id='word_1_287' title='bbox 692 3416 853 3495; x_wconf 89' lang='lat' dir='ltr'><strong>impiorum</strong></span> <span class='ocrx_word' id='word_1_288' title='bbox 866 3416 1019 3474; x_wconf 86' lang='lat' dir='ltr'><strong>temeritas</strong></span> <span class='ocrx_word' id='word_1_289' title='bbox 1034 3417 1066 3472; x_wconf 88' lang='lat' dir='ltr'><strong>et</strong></span> 
     </span>
     <span class='ocr_line' id='line_1_39' title="bbox 131 3494 1064 3578; baseline 0 -25"><span class='ocrx_word' id='word_1_290' title='bbox 131 3494 273 3556; x_wconf 87' lang='lat' dir='ltr'><strong>audaoia.</strong></span> <span class='ocrx_word' id='word_1_291' title='bbox 287 3494 319 3556; x_wconf 81' lang='lat' dir='ltr'><strong>Si</strong></span> <span class='ocrx_word' id='word_1_292' title='bbox 330 3497 523 3577; x_wconf 87' lang='lat' dir='ltr'><strong>enimvotum</strong></span> <span class='ocrx_word' id='word_1_293' title='bbox 532 3497 822 3578; x_wconf 88' lang='lat' dir='ltr'><strong>dispensaripotest,</strong></span> <span class='ocrx_word' id='word_1_294' title='bbox 835 3495 962 3576; x_wconf 89' lang='lat' dir='ltr'><strong>quilibet</strong></span> <span class='ocrx_word' id='word_1_295' title='bbox 973 3496 1064 3555; x_wconf 85' lang='lat' dir='ltr'><strong>frater</strong></span> 
     </span>
     <span class='ocr_line' id='line_1_40' title="bbox 131 3578 1064 3661; baseline 0 -24"><span class='ocrx_word' id='word_1_296' title='bbox 131 3578 1064 3661; x_wconf 80' lang='lat' dir='ltr'><strong>eumproxim&#39;o,etipseseoumdispensarepetest,sindispeu-</strong></span> 
     </span>
     <span class='ocr_line' id='line_1_41' title="bbox 131 3661 1065 3745; baseline 0 -25"><span class='ocrx_word' id='word_1_297' title='bbox 131 3679 202 3722; x_wconf 87' lang='lat' dir='ltr'><strong>sare</strong></span> <span class='ocrx_word' id='word_1_298' title='bbox 211 3663 442 3742; x_wconf 84' lang='lat' dir='ltr'><strong>proximusnon</strong></span> <span class='ocrx_word' id='word_1_299' title='bbox 456 3669 570 3745; x_wconf 86' lang='lat' dir='ltr'><strong>potest,</strong></span> <span class='ocrx_word' id='word_1_300' title='bbox 583 3663 666 3725; x_wconf 91' lang='lat' dir='ltr'><strong>nullo</strong></span> <span class='ocrx_word' id='word_1_301' title='bbox 678 3664 952 3743; x_wconf 88' lang='lat' dir='ltr'><strong>iurapapspotest.</strong></span> <span class='ocrx_word' id='word_1_302' title='bbox 965 3661 1065 3722; x_wconf 87' lang='lat' dir='ltr'><strong>Unde</strong></span> 
     </span>
     <span class='ocr_line' id='line_1_42' title="bbox 131 3743 1064 3810; baseline -0.003 -4"><span class='ocrx_word' id='word_1_303' title='bbox 131 3744 216 3806; x_wconf 80' lang='lat' dir='ltr'><strong>asim</strong></span> <span class='ocrx_word' id='word_1_304' title='bbox 237 3743 333 3808; x_wconf 86' lang='lat' dir='ltr'><strong>babet</strong></span> <span class='ocrx_word' id='word_1_305' title='bbox 353 3746 435 3810; x_wconf 87' lang='lat' dir='ltr'><strong>hano</strong></span> <span class='ocrx_word' id='word_1_306' title='bbox 456 3746 673 3810; x_wconf 80' lang='lat' dir='ltr'><strong>autoritatem?</strong></span> <span class='ocrx_word' id='word_1_307' title='bbox 694 3745 744 3809; x_wconf 80' lang='lat' dir='ltr'><strong>Ex</strong></span> <span class='ocrx_word' id='word_1_308' title='bbox 762 3743 922 3808; x_wconf 79' lang='lat' dir='ltr'><strong>oloribus?</strong></span> <span class='ocrx_word' id='word_1_309' title='bbox 945 3744 1064 3805; x_wconf 82' lang='lat' dir='ltr'><strong>Athos</strong></span> 
     </span>
    </p>
   </div>
   <div class='ocr_carea' id='block_1_3' title="bbox 0 0 1200 4170">
    <p class='ocr_par' dir='ltr' id='par_1_5' title="bbox 0 0 1200 4170">
     <span class='ocr_line' id='line_1_43' title="bbox 0 0 1200 4170; baseline 0 0"><span class='ocrx_word' id='word_1_310' title='bbox 0 0 1200 4170; x_wconf 95' lang='lat' dir='ltr'><strong> </strong></span> 
     </span>
    </p>
   </div>
  </div>
 </body>
</html>
