2392 4170
136 246 200 319 1OE
410 251 453 307 us
470 251 551 323 capt
568 250 668 323 Babyl.
685 251 828 308 Ecclesiae

136 410 268 490 gamiam
292 407 465 488 significare
485 407 630 490 scimus),
652 407 707 469 sed
730 406 895 489 digamiam
916 407 1063 489 interpre

137 493 191 554 tati
214 497 303 568 sunt,
326 492 350 553 si
371 493 437 572 quis
467 491 543 553 duas
566 492 740 553 successive
761 492 895 572 virgines
917 489 1065 563 duxisset,

140 582 192 638 aut
204 575 298 637 semel
309 575 441 636 viduam.
464 575 528 637 lmo
541 575 735 636 suauissima
746 575 806 637 ista
817 575 966 636 sanctitas
976 574 1063 637 huius

137 659 426 739 sacrosacratissimi
456 659 639 719 sacramenti
669 665 785 719 tantum
814 658 911 737 valet,
949 664 1064 721 utnon

138 742 324 804 sacerdotari
354 742 552 822 possit,'qui
587 743 735 822 virginem
773 741 908 819 duxerit,
942 742 1063 813 vivente

137 826 244 888 eadem
268 844 375 886 uxore.
420 826 465 886 Ac
487 831 521 886 ut
542 845 692 886 summum
716 825 868 905 fastigium
892 824 1061 901 sanctitatis

136 911 276 991 attingat,
299 909 389 970 etiam
412 909 438 968 is
456 914 576 970 arcetur
597 928 616 969 a
637 907 820 988 sacerdotio,
844 908 895 987 qui
916 909 1061 987 ignorans

136 1000 166 1054 et
187 1012 290 1054 merae
310 991 494 1053 infelicitatis
518 1010 591 1053 casu
607 997 781 1071 corruptam
804 991 955 1072 virginem
971 990 1061 1063 (luxa

135 1077 182 1140 rit.
228 1077 268 1137 At
289 1076 313 1136 si
337 1083 500 1136 sexcentas
513 1076 687 1136 meretrices
709 1075 863 1155 polluerit,
885 1080 938 1135 aut
952 1080 1060 1145 mauu·

136 1180 192 1220 uas
223 1179 261 1221 ac
288 1160 423 1239 virgines
453 1157 605 1238 quaslibet
634 1159 854 1237 constuprarit,
890 1163 944 1219 aut
972 1158 1060 1221 etiam

137 1242 334 1323 Ganymedes
357 1242 469 1303 multos
492 1242 617 1318 aluerit,
639 1241 713 1301 nihil
735 1240 945 1322 impedimenti
965 1240 1061 1317 fuerit,

136 1326 185 1386 vel
208 1327 387 1405 episcopum
412 1326 458 1385 vel
478 1324 677 1403 cardinalem,
698 1325 746 1384 vel
768 1344 880 1405 papam
895 1343 965 1385 eum
988 1322 1060 1395 llari

136 1409 214 1470 Tum
235 1408 310 1469 illud
334 1408 493 1488 Apostoli,
519 1408 615 1468 Unius
637 1409 744 1469 uxoris
765 1409 827 1485 vir,
850 1408 895 1467 sic
915 1408 1059 1489 iuterprs·

137 1492 196 1552 tari
219 1498 355 1571 oportet,
377 1492 407 1551 id
431 1499 492 1568 est,
515 1492 604 1553 unius
626 1491 776 1552 ecclesiae
797 1490 972 1570 praelatus,
993 1488 1061 1553 inde

136 1574 379 1655 incompatibilia
399 1581 560 1635 manarunt
581 1573 743 1650 beneficia,
764 1575 820 1635 nisi
842 1593 925 1654 papa
943 1573 1061 1657 dispan-

137 1665 221 1719 sator
243 1657 422 1739 magnificus
450 1660 502 1718 uni
525 1665 602 1733 trae,
632 1658 755 1736 viginti,
778 1664 901 1718 centum
939 1664 1061 1735 uxores,

137 1740 167 1800 id
191 1747 246 1816 est,
269 1742 417 1801 ecclesias
441 1740 588 1823 copulare
611 1741 750 1818 voluerit,
773 1741 904 1820 pecunia
926 1741 976 1802 vel
998 1758 1061 1823 gra·

134 1825 177 1885 tia
199 1832 369 1904 corruptus,
391 1825 452 1886 hoc
473 1831 529 1897 est,
552 1826 603 1904 pia
625 1825 751 1885 caritate
772 1829 890 1902 motus,
913 1830 944 1885 et
966 1822 1061 1885 ecole-

135 1908 247 1970 siarum
272 1908 476 1969 sollicitudine
499 1907 663 1969 districtus.
1043 1968 1047 1975 ,

216 1991 243 2052 0
267 1991 377 2070 dignos
401 1989 574 2070 pontifices,
596 1991 656 2051 hcc
677 1989 843 2052 venerabili
866 1996 1059 2053 sacramenta

134 2073 264 2144 ordinis,
294 2093 312 2133 o
335 2073 489 2154 principes
517 2092 578 2134 non
608 2073 825 2134 catholicarum
851 2073 1060 2151 ecclesiarum,

134 2155 187 2217 sed
224 2157 429 2216 satanicarum
468 2176 715 2237 synagogarum,
760 2157 822 2217 imo
856 2156 1060 2219 tenebrarum

132 2238 220 2300 Libet
241 2239 291 2299 nic
320 2259 388 2300 cum
416 2239 496 2300 isaia
518 2240 667 2300 clamare:
696 2239 723 2300 0
746 2240 800 2299 viri
822 2239 981 2313 illusores,
1010 2238 1059 2337 qui

133 2321 331 2382 dominamini
355 2341 447 2402 super
467 2322 615 2401 populum
639 2342 758 2404 meum,
787 2323 836 2401 qui
866 2328 912 2383 est
936 2323 967 2383 iu
993 2320 1060 2383 Hrc-

131 2404 282 2472 rusalemr
303 2411 334 2465 et
355 2405 428 2466 illud
452 2406 558 2470 Amos.
581 2408 614 2470 6:
638 2406 704 2465 Vae
726 2404 824 2479 robis,
847 2406 898 2485 qui
921 2404 1058 2485 opulenti

134 2488 207 2548 estis
230 2489 261 2546 in
285 2488 372 2564 Zion,
395 2496 425 2548 et
448 2487 600 2549 confiditis
622 2489 652 2548 in
676 2496 780 2549 monte
802 2487 975 2561 Samariae,
1008 2507 1059 2570 op

134 2570 269 2647 limatas,
299 2573 400 2650 capita
422 2571 623 2651 populorum,
650 2570 857 2650 ingredientes
886 2572 1061 2652 pompatica

134 2651 257 2713 domum
291 2654 384 2714 Israel
418 2661 475 2716 etc.
517 2654 543 2715 0
580 2654 780 2733 ignominiam
812 2654 963 2715 ecciesiae
993 2653 1061 2729 Dei,

133 2754 223 2815 quam
247 2757 286 2797 ex
309 2737 356 2797 his
379 2738 522 2796 monstris
543 2736 785 2798 sacerdotalibus
809 2736 970 2802 contrahit.
1001 2734 1061 2799 Ubi

132 2825 203 2879 sunt
224 2820 362 2900 episcopi
384 2824 438 2879 aut
460 2819 647 2895 sacerdotes,
671 2821 721 2900 qui
743 2820 843 2880 sciant
854 2818 1060 2901 evangelium,

133 2901 244 2962 nedum
272 2901 472 2983 praedicent?
494 2909 527 2962 ut
548 2902 620 2982 quid
636 2922 711 2982 ergo
734 2922 804 2963 sese
825 2904 943 2963 iactant
963 2921 1061 2967 sacer·

134 2983 238 3059 dotas,
272 2985 413 3046 curaliis
436 2985 614 3047 Christianis
643 2991 788 3063 tanquam
816 2986 903 3047 laicis
926 2986 1060 3047 sandio-

132 3087 181 3128 res
202 3074 232 3128 et
244 3067 387 3129 meliores
411 3075 441 3129 et
462 3069 651 3148 potentiores
674 3068 780 3130 haberi
802 3068 930 3130 volunt?
960 3068 1061 3131 Hom

131 3150 244 3231 legere,
267 3151 306 3212 ad
330 3170 408 3230 quos
430 3151 541 3212 idiotas
555 3169 616 3211 non
639 3153 781 3233 pertinet,
803 3171 857 3213 seu
873 3154 1061 3232 (utaposto-

133 3233 180 3293 lus
202 3234 258 3303 ait)
282 3234 319 3295 ad
344 3235 447 3315 lingua
469 3234 654 3313 loquentes?
676 3235 890 3296 Horasautem
913 3253 1004 3297 orare
1021 3232 1060 3298 ad

133 3315 313 3398 monachos,
336 3319 488 3393 eremitas,
511 3318 709 3397 privatosque
720 3317 870 3392 homines,
893 3323 989 3378 eteos
1008 3316 1061 3379 lsi·

133 3418 186 3458 cos
208 3401 346 3480 pertinet.
379 3399 555 3462 Sacerdotis
570 3420 679 3461 munus
702 3405 749 3459 eat
761 3400 951 3480 praedicare,
976 3398 1059 3479 quod

133 3483 188 3542 nisi
212 3482 327 3559 fecerit,
351 3483 396 3543 sic
417 3489 464 3543 eet
485 3482 645 3558 sacerdos,
672 3484 752 3544 sicut
773 3482 866 3544 homo
889 3483 991 3562 pictus
1014 3488 1061 3545 est

132 3564 237 3630 homo.
282 3567 329 3627 An
352 3567 532 3646 episcopum
555 3566 663 3642 faciat,
691 3565 833 3627 ordinare
861 3566 938 3627 tales
961 3584 1061 3628 sacer·

131 3646 220 3711 dotes
242 3646 441 3728 battologos?
464 3648 511 3709 An
541 3649 688 3710 ecclesias
711 3654 742 3709 et
764 3667 930 3729 campanas
954 3667 1061 3711 conse

132 3732 237 3793 crare?
259 3730 308 3793 An
330 3751 443 3817 pueros
458 3731 660 3799 confirmare?
681 3731 1059 3799 Nonhaeovsldiscouus
