2392 4170
139 246 204 314 238
449 245 492 305 Dc
509 245 584 304 votis
601 244 763 305 monasticis

138 420 201 514 Ile
228 417 348 512 votis
384 416 636 513 monasticis
679 419 729 512 Ι).
765 417 948 513 llarfini
984 415 1062 511 Lu-

138 533 258 628 theri
285 531 490 628 iudicium
501 535 540 649 *l
578 534 635 627 ab
671 541 826 628 autom
864 531 1063 652 recogni-

391 653 485 742 tum
513 653 559 742 et
587 654 760 743 auctmu
774 651 822 762 ¹).

536 837 663 897 lesus.

140 953 306 1016 lohanui
328 953 535 1037 Luther2),
569 957 722 1034 parenti
755 972 841 1030 sno,
872 955 1063 1014 Martinus

244 1038 384 1098 Luther
414 1036 524 1100 filius
546 1039 584 1099 in
607 1039 764 1099 Christo
786 1038 964 1099 salutem.

220 1203 310 1264 Hunc
332 1204 442 1263 librum
466 1204 530 1284 tibi,
559 1223 670 1285 parens
693 1205 860 1279 carissime,
883 1222 1064 1282 nuncupare

138 1286 300 1348 consilium
323 1288 394 1365 luit,
424 1307 486 1346 non
509 1296 542 1346 ut
563 1306 676 1348 nomen
700 1298 783 1347 tuum
807 1287 917 1347 ferrem
950 1288 983 1347 iu
1017 1305 1062 1346 or-

139 1371 206 1431 bern
230 1380 261 1430 et
287 1372 318 1429 in
349 1389 442 1430 carne
474 1370 676 1451 gloriaremur
708 1372 856 1430 adversus
888 1370 1061 1431 doctrinam

137 1454 233 1530 Pauli,
256 1454 311 1513 sed
333 1463 365 1512 ut
380 1456 577 1514 occasionem
597 1455 870 1535 apprehenderem,
892 1473 974 1533 qnae
995 1472 1064 1512 sese

137 1540 214 1596 inter
227 1547 298 1597 teet
319 1558 366 1596 me
377 1548 550 1616 opportune
562 1539 681 1609 obtulit,
695 1537 779 1598 brevi
793 1537 925 1617 prologo
942 1546 974 1596 et
994 1555 1063 1596 cau-

137 1640 202 1680 sam
226 1632 256 1680 et
277 1632 489 1699 argumentum
513 1632 543 1680 et
565 1621 741 1700 exemplum
764 1620 852 1681 buius
876 1620 970 1680 libelli
1005 1619 1063 1699 piis

138 1702 302 1764 lectoribus
325 1704 497 1764 enarrandi.

220 1786 260 1846 Et
281 1794 313 1846 ut
334 1786 406 1846 binc
429 1786 545 1865 ordiar,
567 1788 645 1846 seire
670 1795 699 1846 te
723 1786 813 1863 volo,
849 1785 942 1846 filiurn
979 1791 1063 1844 tuum

137 1888 177 1930 eo
198 1871 402 1949 promovisse,
425 1880 457 1929 ut
478 1872 538 1929 iam
560 1872 809 1949 persuasissimus
831 1871 880 1946 sit,
903 1868 979 1927 nihil
993 1886 1062 1928 esse

136 1955 283 2026 sanctius,
306 1953 380 2013 nibil
401 1956 495 2032 prius,
519 1953 591 2012 nihil
616 1953 789 2032 religiosius
818 1951 1061 2025 observandum,

136 2056 229 2116 quam
251 2037 385 2096 divinum
408 2036 594 2098 mandatnm.
633 2034 798 2097 Infeliciter
821 2033 980 2115 (inquies)
1003 2035 1062 2094 sci-

136 2121 209 2179 licet
231 2119 268 2177 de
291 2120 349 2178 hac
371 2140 402 2178 re
425 2139 557 2198 unquam
580 2119 741 2196 dubitasti,
771 2130 799 2178 et
824 2138 905 2178 nuuc
932 2117 1060 2177 tandem

136 2203 214 2262 haec
235 2205 277 2260 ita
300 2204 412 2262 babere
436 2203 589 2262 didicisti?
627 2201 695 2262 lino
719 2204 901 2274 felicissime,
924 2221 987 2260 uon
1010 2219 1060 2259 so-

137 2285 198 2344 lum
221 2288 301 2344 euim
325 2286 470 2361 dubitavi,
494 2287 547 2345 sed
571 2287 663 2366 plane
686 2289 824 2365 ignoravi
847 2285 925 2344 haec
948 2286 992 2343 ita
1007 2283 1060 2342 ba·

137 2369 219 2431 bere.
263 2368 341 2443 Quin
365 2372 389 2427 si
414 2371 537 2448 pateris,
562 2380 736 2448 promptum
759 2382 803 2428 est
829 2368 900 2427 mibi
924 2377 955 2425 et
979 2385 1060 2429 com·

137 2472 258 2511 munem
293 2452 346 2512 tibi
380 2473 498 2511 mecum
533 2453 626 2512 luisse
660 2473 726 2510 eam
761 2453 967 2531 ignorantiam
1005 2449 1059 2509 de·

137 2548 316 2596 monstrare.

219 2621 326 2678 Annus
348 2618 442 2676 ferme
465 2619 564 2697 agitur
587 2619 722 2677 decimus
752 2626 856 2676 sextus
890 2615 1058 2676 monacha·

136 2712 184 2762 lus
208 2704 277 2780 mei,
300 2721 389 2780 quem
414 2713 443 2760 te
466 2708 497 2760 et
519 2702 614 2761 invito
637 2710 668 2759 et
684 2704 846 2781 ignorante
863 2700 972 2760 subivi.
996 2699 1056 2758 ble-

135 2786 243 2845 tuebas
266 2797 296 2844 tu
320 2796 447 2863 paterno
470 2783 580 2843 affectu
613 2784 813 2844 imbecillitati
850 2803 953 2860 meae,
989 2801 1057 2841 curn

134 2889 233 2928 essem
258 2871 317 2927 iam
341 2867 533 2942 adolescens,
555 2868 722 2928 secundum
747 2873 777 2927 et
800 2868 979 2925 vicesimum
1002 2885 1057 2924 au·

134 2972 205 3010 num
228 2954 392 3030 ingressus,
414 2951 474 3010 hoc
495 2962 539 3009 est
564 2953 698 3010 fervente
724 2960 773 3026 [ut
798 2951 972 3029 Augustini
994 2967 1056 3008 ver·

134 3034 174 3095 bo
198 3041 282 3108 utar)
306 3035 517 3094 adolescentia
539 3034 678 3106 indutus,
701 3033 783 3111 quod
819 3032 921 3090 multis
954 3050 1056 3091 exem-

133 3119 191 3197 plis
215 3118 365 3177 didiceras
390 3119 448 3176 boc
470 3119 551 3175 vilae
573 3137 669 3196 genus
692 3117 852 3176 infeliciter
874 3114 1056 3193 quibusdam

134 3202 291 3261 cecidisse.
335 3199 522 3261 Destiuabas
542 3220 615 3258 vero
640 3220 687 3258 me
711 3200 824 3258 vincire
858 3199 991 3258 honesto
1026 3206 1057 3257 et

134 3284 281 3363 opulento
300 3287 452 3362 coniugio.
498 3283 553 3341 Hic
578 3298 677 3342 metus
700 3292 766 3342 erat
791 3293 841 3340 tua
869 3300 959 3360 cura,
992 3292 1057 3339 erut

133 3379 162 3426 et
184 3368 355 3447 indignatio
381 3380 431 3424 tna
453 3369 545 3425 inme
563 3365 739 3445 aliquandiu
760 3365 976 3444 implacabilis,
999 3363 1055 3422 lru-

133 3459 197 3512 stra
208 3450 404 3510 suadentibus
419 3451 534 3525 amicis,
558 3460 599 3524 ut,
616 3452 640 3509 si
659 3448 731 3527 quid
745 3448 854 3508 offerre
867 3447 933 3507 Deo
950 3447 1057 3523 velles,

205 3635 232 3698 1)
262 3631 291 3683 ln
316 3630 359 3685 ed.
383 3628 439 3682 len.
468 3625 513 3680 hic
539 3629 664 3682 additum
693 3626 806 3698 legitur:
837 3627 977 3696 Scriptum
1004 3625 1056 3680 sub

131 3699 214 3758 finem
232 3703 296 3755 anui
309 3701 377 3766 xxi,
390 3700 553 3768 impressum
565 3718 631 3757 vero
644 3718 737 3755 mense
750 3701 877 3754 lunuario
888 3700 954 3753 anni
967 3698 1055 3752 XXII.

131 3777 165 3847 2)
185 3775 216 3830 ln
234 3774 277 3831 ed.
298 3776 370 3829 leur
388 3773 517 3839 Luthero,
536 3779 564 3827 et
581 3772 728 3827 Lutherus.
