2392 4170
137 246 201 319 388
325 250 430 308 Contra
446 248 594 308 Hearisum
613 264 707 322 regern
725 244 849 322 Angliae

137 423 210 497 tem,
252 421 284 477 et
317 414 563 478 abominationes
598 422 630 478 et
650 414 798 478 scandala
820 413 983 477 Romanae
1016 430 1069 493 pe·

138 498 438 579 stilentiaanndique
459 496 734 582 emodomin101)
757 496 925 580 profligari.
968 496 1069 557 Macte

140 584 263 661 fincta,
285 582 454 644 clarissime
471 580 580 660 Hero,
608 585 653 644 sic
673 581 847 645 abolebitur
868 576 1069 662 opprobrium

138 666 276 728 Bnemici
298 666 442 746 nominis,
464 672 495 727 et
514 601 626 727 reiibit
639 666 791 728 meretrici
812 666 844 725 in
856 665 957 726 sinum
978 682 1069 725 sunm

137 750 258 811 senum
288 749 342 810 illa
363 749 593 811 mendaciorum
623 757 653 811 et
673 749 910 811 fornicationum
933 765 1069 824 suarum,

137 841 171 895 ut
190 833 364 894 revelentur
384 831 529 914 pudenda
550 833 615 894 eins
639 832 704 895 orbi
718 839 871 893 terrarum
893 829 934 893 ad
956 830 1069 911 sempi-

136 925 255 978 ternam
285 917 497 996 ignominiam.
542 915 609 977 Hoc
636 917 675 977 sit
705 916 823 977 iniu'um
852 914 948 994 fugae
970 932 1069 990 meaa

136 999 216 1061 baec
243 1018 315 1081 spes
344 1000 451 1081 optimi
481 999 631 1081 exempli,
647 1046 650 1051 .
665 998 748 1079 qnod
776 999 930 1060 imitentur
958 996 1069 1077 reliqui

138 1082 286 1144 boemiae
305 1081 425 1144 Heroas
462 1089 494 1144 et
515 1082 728 1165 Magistratus3
759 1084 804 1143 sic
833 1098 896 1145 non
917 1079 1015 1143 modo
1037 1081 1068 1140 io

137 1167 295 1235 Boemiam
318 1166 437 1247 fugero,
472 1166 526 1227 sed
559 1171 591 1226 et
621 1165 801 1228 habitavero
821 1167 853 1226 in
875 1184 923 1245 ec,
947 1163 1068 1226 etiamsi

136 1250 187 1311 bic
216 1269 266 1311 ma
297 1252 449 1311 exusserit
470 1249 635 1312 illaudatae
659 1250 826 1311 meretricis
849 1248 945 1312 furor.
988 1247 1068 1309 lnvi-

135 1334 218 1395 diam
246 1341 348 1394 tamen
375 1334 440 1393 eius
467 1333 557 1394 simul
579 1339 610 1394 et
632 1332 822 1394 succendero
854 1338 888 1393 et
906 1333 1016 1394 vicero
1036 1332 1067 1391 in

137 1417 270 1482 Christo.
311 1415 396 1479 Nihil
425 1418 482 1478 erit
512 1416 554 1477 illi
581 1417 713 1498 amplius
742 1435 933 1497 prosperum.
983 1413 1066 1477 cari-

136 1509 201 1561 stua
222 1501 268 1561 sic
288 1500 404 1579 statuit,
426 1499 537 1562 Amen.

158 1606 162 1617 ’
218 1582 326 1645 Gratia
349 1582 473 1644 Domini
495 1584 591 1645 nostri
611 1583 687 1644 taen
712 1581 823 1644 Christi
841 1587 946 1643 servet
967 1586 1002 1643 et
1015 1599 1066 1642 au·

135 1665 244 1749 gean)
266 1674 307 1744 te,
329 1668 445 1746 optime
467 1665 576 1746 Hence,
598 1667 631 1727 in
644 1672 813 1744 aeternum,
840 1665 953 1728 Amen.
977 1664 1065 1725 Vult·

136 1749 314 1830 tombergaa
336 1749 385 1815 15.
407 1749 485 1829 Iulii,
507 1749 546 1814 tt.
569 1751 606 1814 D.
628 1746 727 1816 xxtl.

217 1946 265 2009 Ea
275 1948 425 2011 caecitate
446 1950 623 2010 etementia
634 1948 784 2030 percussit
795 1947 946 2009 Dominus
961 1952 1064 2008 noster

136 2030 221 2115 lesus
243 2029 381 2093 Christus
404 2034 578 2094 universum
608 2031 690 2093 istud
712 2050 839 2113 ragnum
862 2029 1063 2092 abominatio

135 2119 182 2176 nis
204 2116 385 2197 papisticae,
418 2123 451 2176 ut
478 2117 539 2177 iam
575 2123 671 2177 totum
700 2115 861 2176 triennium
900 2132 971 2175 cum
1004 2130 1062 2174 uno

135 2199 266 2259 Lutbero
290 2201 350 2279 ipsi
372 2198 481 2260 infiniti
494 2199 576 2280 vulgi
589 2199 743 2281 Cyclopas
756 2198 975 2279 belligerantes
998 2214 1061 2257 nec-

135 2283 206 2342 dum
229 2281 400 2364 intelligere
422 2284 556 2363 possint,
579 2303 634 2365 pro
658 2301 719 2363 qua
744 2303 777 2343 re
799 2282 872 2342 mihi
894 2300 965 2342 cum
992 2281 1061 2361 ipsis

135 2365 249 2425 bellurn
270 2366 319 2447 sit,
341 2366 453 2427 frustra
475 2372 520 2426 tot
542 2366 653 2427 libellis
683 2386 702 2427 a
724 2385 772 2426 me
795 2364 884 2426 editis
906 2371 938 2425 et
960 2364 1058 2446 palam

135 2450 328 2529 testantibus,
349 2449 412 2512 hoc
434 2450 533 2509 solum
557 2469 576 2510 a
598 2469 647 2510 me
661 2451 776 2529 quaeri,
799 2456 832 2510 ut
853 2447 977 2508 divinae
999 2447 1060 2508 lite-

134 2551 186 2597 rae
209 2532 296 2593 solae
315 2540 454 2614 regnent,
481 2534 560 2593 sicut
587 2532 711 2613 dignum
741 2541 771 2593 et
792 2533 904 2593 iustam
928 2538 987 2609 est,
1008 2530 1059 2590 bn·

135 2635 244 2677 manae
266 2636 339 2677 vero
361 2617 555 2676 inventiones
578 2624 609 2677 et
629 2615 809 2677 traditiones
836 2635 853 2676 a
875 2614 984 2679 medio
1006 2613 1060 2674 tol·

135 2698 235 2760 lanian
262 2718 319 2760 can
354 2701 574 2760 nocentissima
606 2692 762 2778 scandala,
791 2708 843 2759 aut
865 2704 994 2759 exsecto
1016 2716 1060 2756 va·

133 2783 502 2864 nenoetevutsoaoutm,
524 2783 555 2844 id
578 2787 634 2860 est,
656 2785 686 2844 vi
700 2783 831 2864 cogendi
853 2789 884 2841 et
894 2779 1061 2862 imperandi

134 2873 165 2926 et
192 2868 397 2928 conscientias
434 2866 623 2947 illaqueandi
649 2874 755 2949 erepta
782 2866 897 2927 liberae
925 2872 957 2925 et
977 2863 1060 2925 indil-

132 2949 265 3010 ierentes
287 2950 464 3027 tolerantur,
488 2969 544 3010 ceu
566 2949 721 3030 quaelibet
742 2950 803 3011 alia
825 2949 919 3030 pastis
943 2955 998 3010 aut
1018 2948 1060 3008 in·

132 3032 262 3094 felicitas
286 3033 401 3095 mundi.
443 3033 521 3094 Nam
554 3036 613 3116 ipsi
640 3040 789 3115 perpetua
811 3033 932 3092 insania
955 3031 1060 3113 perciti

132 3124 240 3177 contra
262 3135 314 3197 me
335 3116 409 3177 nihil
433 3127 567 3198 movent,
589 3119 647 3178 nisi
663 3116 959 3194 statutabominum,
981 3114 1061 3196 glos·

132 3216 182 3259 sas
214 3200 338 3261 Petrum
372 3207 403 3261 et
432 3200 515 3261 iacta
542 3220 596 3262 eeu
626 3202 700 3262 ritus
723 3200 905 3275 seculorum,
935 3218 974 3260 aa
995 3201 1061 3281 ipsa

132 3283 259 3362 scilicet,
281 3302 361 3362 qnae
374 3303 456 3366 nego
477 3293 509 3345 et
523 3286 680 3366 impugno,
703 3304 783 3366 quae
805 3292 835 3344 et
845 3284 971 3363 ipsimet
992 3301 1061 3344 oon·

132 3364 255 3427 litentur
288 3366 384 3429 inflda
419 3387 488 3428 ease
529 3377 562 3429 at
592 3369 767 3449 frequenter
800 3384 930 3428 erronea
958 3366 1061 3430 fuisse.

132 3448 200 3530 Ego
221 3451 259 3511 de
280 3452 346 3512 iure
368 3451 500 3534 disputo,
523 3460 553 3512 et
574 3453 632 3532 ipsi
656 3452 694 3512 de
722 3452 804 3513 fecto
833 3450 905 3512 milri
936 3469 986 3511 rea
1010 3469 1061 3512 on·

132 3531 213 3598 dent.
256 3534 324 3616 ligo
343 3528 469 3597 causam
492 3555 618 3616 quaero,
639 3537 697 3617 ipsi
720 3554 799 3618 opus
812 3535 970 3599 exhibent.

185 3785 217 3863 1)
238 3784 270 3843 ln
288 3782 334 3842 ec.
350 3771 436 3857 brige.
453 3783 575 3842 bomine.
607 3787 636 3852 2)
656 3779 740 3841 thid.:
760 3790 853 3854 anget.
