2340 4162
325 258 401 318 aaa
418 252 526 317 naas
546 248 614 320 air.
633 276 658 319 a.
675 262 753 322 aaa
966 261 1005 331 tt

79 414 237 492 instituta
259 414 315 477 add
337 402 401 478 tait
418 420 452 478 de
474 418 526 478 dni
554 421 587 479 et
609 417 807 500 'opinionibds
830 420 896 482 tuit
913 404 1005 482 tidem

76 497 195 642 liqpbers
216 498 313 580 vella·
331 500 416 582 qbb'd
437 508 530 562 nemo
542 506 626 564 certe
646 521 782 583 unquam
802 502 1017 586 praesumpsit·

116 583 260 646 creticus.

161 665 248 747 Ergo
278 673 331 728 tua
361 666 514 728 Nobilitas
543 670 768 750 sapientissime
796 668 884 730 buius
913 674 1005 751 pestis

76 748 164 809 landa
186 762 226 810 aa
247 752 390 812 venenati
419 750 554 813 hominis
582 753 816 814 familiaritatem
840 760 1010 834 aspernata

75 839 137 911 est,
167 833 220 912 qai
243 840 349 916 certe,¹
378 834 460 914 qubd
482 840 572 916 potes
601 837 795 912 existimare,
824 838 1007 898 nonnullam·

75 914 178 976 domui
211 918 333 978 iestraa
355 919 567 979 nobilissimae
587 919 705 998 labam,
740 919 905 979 maximam
928 916 1002 982 vert

76 997 282 1060 Germanicae
302 1002 419 1062 nationi
442 1001 550 1063 adfert.
592 1001 674 1063 illud·
692 1007 766 1062 iero
787 1001 930 1082 religioni
951 1006 1001 1064 tri·-

77 1081 231 1143 bnert'dum
254 1090 310 1161 est,
333 1084 415 1163 quod
437 1104 593 1165 nunquam
616 1088 646 1146 in
661 1088 1003 1165 quenquamtantordat

75 1178 212 1227 errorum
245 1169 427 1227 consensisti
462 1176 492 1228 ct
521 1170 564 1229 eis¹
595 1169 697 1249 potius
728 1167 880 1231 obstitisti.
936 1169 1005 1230 Nec·

75 1266 127 1328 per
155 1256 187 1309 te
210 1251 337 1310 occasio
364 1251 427 1310 alla
449 1250 520 1312 d'ata
543 1260 605 1326 eat,
641 1256 784 1312 avetere
805 1255 837 1310 ct
859 1249 1003 1311 diutur'tla

74 1350 126 1411 per
144 1330 293 1412 Spiritum
315 1339 466 1412 sanctuni,-
487 1340 533 1395 tot
545 1334 655 1396 seculis
673 1339 867 1414 conservato,
893 1334 1001 1396 dictitia

75 1413 142 1475 idai
166 1414 362 1495 orthodoxae
384 1416 523 1481 deficere.

154 1496 244 1574 Qdae
266 1518 324 1560 nas
346 1498 385 1559 de
407 1508 437 1560 te
461 1500 580 1578 audita,
604 1506 644 1580 et,
668 1509 699 1560 ut
722 1500 866 1574 diximus,
891 1499 1000 1560 multo·

77 1589 138 1640 rum
162 1583 347 1643 testimoniis
369 1585 510 1664 adgnita,
533 1603 595 1644 non
620 1583 719 1644 sotum
743 1582 921 1661 nobiac'ur'r'r‘,
944 1581 999 1642 se'd

82 1681 145 1723 cum
166 1664 307 1744 pluribus
329 1666 470 1728 maximis
493 1686 531 1728 aa
552 1667 739 1747 gravittimia
771 1667 842 1726 viris
864 1670 1003 1725 commus

80 1748 228 1825 nicsntes'5
263 1752 406 1831 mamque
434 1749 624 1812 nobilitatem
660 1748 759 1830 dignis
792 1748 937 1809 laudibus·
966 1748 997 1808 id

78 1829 211 1892 Domino
226 1832 488 1910 commendantes
510 1832 759 1894 eidemDominc
771 1833 884 1912 gratias
907 1838 997 1910 agatt-

75 1920 128 1992 ιω,
152 1914 237 1994 quod
260 1915 392 1997 botninis
423 1918 562 1977 scelerati
591 1921 622 1993 et
648 1916 754 1976 nefarii
782 1916 888 1996 impiis
906 1918 1002 1975 odua'

75 1997 152 2056 libna
175 1997 261 2058 talei·
279 1990 405 2078 idioque·
424 2000 528 2062 obices
543 1999 703 2080 oppositos
718 1998 818 2060 vellet.
843 1997 995 2074 Quidlttn

73 2098 129 2141 nos
152 2099 222 2140 eum
255 2100 396 2162 quoque,
430 2103 498 2143 cum
529 2083 756 2162 diutiuspassi
777 2090 933 2154 aeremia„-
959 2086 1000 2141 aa

72 2162 191 2223 ratiotid
214 2166 289 2225 moti
297 2196 306 2259 7·
336 2165 417 2245 qu'od
440 2166 479 2226 ad
505 2164 724 2247 poenitentiam
746 2165 846 2226 redire
869 2164 995 2245 optulit-¹

73 2258 155 2324 mus,
189 2236 353 2327 postqudm
383 2268 454 2310 vero
479 2262 536 2308 nec
556 2247 757 2308 mansuetudo
781 2256 902 2324 nostra,
938 2260 996 2308 aaa

73 2332 189 2390 monita
213 2331 377 2412 quidquam
400 2331 593 2412 proficerent,
614 2332 730 2410 fuitque
750 2331 933 2411 periculum,
957 2350 996 2392 ns

73 2413 220 2474 morbosa
244 2417 309 2475 ovis
337 2416 470 2495 aliquam
497 2423 614 2496 partem
637 2417 738 2495 gregis
766 2415 909 2474 dominici
934 2433 997 2475 cor·

74 2503 237 2576 rumperet,
259 2501 433 2560 necessario
457 2499 495 2559 ad
518 2500 636 2559 acriora
649 2499 785 2558 remedia
807 2499 996 2558 devenimus.

155 2579 264 2659 Itaque
292 2600 381 2641 sacro
410 2582 627 2643 venerabilium
651 2582 787 2641 Fratrum
812 2589 996 2654 nostrorum,

73 2668 103 2721 et
125 2662 254 2723 aliorum
289 2665 319 2724 in
349 2667 443 2724 sacris
466 2664 641 2726 Canonibus
671 2667 866 2744 omniumque
896 2664 997 2722 divina

74 2743 230 2826 Scriptura
246 2749 498 2827 peritissimorum
512 2750 644 2808 virorum
661 2754 834 2807 convocato
855 2747 997 2822 concilia,

74 2847 105 2886 re
128 2829 256 2889 multum
271 2831 386 2910 agitata
402 2839 494 2910 atque
515 2832 664 2907 discussa,
686 2831 808 2890 tandem
831 2839 998 2909 praeeunte

75 2909 188 2990 Spiritu
210 2925 329 2989 sancta,
353 2917 403 2994 qui
425 2916 455 2974 in
469 2913 642 2975 huiusmodi
665 2914 766 2973 causis
780 2913 850 2972 huic
872 2923 998 2972 sauctae

74 2993 143 3053 Sadi
183 3015 339 3076 nunquam
374 2997 483 3076 abfuit,
526 2998 681 3057 decretum
720 2997 864 3071 fecimus,
902 2996 997 3054 literis

74 3078 252 3156 apostolicis
274 3074 465 3160 inscriptum,
487 3088 518 3140 et
538 3079 682 3162 plumbea
704 3077 787 3139 bulla
808 3080 996 3158 insignitum,

73 3159 102 3218 in
125 3178 187 3239 quo
211 3181 250 3220 ex
273 3163 542 3224 innumerabilibus
571 3182 668 3243 prope
690 3161 778 3222 huius
801 3162 932 3223 hominis
953 3181 996 3219 er-

73 3243 191 3303 roribus
215 3263 269 3304 eos
292 3265 332 3305 ex
355 3246 462 3306 ordine
483 3245 629 3328 perscribi
646 3247 798 3322 iussimus,
822 3246 871 3324 qui
887 3246 995 3324 partim

95 3325 165 3385 lane
187 3327 324 3388 haeritici
348 3337 450 3389 essent
471 3329 623 3409 fidemque
642 3335 755 3389 rectam
778 3336 996 3409 perverterent,

66 3344 183 3489 {artim
208 3410 318 3471 laxatis
341 3413 422 3494 apud
443 3413 643 3493 simpliciores
657 3414 775 3472 animos
794 3411 996 3489 obedientiae,

73 3494 282 3554 continentiae
313 3502 342 3554 et
371 3497 548 3557 humilitatis
577 3496 704 3555 vinculis
735 3494 773 3555 ad
797 3514 888 3555 omne
910 3515 996 3554 scan-

73 3574 175 3636 dalum
199 3584 230 3637 et
252 3577 337 3638 nefas
359 3580 530 3644 invitarent.
572 3579 650 3639 Nam
672 3578 754 3658 quod
776 3578 923 3658 plurimos
946 3578 996 3637 ille

70 3658 152 3720 idem
173 3659 244 3720 felle
266 3661 369 3723 iniusti
391 3663 452 3723 odii
475 3670 597 3745 paratus
633 3663 663 3722 in
687 3661 767 3722 hanc
788 3669 926 3722 sanctam
945 3661 995 3722 Se-

73 3741 143 3805 dem
166 3745 320 3826 evomuit,
343 3764 448 3809 eorum
470 3747 527 3808 Dei
550 3746 604 3828 sit,
626 3765 688 3808 non
712 3751 819 3808 nostra
840 3744 995 3806 indicatio.
