2392 4170
392 256 517 314 Redouia
536 257 713 315 Latomianaa
731 264 782 315 eto.
993 254 1055 322 41?

135 424 225 489 quem
260 431 320 492 ego
349 413 477 492 probavi
507 408 671 475 autoritate
704 413 789 473 Pauli
812 413 900 473 Rom.
922 415 953 476 7.
996 411 1056 474 Sed

135 494 274 574 principii
298 495 348 554 iile
370 499 482 575 petitor
497 497 622 556 vitiosus
646 496 878 576 iiiiopeooaturn
902 512 963 554 non
986 514 1055 575 peo-

134 584 252 653 uatum,
277 576 331 638 sed
353 578 559 639 infirmitatem
582 580 727 659 exponit,
750 579 839 658 quasi
863 578 989 638 evicerit
1011 578 1056 639 sio

133 659 353 738 exponendum
376 681 454 739 esse,
476 671 529 722 aut
540 664 627 744 quasi
641 661 753 723 Paulus
763 661 923 742 ignorarit,
945 660 1054 739 quibus

134 741 234 800 verbis
258 743 341 823 ioqui
366 746 550 824 oportuerit,
585 753 638 805 aut
660 745 733 805 mibi
763 763 825 806 non
856 743 945 803 liceat
975 743 1054 803 iliius

135 824 234 885 serbis
270 828 322 888 uti.
370 828 533 889 Videamus
563 826 704 905 Gregorii
721 826 970 908 probationem,
1003 827 1055 903 ait,

135 906 380 970 Gbristusdioit:
425 908 482 986 Qui
513 912 593 971 totus
616 919 676 984 est,
712 909 843 971 mundus
877 917 924 970 est
958 919 1056 985 totus,

135 990 208 1050 uibii
231 1009 307 1071 ergo
329 1005 467 1055 remanet
489 994 527 1054 de
550 994 670 1074 peccati
685 995 732 1054 sui
745 994 942 1072 oontagione,
964 1011 1054 1072 quam

134 1081 230 1156 toturn
255 1074 400 1137 muudum
422 1076 532 1136 fatetur
546 1080 622 1157 ipse,
645 1078 696 1155 qui
719 1076 855 1139 redemit.
877 1075 995 1136 Latomi
1009 1095 1056 1135 oa·

136 1157 291 1218 aitantiam
316 1169 492 1238 praetereo,
524 1161 575 1238 qui
597 1159 845 1240 reponderare,
869 1178 931 1219 non
954 1174 1058 1219 nume·

135 1258 201 1300 rare
247 1243 388 1320 promisit
442 1243 638 1319 testimonia,
693 1241 723 1302 id
772 1249 835 1318 est,
887 1241 1056 1322 sophistioa

135 1322 264 1403 atropha
306 1324 483 1404 loquendo,
525 1345 587 1386 uon
626 1326 818 1404 ponderare,
857 1324 910 1384 sed
952 1344 1055 1384 nume·

135 1424 202 1465 rare
225 1405 331 1472 voluit.
376 1407 452 1469 Cum
476 1407 627 1489 Gregorio
661 1407 837 1489 expostulo.
880 1407 953 1483 Die,
982 1405 1055 1470 Gre-

136 1489 216 1566 gori,
241 1487 292 1548 ubi
315 1489 453 1551 Gbriatus
477 1490 538 1552 boo
561 1490 749 1570 dicitquod
772 1502 803 1550 tu
826 1488 923 1551 diois?
945 1489 1056 1551 Nonne

135 1569 229 1631 rerba
250 1568 363 1634 Christi
385 1593 442 1634 suo
464 1581 550 1634 textu
573 1573 681 1634 afferre
704 1572 859 1634 debebas?
894 1572 940 1634 Tu
963 1571 1054 1635 diois:

136 1650 193 1728 Qui
216 1652 298 1715 lotus
320 1664 382 1735 est,
412 1657 542 1718 urursdas
565 1665 615 1717 est
640 1664 732 1732 totus,
756 1656 893 1735 Christus
917 1673 989 1716 raro
1012 1657 1056 1716 sio

136 1734 225 1796 dicit:
248 1735 307 1811 Qui
331 1739 481 1817 lotusest,
506 1759 567 1801 non
582 1740 708 1819 indiget,
729 1740 789 1799 nisi
801 1747 832 1799 ut
845 1737 940 1818 pedes
962 1739 1054 1816 lavet,

134 1819 186 1878 sed
210 1829 259 1880 est
282 1822 411 1882 mundus
424 1831 515 1888 totus.
537 1822 628 1884 Unde
649 1827 707 1884 ista
728 1820 920 1883 immunditia
942 1821 1054 1903 padum

134 1910 203 1981 post
226 1903 397 1965 lotionem?
428 1906 539 1967 Nonne
571 1913 668 1967 totum
694 1905 838 1965 mnndum
866 1905 912 1965 sio
933 1905 1054 1980 asserit,
1150 1909 1152 1918 ⁴

135 1992 291 2046 attamen
314 1987 411 2048 lavari
434 1989 528 2069 pedes
553 2007 632 2069 opus
654 1987 788 2050 habeat?
820 1986 900 2064 Quid
923 1995 971 2048 est
992 1986 1054 2047 boa

133 2067 231 2148 aliud,
265 2087 357 2148 quam
380 2082 541 2152 peooatum
565 2073 596 2133 in
627 2071 780 2153 baptismo
812 2080 908 2132 toturn
932 2071 1051 2150 ignosci

133 2159 162 2209 at
184 2158 287 2212 tamen
310 2153 459 2234 reliquum
484 2155 573 2216 esse?
598 2164 630 2217 ut
651 2165 682 2217 et
694 2154 901 2216 Paulusdioit
921 2153 1009 2215 Rom.
1021 2157 1050 2218 7.

132 2231 211 2296 Tota
233 2235 297 2296 vita
317 2238 413 2316 pedes
436 2238 587 2318 lavantur,
610 2240 701 2298 etiarn
725 2239 773 2316 iis,
795 2239 846 2318 qui
869 2238 925 2298 toti
948 2235 1052 2298 mundi

133 2324 212 2394 sunt,
235 2318 315 2379 siout
337 2320 427 2383 dicit:
452 2322 576 2382 Debebis
600 2321 676 2382 altar
691 2321 815 2383 alterius
831 2321 934 2381 lavare
946 2320 1051 2400 pedes.

213 2400 325 2462 Nonne
347 2404 397 2463 hia
419 2405 504 2464 loeus
517 2423 572 2484 pro
586 2424 634 2464 me
652 2413 759 2467 contra
772 2403 933 2464 Latomum
956 2402 1051 2464 fauit?

133 2480 244 2545 Omnia
288 2494 395 2546 eoaata
418 2498 489 2548 sunt
511 2487 631 2568 abluta,
655 2497 685 2547 et
707 2487 855 2566 reliquum
879 2495 926 2547 est
947 2485 1052 2547 laven·

133 2565 214 2630 dum.
259 2505 327 2629 utut
348 2569 431 2631 alara
455 2573 617 2651 sententia.
663 2568 828 2646 Quomodo
850 2587 924 2649 ergo
948 2569 1052 2632 omnia

132 2647 252 2728 abluta,
291 2652 348 2712 nisi
389 2656 461 2733 quia
484 2654 688 2734 pergratiam
711 2654 840 2714 remissa
861 2663 892 2712 et
912 2651 1051 2712 indulta?

133 2730 297 2808 Quomodo
321 2736 500 2814 iuvandum,
535 2738 592 2796 nisi
616 2737 688 2816 quia
710 2755 782 2797 rere
811 2738 842 2796 in
866 2742 974 2796 natura
996 2753 1053 2795 sua

132 2817 286 2897 reliquum
307 2818 376 2878 est?
418 2821 464 2880 De
487 2821 523 2879 iis
546 2826 670 2899 postea,
702 2839 772 2880 nam
797 2819 847 2880 bio
868 2817 997 2878 Latomo
1017 2815 1049 2877 fl-

131 2897 221 2962 duoia
243 2899 379 2962 tollenda
400 2902 469 2982 suit,
494 2912 526 2963 ut
547 2902 681 2981 rideret,
703 2903 808 2964 Patres
831 2899 1050 2980 nonuunquam

131 2982 223 3043 tuisse
245 2983 403 3063 homiues,
438 2985 549 3047 deinde
571 2994 600 3046 et
623 2987 852 3050 vitiosissimum
877 2982 1052 3066 disputandi

131 3065 259 3147 suum¹)
285 3085 402 3130 morem
435 3077 635 3150 agnosceret,
669 3088 760 3148 quem
783 3069 847 3130 dixi
870 3069 1050 3149 petitionem

131 3151 282 3230 principii,
305 3153 357 3230 qui
381 3154 463 3232 prius
486 3152 616 3233 proba‘re
628 3152 741 3231 debuit,
764 3160 942 3215 totumesse
967 3170 1051 3212 mun·

131 3231 201 3293 dum
224 3232 256 3292 id
279 3253 357 3315 esse,
381 3236 463 3315 quod
487 3236 558 3296 nibil
581 3236 731 3316 reliquum
755 3235 874 3316 peceati
888 3235 1050 3317 baptismo.

131 3315 195 3376 Nee
208 3315 350 3396 Gregorii
363 3318 457 3379 verba
469 3319 499 3378 id
513 3327 638 3400 cogunt,
661 3329 713 3380 aut
725 3321 750 3379 si
763 3326 888 3399 coguut,
910 3318 1051 3398 neganda

131 3410 209 3461 suut.
253 3401 295 3460 At
317 3402 374 3481 ipsi
386 3402 508 3463 Petrum
533 3402 633 3463 verbis
648 3405 764 3464 intruso
788 3420 844 3462 suo
863 3402 1051 3463 sentimento

131 3483 285 3562 prodeunt
306 3486 385 3545 siout
408 3485 512 3546 asinus
537 3486 592 3546 sub
605 3485 806 3567 pelieleonis,
828 3483 938 3545 facturi
960 3483 1051 3545 nobis

129 3567 280 3648 prinoipia
300 3566 389 3646 fidei,
427 3588 489 3630 non
513 3588 554 3629 ex
575 3567 698 3630 Petrum
730 3569 899 3645 sententia,
934 3567 988 3628 sed
1011 3558 1051 3628 e'x

182 3743 212 3808 1)
231 3741 263 3796 Iu
282 3740 346 3797 edit.
365 3743 449 3813 orig:
466 3743 519 3797 sui.
873 3783 876 3787 ,

139 3869 141 3873 ,
161 3847 250 3888 tuum
266 3858 317 3899 opp.
333 3847 399 3889 ω.
414 3845 623 3894 taratantara.
642 3843 690 3884 voa
707 3845 732 3886 v.
841 3816 879 3884 27
