2392 4170
454 227 731 328 ussermannus.
995 269 1058 336 365

136 443 162 504 si
183 461 297 504 annum
329 444 440 505 tollant
461 453 492 505 et
514 445 677 526 abrogent,
715 461 777 523 qno
815 448 920 506 votum
944 444 1058 524 nititur,

135 527 229 588 etiarn
251 533 355 588 votum
377 527 444 588 tolli
464 534 496 588 et
516 527 658 609 abrogari
681 527 801 591 debeat.

219 608 281 670 Sed
307 611 381 671 illud
415 613 550 672 omnium
580 611 805 687 stultissimum,
841 611 923 691 qnod
958 630 1057 673 anuos

136 693 336 772 professionis
348 704 514 774 coeperunt
522 693 659 772 delinire,
671 694 738 754 aliis
747 702 887 774 quartum
895 695 1059 774 decimum,

136 775 203 836 aliis
237 776 386 838 decimum
417 784 559 838 octavum
588 797 700 838 annunt
723 779 833 837 aetatis
856 779 1057 858 signantibus.

136 858 288 940 Obsecro,
321 861 401 921 unde
430 861 601 924 bominibus
624 861 684 920 boc
705 862 751 920 ius
774 859 958 921 deliniendi?
1002 861 1058 922 Hic

136 961 209 1003 vero
233 944 305 1003 mibi
327 944 493 1024 aliquando
516 946 545 1004 in
569 943 902 1024 unoplecentquidam
924 943 1056 1025 illorum,

136 1025 218 1105 quod
243 1027 401 1088 monacbis
423 1029 494 1088 ante
517 1028 668 1088 decimum
689 1033 831 1088 octavum
854 1046 966 1087 annum
989 1046 1057 1108 pro·

134 1109 223 1169 fessis
246 1111 366 1190 copiam
388 1110 506 1171 iaciunt
526 1109 668 1175 abeundi.
701 1109 768 1171 Hoc
791 1130 881 1170 unum
904 1118 960 1190 est,
974 1112 1057 1190 quod

135 1194 165 1252 in
189 1195 360 1254 monastica
393 1193 546 1254 laudabile
575 1203 605 1254 et
627 1193 838 1274 evangelicum
861 1190 936 1271 vidi,
964 1212 1056 1274 quan·

125 1294 228 1354 quam
255 1296 320 1337 non
349 1278 431 1356 apud
460 1296 568 1338 omnes
591 1277 714 1356 passim.
758 1277 859 1357 Atque
881 1276 941 1338 boc
963 1277 1057 1355 dolet,

136 1357 218 1438 qnod
241 1379 302 1419 non
326 1361 405 1420 idem
428 1360 542 1421 iaciunt
566 1367 595 1420 et
617 1360 776 1438 omnibus,
799 1361 849 1440 qui
875 1369 946 1420 ente
969 1380 1056 1421 sexa·

135 1443 283 1522 gesimum
318 1462 431 1504 annum
469 1452 538 1503 snut
572 1443 717 1524 professi,
751 1451 784 1503 ut
804 1443 931 1503 Paulum
948 1440 984 1522 *J
1016 1463 1057 1505 ex

134 1534 221 1605 parte
242 1528 447 1605 imitarentur,
484 1526 534 1607 qui
562 1525 670 1587 viduas
700 1526 832 1587 minores
860 1527 947 1586 annis
969 1545 1056 1589 sexa·

134 1611 220 1687 ginta
241 1610 356 1689 reiicit,
388 1629 429 1670 ne
461 1620 655 1671 assumantur
690 1609 822 1670 alendae
857 1609 1056 1671 eeclesiarum

133 1690 338 1756 facultatibus.
381 1693 458 1753 Nam
472 1695 562 1770 viros,
586 1711 655 1754 curn
678 1694 739 1754 sint
760 1691 932 1754 robustiore
954 1702 986 1754 et
1008 1713 1056 1755 se·

133 1777 251 1854 getinre
273 1795 404 1858 corpore
428 1776 605 1856 tardiusque
631 1775 751 1836 lerninis
771 1777 967 1854 emoriantur,
989 1796 1057 1859 sep-

135 1861 305 1938 tuagesimo
328 1860 376 1921 rel
398 1861 591 1942 octogesimo
603 1878 686 1920 anno
707 1859 829 1920 demum
851 1861 944 1940 recipi
968 1879 1056 1940 opor·

134 1940 218 2008 tebit.
281 1943 408 2004 Prorsus
445 1944 495 2004 bic
533 1942 701 2019 monachos
736 1944 860 2024 propria
893 1946 1058 2005 autoritate

134 2026 316 2086 constrictos
339 2037 441 2090 teneo.
484 2026 515 2088 ui
545 2025 774 2088 adolescentem
804 2026 881 2086 infra
904 2025 1055 2088 decimum

134 2115 276 2168 octavum
300 2128 413 2171 annum
437 2111 608 2191 professum
632 2109 812 2190 absolvunt,
845 2116 876 2170 et
906 2109 990 2170 nulla
1010 2117 1058 2171 est

134 2209 229 2250 causa
260 2191 424 2254 deliniendi
451 2196 516 2255 eius
543 2196 631 2274 anni,
669 2195 726 2254 nisi
756 2213 872 2254 merum
901 2194 1056 2255 arbitrium

134 2272 311 2354 humanum,
334 2293 395 2354 qno
417 2282 562 2356 poterant
583 2286 613 2338 et
634 2279 838 2357 tricesimum,
861 2277 1057 2358 quadragesi·

134 2374 226 2433 mum,
250 2357 532 2436 quinquagesimum
555 2368 586 2419 et
607 2362 834 2440 sexagesimum
848 2359 984 2439 delinire,
1008 2361 1056 2422 de·

134 2437 207 2500 bent
228 2439 335 2500 eadem
358 2442 523 2502 autoritate
544 2445 682 2520 quemvis
705 2445 815 2522 quoris
836 2462 918 2505 anno
943 2444 1056 2524 profes-

133 2542 199 2582 sum
236 2522 408 2588 absolvere.
460 2524 569 2603 Neque
600 2528 680 2586 enim
714 2525 890 2591 mandatum
914 2527 973 2588 Dei
1005 2534 1059 2589 aut

134 2613 238 2666 votnm
268 2607 321 2666 sed
351 2605 592 2670 imbecillitatem
615 2609 756 2669 voventis
778 2616 936 2690 spectant,
965 2619 996 2670 et
1017 2612 1056 2672 ad
1159 2679 1163 2686 ,

134 2708 202 2750 eam
237 2710 312 2751 sana
343 2698 375 2752 et
405 2692 457 2772 pia
478 2689 646 2773 lbpiikial)
682 2690 1056 2755 accommodissimum

132 2775 347 2835 monasticum.
1035 2833 1038 2839 .

215 2856 278 2918 lam
302 2857 368 2919 lieri
391 2863 512 2939 potest,
538 2875 596 2919 nec
618 2858 716 2920 estin
740 2858 828 2920 ullius
850 2858 983 2920 bominis
1006 2880 1057 2942 po·

132 2946 254 3018 testate,
275 2940 505 3022 prohibere,-ut
524 2942 644 3003 iuvenis
664 2950 719 3004 aut
739 2944 786 3003 vir
807 2960 904 3022 usque
925 2941 963 3003 ad
988 2962 1059 3004 sex·

132 3024 303 3104 agesimum
325 3045 438 3086 sunum
472 3043 570 3104 aeque
590 3025 752 3088 imbecillis
773 3034 826 3089 aut
847 3027 939 3086 etiarn
962 3025 1057 3088 imbe-

133 3107 232 3168 cillior
252 3108 292 3169 sit
314 3109 352 3169 ad
375 3109 594 3170 continendum
618 3118 649 3170 et
663 3111 901 3190 graviusuratur
923 3109 1056 3188 libidine,

134 3208 226 3269 qnam
248 3190 441 3255 adolescens.
486 3192 518 3253 si
541 3211 615 3273 ergo
639 3193 732 3255 libido
756 3199 787 3256 et
807 3191 999 3254 imbecillitas
1011 3206 1058 3255 est

132 3273 283 3354 interpres
307 3275 369 3336 voti
398 3285 429 3337 et
450 3274 573 3356 Epiikia
586 3273 618 3358 ²)
650 3277 802 3353 mandeti,
835 3278 924 3338 sicuti
953 3296 1056 3338 verum

132 3362 190 3434 est,
213 3363 244 3417 et
265 3376 387 3438 semper
408 3360 450 3419 ite
473 3358 511 3419 ab
536 3359 610 3420 olim
632 3359 696 3437 luit,
718 3360 830 3422 debent
843 3379 968 3440 prorsus
990 3381 1057 3423 om·

132 3441 183 3499 nia
206 3447 279 3500 vota
299 3439 370 3521 οῖ’)
399 3442 493 3502 libera
515 3450 546 3503 et
575 3443 756 3524 temporalia
777 3462 862 3522 esse,
895 3443 977 3528 quod
1000 3448 1057 3505 nisi

132 3521 269 3603 iecerint,
292 3522 385 3604 plene
407 3525 608 3586 crudelissimi
630 3532 662 3586 et
683 3528 887 3588 cruentissimi
903 3539 973 3588 sunt
995 3530 1057 3589 ani·

130 3769 134 3776 .
205 3721 236 3791 ‘J
258 3725 283 3780 1.
302 3722 417 3795 'Ilm-25.
455 3726 484 3794 1)
504 3727 534 3780 ln
552 3725 597 3782 ed.
612 3727 717 3796 priore:
737 3726 885 3800 murreus
922 3730 954 3796 ²l
974 3726 1061 3807 Ibidf.

133 3791 281 3852 loretum.
319 3796 352 3867 3)
372 3793 443 3854 lbld.
462 3795 555 3857 umet:
574 3804 615 3857 di}
639 3820 646 3854 ἱ
765 3832 772 3843 ’
824 3807 837 3857 .’
905 3823 908 3828 “
