2392 4170
182 246 245 314 226
372 251 495 304 Assertio
528 264 603 303 omn.
622 248 697 303 artic.
718 251 747 304 D.
765 248 799 304 ti.
819 249 847 304 L.
865 259 915 318 per

184 405 256 483 seri,
281 412 328 465 est
349 411 450 465 autem
473 405 619 464 articulus
642 405 731 463 nixus
753 405 851 483 primo
874 404 904 461 iu
927 401 1021 463 verbo
1043 401 1106 461 Au·

184 487 313 567 gastim,
343 486 381 546 de
404 488 510 567 spiritu
535 497 565 546 et
594 488 680 547 litera
703 506 769 565 cap.
791 487 823 548 4:
857 485 995 545 Liberum
1028 483 1106 545 arbi·

186 571 276 630 trium
298 571 365 630 sine
386 571 485 650 gratia
506 590 566 630 non
589 570 681 648 valet,
696 571 753 628 nisi
767 570 803 628 ad
822 569 1023 650 peccandum.
1045 567 1105 629 Ro·

184 670 236 733 go,
259 671 339 732 quae
361 660 408 713 eut
428 655 488 713 ista
510 653 642 722 libertas,
667 671 745 731 quae
768 644 850 731 nst
873 654 909 712 isi
931 653 961 710 in
979 651 1105 712 alteram

184 742 303 816 partem
326 742 437 815 potest,
460 753 589 815 eamque
616 735 775 816 peiorem?
896 735 955 795 hoc
983 753 1051 794 esse
1075 732 1106 793 li-

187 817 301 898 berum,
325 838 387 879 non
411 838 503 899 posse
525 821 581 878 uisi
605 817 756 898 peccare?

268 900 328 961 Sed
350 903 523 982 Augustino
547 920 608 962 non
631 900 763 961 credam.
807 900 978 980 Scripturas
1001 898 1107 959 audia-

186 1002 263 1046 mus.
307 983 442 1045 Christus
476 985 549 1044 dicit
571 985 676 1045 lohan.
700 987 752 1047 io:
783 983 855 1043 Sine
878 1003 925 1043 me
953 981 1027 1042 nihil
1048 1000 1106 1062 po·

186 1067 271 1126 testis
294 1067 404 1128 facere.
448 1066 527 1142 Quid
550 1077 595 1127 est
617 1067 677 1127 hoc
698 1067 781 1142 nihil,
805 1067 885 1145 quod
909 1068 974 1126 sine
985 1064 1106 1126 Christo

185 1149 260 1209 iacit
279 1148 408 1211 liberum
431 1149 608 1209 arbitrium?
652 1151 816 1229 Praeparat
838 1169 881 1224 se,
903 1150 1053 1228 inquiunt,
1067 1148 1106 1207 ad

186 1234 315 1312 gratiam
328 1252 383 1312 per
395 1251 488 1312 opera
507 1233 661 1293 moraliter
671 1233 761 1294 bona.
787 1231 847 1292 Sed
861 1251 897 1292 ea
907 1233 1046 1293 Christus
1057 1230 1108 1291 hic

185 1315 257 1375 facit
278 1317 370 1392 nihil,
401 1335 474 1396 ergo
498 1336 551 1395 per
572 1316 644 1375 nihil
668 1336 701 1375 se
723 1326 901 1395 praeparat,
923 1317 999 1375 mira
1021 1331 1108 1395 prae·

185 1399 314 1477 paratio,
337 1416 416 1477 quae
438 1418 492 1478 per
521 1399 593 1459 nihil
621 1397 663 1459 flt.
708 1399 820 1457 Verum
843 1398 915 1477 quid
938 1398 1010 1457 illud
1032 1396 1107 1457 nihil

185 1482 243 1558 sit,
272 1482 338 1561 ipse
360 1490 523 1560 sequenter
545 1483 683 1561 exponit,
706 1481 825 1540 dicens:
861 1480 893 1542 si
917 1483 983 1560 quis
1005 1482 1035 1539 in
1059 1497 1108 1540 me

184 1582 248 1623 non
273 1566 427 1639 manserit,
450 1565 585 1624 mittetur
607 1565 689 1624 lorus
711 1566 789 1623 sicut
812 1564 937 1643 palmes,
955 1564 1110 1623 staresoit

89 1657 92 1660 ⁴
185 1652 217 1705 et
237 1645 387 1726 colligunt
408 1667 477 1707 enm
501 1654 531 1706 el
552 1648 581 1706 in
605 1650 705 1728 ignem
730 1649 851 1706 mittunt
874 1657 904 1706 et
923 1646 1019 1706 ardet.
1047 1644 1108 1706 Ob·

185 1745 290 1806 secro,
326 1737 473 1809 quaeest
496 1737 548 1791 tua
580 1730 664 1791 frons
697 1730 884 1806 meretricia,
916 1729 1108 1789 sanctissime

185 1812 297 1871 vicarie
319 1811 446 1889 Christi,
476 1832 537 1892 qua
559 1815 603 1872 sic
625 1814 739 1873 audeas
761 1813 893 1872 Domino
918 1824 969 1872 tuo
989 1818 1109 1872 contra·

185 1892 309 1955 dicere?
329 1896 376 1956 Tu
399 1895 491 1972 dicis,
520 1896 602 1974 quod
626 1895 752 1955 liberum
776 1888 931 1956 arbitriu'm
955 1895 1054 1975 possit
1075 1912 1109 1954 se

184 1995 305 2057 parare,
326 1986 359 2037 ut
379 1979 472 2038 intret
492 1977 531 2038 ad
554 1980 695 2058 gratiam.
739 1979 855 2039 Contra
866 1978 1003 2039 Christus
1026 1977 1109 2056 dicit,

185 2060 269 2138 quod
292 2062 428 2120 mittatur
449 2060 541 2136 foras,
564 2069 596 2120 ut
618 2061 739 2141 longior
760 2060 814 2121 fiat
834 2081 853 2121 a
870 2063 978 2141 gratia.
1009 2058 1107 2138 Quam

186 2142 314 2222 pulchre
338 2143 509 2203 concordat
527 2145 581 2203 'tua
604 2143 693 2206 Bulla
715 2163 782 2204 cum
806 2141 993 2223 evangelio?

269 2225 422 2286 Christum
436 2245 509 2305 ergo
520 2227 691 2306 audiamus,
708 2229 759 2306 qni
782 2228 914 2307 palmitis
937 2227 1032 2287 excisi
1056 2245 1109 2307 po·

186 2309 230 2367 nit
251 2310 385 2387 quinque
406 2311 585 2388 perditionis
608 2310 730 2390 gradus,
755 2311 863 2389 quibus
884 2308 1018 2370 ostendit
1039 2329 1108 2370 eum

185 2409 220 2450 se
242 2409 304 2451 non
329 2391 420 2452 modo
445 2412 504 2452 non
529 2394 682 2473 possead
708 2393 820 2454 bonum
840 2413 957 2473 parare,
982 2391 1036 2453 sed
1058 2412 1110 2454 ne·

185 2475 321 2534 cessario
344 2475 478 2555 peiorem
504 2473 576 2537 fieri.
622 2477 739 2536 Primus
763 2486 818 2555 est,
835 2477 916 2555 quod
940 2477 1021 2536 foras
1045 2478 1112 2536 mit·

185 2557 267 2636 titur,
289 2577 364 2638 ergo
377 2577 438 2617 non
460 2559 678 2638 intromittitur,
703 2560 790 2619 datur
811 2561 841 2619 in
857 2567 1040 2639 potestatem
1060 2579 1109 2620 sa·

185 2644 286 2718 tanae,
309 2642 361 2720 qui
381 2661 443 2702 non
466 2644 612 2721 permittit
635 2663 703 2702 eum
727 2641 881 2702 eonariad
899 2642 1023 2719 bonum,
1038 2641 1110 2720 quid

185 2725 265 2784 enim
289 2724 371 2785 aliud
393 2725 477 2785 foras
494 2728 611 2785 mittere
624 2732 728 2805 potest
750 2725 943 2805 significare?
966 2725 1109 2786 Secundo

184 2808 305 2883 arescit,
328 2808 388 2868 hoc
411 2816 466 2885 est,
490 2809 626 2887 quotidie
648 2810 736 2889 peior
758 2807 800 2884 fit,
823 2809 880 2868 sibi
903 2809 1035 2870 relictus.
1059 2812 1111 2869 At·

184 2906 244 2968 que
268 2888 347 2950 haec
369 2898 438 2950 sunt
462 2910 556 2971 opera
580 2892 639 2952 duo
654 2891 740 2951 liberi
762 2891 887 2967 arbitrii,
906 2892 1024 2951 scilicet
1040 2910 1110 2972 pec-

184 2989 256 3033 care
279 2980 310 3032 at
332 2992 530 3052 perseverare
553 2993 782 3054 augescereque
804 2976 834 3034 in
858 2977 1004 3054 peccatis,
1027 2975 1109 3035 foras

184 3055 261 3115 mitti
285 3062 316 3114 et
338 3075 487 3119 arescere.
532 3057 666 3118 sienim
691 3058 772 3117 uliud
795 3065 898 3137 potest
912 3058 1039 3119 liberum
1063 3078 1112 3119 ar·

184 3136 323 3216 bitrium,
358 3136 495 3199 Christus
530 3151 611 3201 certe
645 3143 796 3202 mentitur.
839 3141 914 3201 Tres
947 3149 1111 3220 sequentes

182 3238 303 3300 poenae
326 3229 405 3297 sunt,
428 3223 587 3302 colligunt,
612 3225 728 3283 scilicet
750 3224 788 3282 ad
811 3224 966 3303 iudicium,
990 3233 1021 3283 ut
1039 3243 1111 3286 cou-

182 3302 323 3363 vincntur
346 3322 413 3363 cum
438 3305 514 3367 aliis.
560 3307 679 3367 Deinde
702 3307 989 3383 datasentenlia‚in
1006 3309 1109 3386 ignem

182 3385 305 3446 mittunt
326 3394 496 3464 aeternnm,
520 3389 570 3449 ubi
595 3390 716 3450 tandem
740 3409 800 3449 non
824 3390 989 3467 nisisi-det,
1007 3389 1110 3470 idest,

180 3485 314 3548 poenam
338 3468 401 3530 luet
422 3478 590 3533 aeternam.
634 3472 714 3534 Nihil
748 3491 822 3553 ergo
857 3492 949 3552 posse
981 3473 1108 3533 liberum

180 3548 353 3631 arbitrium,
376 3572 436 3612 non
461 3562 527 3632 est,
555 3563 588 3616 ut
609 3555 649 3615 illi
672 3556 808 3635 fingunt,
837 3576 897 3616 non
921 3558 1109 3618 meritorium

179 3635 309 3714 operari,
347 3635 400 3696 sed
435 3645 482 3697 est
504 3638 589 3698 foras
631 3639 707 3700 mitti
743 3648 774 3699 et
795 3659 944 3702 arescere.
988 3639 1108 3700 Palmea

179 3717 301 3778 excisus
330 3737 391 3779 non
414 3739 483 3781 sese
505 3731 592 3803 parat
622 3722 792 3804 advitam,
818 3743 917 3802 neque
945 3726 1025 3785 enim
1059 3742 1112 3805 po-
