2392 4170
141 248 205 321 124
486 252 725 325 nem

140 424 304 479 auctorum
338 419 443 500 ulique
475 418 515 481 de
541 417 707 500 Scripturis
733 418 827 481 habet
858 418 1067 485 autoritutn.

140 499 228 564 Haec
246 501 309 571 ille,
330 501 506 582 etquidem
528 502 633 579 digne.

225 584 284 646 Hic
294 605 356 667 ego
372 586 462 648 robis
477 586 694 667 gratulatum,
708 605 837 665 quaero,
858 585 898 646 ad
912 604 1066 664 quosnam

142 667 251 730 Petrus
278 669 421 747 loquatur
447 689 487 730 eo
509 670 604 731 loco?
645 670 758 731 tienne
783 668 825 731 ed
848 688 957 730 omnes
979 669 1068 731 (mrt-

142 752 285 814 stianos?
305 752 377 814 dnrn
399 753 501 833 iubet,
522 760 556 815 nt
576 752 758 815 rationabile
786 760 817 814 et
843 753 995 814 sincerum
1016 752 1067 814 lac

141 837 277 917 cupiant.
298 844 331 897 et
349 839 381 898 in
402 856 443 897 eo
463 838 656 898 crescentio
677 836 831 898 salntem?
866 835 978 897 Nonne
999 855 1068 896 onr-

140 918 231 981 uibur
261 920 323 980 hou
351 938 491 982 erescere
516 922 549 982 iu
578 920 708 982 salutem
736 917 905 1000 competit?
946 918 1067 980 Deinde

140 1021 234 1082 super
254 1002 407 1066 Christum
436 1003 591 1065 aedificari
620 1005 651 1064 in
680 1003 886 1065 sacerdotium
913 1012 1067 1083 sanctum,

139 1104 244 1148 noune
266 1087 409 1149 omnibus
430 1087 601 1148 convenit?
633 1089 675 1147 At
695 1086 841 1148 discernit
863 1087 956 1147 etiam
978 1105 1067 1147 sarra-

139 1175 203 1230 turn
232 1169 438 1231 sacerdotium
473 1191 492 1231 a
520 1169 696 1232 sacerdotio
725 1190 788 1232 non
820 1178 940 1231 sancto.
990 1169 1068 1246 Quis

139 1272 215 1315 sero
235 1254 360 1331 ignorat
380 1254 559 1316 sacerdotes
584 1255 756 1335 papisticus
777 1273 891 1333 magna
916 1273 957 1314 ex
979 1259 1068 1333 parte

139 1354 202 1398 uon
224 1348 350 1399 sanctos
371 1338 463 1398 esse?
505 1336 584 1402 Gurn
607 1356 683 1416 ergo
715 1356 808 1398 nemo
829 1338 927 1417 possit
949 1356 1067 1416 negare

139 1419 234 1481 rerba
255 1421 341 1485 Petri
363 1420 402 1481 ad
433 1439 541 1483 omnes
562 1420 754 1483 Christianos
779 1420 857 1495 dici,
884 1426 915 1481 et
935 1421 967 1480 in
988 1421 1067 1501 ipsis

138 1503 231 1565 etiarn
251 1503 484 1581 intelligendum
507 1515 554 1566 est
575 1523 713 1565 rasorum
737 1513 768 1564 et
783 1511 943 1564 unctorum
966 1522 1068 1565 noer

140 1585 275 1664 dotium,
302 1594 337 1649 ut
356 1588 410 1649 ille
430 1586 576 1650 sacerdos
598 1589 721 1649 Domini
749 1607 806 1667 pro
829 1586 918 1647 robis
937 1593 1067 1648 conten·

139 1668 195 1749 dit,
216 1671 390 1732 coniectum
401 1679 459 1749 est,
481 1691 589 1733 omues
605 1680 729 1732 moetas
743 1670 887 1731 mulieres
901 1678 933 1730 et
952 1689 1067 1751 pueros

139 1771 210 1815 esse
235 1773 325 1816 rasos
351 1761 384 1815 et
410 1761 521 1816 auctos
549 1753 739 1816 sacerdotes.
782 1753 940 1833 Siquidem
971 1753 1068 1816 rerba

138 1834 218 1899 I’ctri
240 1838 416 1899 eommunia
437 1838 595 1918 omnibns,
623 1838 662 1899 de
683 1856 868 1917 quocunqne
889 1836 1066 1899 sacerdotio

137 1919 309 2002 intelligas,
337 1940 500 1984 commuue
527 1920 678 1983 eiusmodi
706 1920 915 1982 sacerdotium
942 1920 1067 1981 facient.

137 1998 167 2068 0
187 2003 312 2085 dignum
341 2011 373 2065 ct
397 2003 542 2067 festivum
564 2012 728 2086 patronum
762 2023 902 2065 rasorum
930 2011 964 2065 et
984 2003 1066 2065 olea-

138 2092 239 2148 torunr
262 2087 426 2150 idolorum.

220 2169 279 2230 Hic
299 2172 390 2250 igitur
413 2172 528 2247 primus
550 2172 590 2230 sit
611 2172 743 2247 impetus
767 2178 872 2231 noster
893 2171 923 2230 in
948 2169 1065 2232 larvale

137 2250 329 2333 I’apistamm
352 2262 382 2316 et
403 2253 542 2314 fictitium
555 2252 772 2319 sacerdotium.
794 2255 845 2332 qui
867 2252 938 2332 quid
964 2254 1066 2314 valeat

136 2341 168 2395 et
193 2342 352 2415 operetur,
374 2338 442 2415 pius
464 2345 495 2397 et
517 2336 685 2416 spiritualis
713 2336 828 2396 iudicet
853 2336 961 2398 lector.
1008 2336 1065 2396 Ar·

135 2416 231 2479 bitror
251 2421 332 2479 enim
354 2419 404 2479 hie
420 2439 509 2480 ruere
526 2427 557 2480 et
578 2421 679 2480 iacere
697 2421 870 2480 universam
893 2419 978 2479 illam
994 2419 1065 2481 llis-

136 2519 238 2562 surum
266 2502 485 2583 Popisticamm
508 2522 665 2582 pompam.
702 2503 733 2564 Si
751 2504 832 2562 enim
855 2502 1062 2564 secerdotium

135 2583 197 2646 hoc
217 2585 291 2646 nihil
312 2592 370 2662 est,
392 2588 478 2646 sicuti
494 2587 731 2647 monstravimus
744 2585 913 2657 evidenter,
935 2605 1065 2647 necesse

135 2670 185 2729 est
205 2674 237 2729 et
258 2669 358 2750 legem
381 2671 446 2730 eius
468 2669 543 2731 nihil
565 2689 644 2733 esse.
679 2669 841 2730 Translate
859 2669 939 2728 euim
963 2688 1065 2730 sacer·

134 2749 220 2811 dolio
258 2771 387 2814 necesse
425 2758 488 2831 est,
521 2759 554 2814 ut
582 2764 614 2814 et
645 2751 723 2832 legis
745 2752 904 2813 translatio
927 2750 987 2813 fiat.
1032 2751 1065 2814 si

134 2840 237 2895 autem
260 2834 465 2897 sacerdotium
495 2843 526 2897 et
546 2836 598 2897 lex
619 2836 693 2897 nihil
725 2843 788 2906 est,
815 2854 941 2914 prorsus
964 2835 1062 2896 multo

135 2917 236 2977 minus
256 2917 409 2980 sacrificia
430 2925 462 2979 et
475 2938 571 3000 opera
593 2921 659 2980 eius
682 2918 795 2996 aliquid
811 2924 891 2994 sunt,
915 2936 996 2997 quae
1012 2937 1062 2980 se·

135 2999 267 3062 cundum
292 3001 391 3082 legem
420 3021 476 3080 per
496 3002 704 3063 sacerdotium
726 3001 791 3063 lieri
814 3000 937 3065 debent.
981 3000 1064 3077 Quid

134 3083 884 3230 tttthttttztltt:istiltttttttlttt
906 3103 980 3228 {tt
998 3083 1065 3229 rii

135 3246 198 3309 lum
221 3254 253 3310 et
273 3250 410 3328 larvam3
432 3215 542 3313 Missas
564 3271 649 3329 vero,
671 3269 747 3330 quas
775 3250 926 3312 sacrificia
938 3258 1061 3329 vocant,

134 3348 204 3392 me
218 3332 585 3478 Iddddidaimaddddnidmdils
597 3342 990 3498 eduilslddidirlru‘dwddrobatum
1014 3424 1063 3478 est

134 3496 226 3573 enim,
248 3498 278 3558 in
295 3497 458 3579 scripturis
479 3499 540 3561 hoc
561 3500 767 3562 sacerdotium
791 3518 853 3560 non
874 3498 990 3562 haberi.
1021 3502 1063 3562 rt

132 3578 459 3727 titilltltlzt
482 3583 705 3728 ”lilibiiil'
728 3581 1058 3728 ltttltttittttt

132 3751 195 3808 tum
206 3746 423 3831 superordinat
435 3752 489 3812 aut
498 3751 615 3832 spernit
625 3756 733 3813 autore
746 3748 841 3810 Paulo
855 3747 894 3809 ad
907 3746 1010 3811 Galat
1022 3750 1060 3831 ὃς
