2392 4170
410 258 775 334 massmannus.
1000 259 1060 339 115

223 432 269 494 De
280 432 459 513 abroganda
475 434 569 495 Missa
585 436 706 514 priuata·
718 435 839 497 Martini
851 434 971 497 Lutheri
994 453 1061 497 saa·

181 519 285 579 tantia.
321 517 384 578 Leo
406 518 514 596 rugiet,
537 521 679 596 quianon
704 519 829 580 timebit.
851 517 958 580 Amos.
984 520 1025 597 (s.
1039 519 1060 585 I.

178 611 211 661 et
230 601 274 681 a.)
296 604 327 670 4.
351 597 459 682 (mituli
482 603 594 680 paqua
627 603 721 680 signis
753 602 985 682 typographicis
1015 612 1061 671 est

178 694 297 761 oruata,
318 685 350 743 in
373 682 481 763 quibus
503 684 667 764 inscriptus
694 693 742 746 est
773 704 917 745 uumerus
950 685 1059 769 1519).

220 766 295 830 dam
310 766 478 843 iiiifibruud
498 772 543 829 ter
558 766 666 844 iitrtter
684 766 782 833 fflturt.
800 767 910 844 imber.
930 767 1060 833 iditum:

178 853 243 928 berg
266 846 424 910 MDXXII.
465 848 541 915 tum
571 849 741 927 ffltrttraudr
774 855 819 914 ter
842 851 1060 927 ittetiru'ffltstz

181 936 261 995 tirus
293 932 342 997 au.
365 932 549 1012 tritantur
570 931 747 997 maxtin.
790 933 866 997 itam
889 934 1060 1012 iditbtuudr

180 1021 225 1078 ter
247 1015 355 1095 ititettm
378 1015 534 1078 thurtirmt
556 1014 666 1094 datter.
688 1016 872 1097 daremberg
896 1019 986 1085 1523.
1025 1017 1060 1092 In

179 1099 255 1159 tiss:
285 1099 420 1165 dietrudt
441 1117 474 1176 tu
496 1098 681 1178 adiurabat
703 1099 839 1175 iitrtdiot
860 1105 917 1163 unt
940 1101 1062 1181 ffltidset

178 1181 289 1261 datttet
308 1185 451 1262 gebrsrtet,
471 1180 526 1257 ὅπη
548 1179 608 1256 Sur
628 1182 668 1243 ut.
691 1181 727 1248 D.
750 1181 862 1245 XXIII.
1146 1227 1150 1233 .

637 1262 788 1347 (Sabutus
808 1262 854 1327 III
875 1285 904 1347 p.
928 1268 1018 1341 296).

219 1346 284 1407 Nos
312 1353 430 1407 textum
465 1346 653 1409 reddidimus
687 1347 855 1409 secuudum
894 1349 1060 1423 editionem

135 1430 318 1510 originalem
337 1430 660 1512 WIttembergensem,
682 1450 761 1512 quae
785 1451 891 1493 meuse
912 1431 1059 1507 Ianuario
1109 1494 1111 1498 ,

135 1533 165 1575 a.
189 1515 269 1577 1522
287 1515 321 1577 ¹iu
346 1513 444 1574 iucem
467 1514 591 1594 prodiit.

218 1596 325 1655 Latine
347 1596 457 1677 legitur
479 1597 528 1657 hia
549 1596 626 1658 Itber
654 1598 685 1658 iu
708 1598 755 1663 ad.
780 1597 859 1679 Opp.
881 1597 969 1671 Luth.
993 1595 1058 1675 len.

135 1681 180 1753 tt,
203 1680 274 1742 465.
287 1678 373 1742 Witt.
397 1679 433 1761 ΙΙ,
456 1679 538 1755 243.,
558 1682 776 1761 germanicam
790 1679 874 1744 Witt.
895 1679 1054 1756 v11,261.

134 1763 198 1823 len.
221 1763 257 1839 11,
279 1764 308 1827 9.
322 1762 446 1827 Altenb.
468 1763 505 1840 11,
525 1765 574 1826 21.
596 1763 676 1846 Lips.
700 1763 809 1846 XVIII,
833 1765 900 1831 140.
937 1764 1057 1839 WaIeh.

134 1843 222 1923 XIX,
248 1844 335 1910 1304.
360 1845 445 1924 (XV,
466 1843 577 1925 2333).

133 2025 195 2120 Da
225 2025 332 2120 abra
369 2024 482 2119 anda
510 2020 643 2119 Missa
670 2022 855 2144 privata
868 2023 1059 2121 Martini

383 2136 531 2234 utheri
558 2137 840 2256 sestertias).

237 2302 299 2363 Leo
323 2304 432 2384 rugiet,
453 2303 521 2383 quie
543 2321 606 2362 uon
630 2303 766 2363 timebit?
790 2304 896 2399 Amos.
920 2306 948 2369 3.

533 2407 651 2471 lesus.

135 2514 335 2575 Fratribus
354 2513 441 2574 Suis
461 2512 720 2594 Augustiuan.
744 2512 943 2577 Goeuabii
960 2517 1057 2587 Vuit·

249 2597 469 2678 tembergensis
491 2598 620 2677 gratiam
644 2603 675 2656 et
696 2614 804 2676 pacem
827 2596 948 2661 Christi.

217 2725 426 2807 Significatum
464 2733 511 2786 est
545 2725 637 2804 mihi,
674 2724 794 2785 Fratres
827 2726 991 2806 earismmi,
1029 2737 1060 2789 et

134 2809 230 2879 IIteris
254 2817 284 2870 et
305 2810 406 2870 verbis
420 2813 599 2888 amicorum,
623 2809 765 2888 coepisse
787 2809 980 2888 vosprimos‘
995 2828 1059 2869 om·

134 2895 217 2953 uiam
242 2893 270 2952 in
294 2900 396 2953 vestra
420 2891 670 2973 congregauone
692 2890 822 2952 abusum
844 2893 929 2953 iilum
952 2891 1059 2954 Missa·

132 2996 210 3055 rum,
233 2995 308 3056 quas
332 2982 455 3052 vadant,
478 2977 638 3056 abrogare.
682 2974 770 3050 Quae
793 2995 841 3036 res
865 2976 922 3036 etsi
945 2976 1058 3056 gaudm

132 3054 195 3121 riou
220 3059 367 3120 mediocri
380 3079 429 3120 me
451 3058 561 3134 affecit,
585 3066 618 3119 ut
637 3060 688 3139 qui
710 3057 964 3140 hosargumento
989 3077 1060 3141 cog·

132 3136 273 3222 nussam,
294 3162 355 3205 non
381 3162 449 3204 esse
470 3143 501 3202 in
521 3141 608 3203 vobis
632 3140 756 3202 verbum
783 3142 893 3203 Christi
916 3144 1059 3219 otiosum,

115 3239 247 3303 ttamen,
271 3234 303 3286 ut
333 3226 406 3286 nihii
430 3225 578 3286 satisfacit
605 3220 802 3307 pisuertes,
832 3227 928 3286 meto
952 3228 1061 3287 tImora

132 3309 292 3371 sollicitari
306 3310 406 3390 eoem,
428 3327 467 3369 ue
491 3309 570 3370 farte
593 3327 656 3370 non
678 3327 786 3368 omues
808 3313 874 3389 pari
888 3312 1061 3371 constantia

132 3400 165 3457 et
185 3390 283 3454 libera
307 3393 498 3454 couscientia
519 3392 645 3452 arduam
670 3391 751 3450 hana
772 3411 835 3453 rem
859 3392 991 3455 tentetis.
1021 3392 1061 3455 Ut

133 3478 215 3541 enim
239 3477 388 3555 omittam,
411 3494 490 3556 quae
512 3474 620 3536 iudias
633 3473 974 3537 moliunturPontifiaes
996 3476 1061 3537 ido·

206 3709 238 3779 ¹¹¹)
258 3711 290 3766 In
308 3709 354 3766 ed.
373 3711 429 3765 Ian.
448 3708 493 3764 hia
514 3709 762 3780 addimmiegiturz
782 3709 893 3780 Scripta
907 3707 960 3766 sab
978 3702 1061 3765 finem
1186 3712 1192 3720 '

131 3782 199 3841 auri
216 3783 291 3853 XXI,
311 3782 447 3855 Impressa
467 3798 532 3839 varo
554 3798 648 3841 maure
666 3781 809 3848 tuuuurio,
828 3781 1007 3839 annotini.

803 3853 849 3925 8*
