2392 4170
446 274 576 335 ministris
593 272 736 333 eeclesias.
779 360 782 364 .
989 268 1050 342 521
1118 301 1141 352 Ι,

131 439 221 503 ritate
242 436 354 521 divina,
378 434 494 522 Papam
517 460 585 502 ounr
608 442 670 503 suis
692 436 826 521 Papiriis
849 436 963 515 habere
986 435 1052 518 qui·

132 522 201 585 dem
235 524 389 605 singulare
432 524 638 587 sacerdotium
681 524 897 605 singulareque
943 522 1050 584 orandi

133 606 266 669 affinium
288 627 364 688 prae
392 606 533 670 omnihus
556 605 759 685 Christianis,
782 607 836 669 sed
865 627 928 687 quo
952 626 1052 686 neque

101 751 105 757 ,
132 691 309 758 saeerdotes
331 697 609 771 nequeroratores,
631 691 686 753 sed
710 692 812 752 larvae
835 699 865 751 et
886 689 969 763 idola
992 691 1052 750 sint

132 774 325 837 sacerdotum
345 784 387 836 vet
420 783 584 838 oratorum.
630 775 770 839 Ceterum
800 774 962 837 Christiani
992 773 1051 835 soli

131 867 163 920 at
186 878 311 937 omnes,
339 867 373 933 ut
394 859 450 920 soli
475 859 609 920 clamant
630 860 660 920 in
683 860 806 939 spiritu:
842 856 932 921 Abba
954 865 1050 938 pater,
1119 858 1122 869 '

131 943 174 1003 ita
195 942 254 1003 soli
278 949 376 1021 orant,
399 945 442 1005 ita
462 942 519 1003 soli
543 951 613 1003 sunt
631 942 817 1004 sacerdotes.

215 1026 383 1106 Septimum
408 1034 437 1086 et
461 1025 598 1086 ultimum
623 1025 755 1087 officium
791 1032 838 1084 est
865 1023 999 1085 iudicare
1021 1030 1052 1085 et

133 1107 299 1171 decernere
321 1109 360 1171 de
382 1109 585 1190 dogmatibus.
614 1110 709 1170 Plane
733 1129 793 1169 non
817 1108 950 1186 vulgaris
974 1107 1051 1170 ratio
1149 1186 1152 1191 Δ

133 1201 191 1272 est,
210 1213 267 1255 our
288 1193 349 1255 hoe
372 1193 504 1255 officium
529 1193 585 1254 sibi
609 1193 792 1273 arripuerint
825 1192 929 1252 larvae
951 1210 1052 1251 sacer

127 1276 252 1355 dotales
285 1283 316 1337 et
349 1275 528 1358 hypocrises
561 1275 769 1355 Christianae,
815 1275 931 1336 scilieet
957 1269 1051 1354 quod

132 1359 341 1440 praeviderint
362 1361 443 1437 fore,
475 1361 500 1419 si
538 1360 598 1429 hoo
625 1358 758 1421 ollioium
782 1377 944 1431 commuue
966 1356 1052 1418 relin-

133 1449 277 1524 querent,
314 1443 430 1504 nullum
470 1438 696 1524 praedictorum
733 1444 888 1523 proprium
916 1443 1061 1502 retinere.

133 1535 270 1606 possent.
313 1525 468 1607 Adempto
502 1528 581 1586 enim
613 1525 802 1587 auditoribus
830 1524 944 1586 iudioio
980 1524 1051 1604 quid

133 1629 195 1670 non
218 1610 335 1693 possit
339 1619 370 1670 et
393 1609 505 1674 audeat
526 1608 634 1670 doetor
655 1612 747 1696 etiam
775 1610 817 1684 tsi
840 1607 907 1671 fieri
929 1606 1051 1689 posset)

133 1688 267 1769 Satanae
288 1679 397 1772 peior?
433 1693 550 1775 Rursus
571 1688 731 1774 permisso,
754 1694 816 1752 imo
834 1680 1016 1751 inundato
1009 1711 1052 1750 ru-

133 1775 212 1836 diaio
237 1762 425 1838 auditoribus
449 1775 520 1854 quid
544 1767 639 1855 possit
663 1783 693 1837 et
711 1776 824 1836 audeat
836 1775 945 1835 dootor
961 1775 1051 1835 etiam

133 1859 245 1939 angelo
268 1859 306 1919 de
329 1859 417 1923 coelo
441 1857 558 1931 maior?
580 1859 704 1939 quando
726 1853 934 1920 hoeadmisso
956 1856 1051 1934 fieret,
1118 1931 1121 1936 Ι

132 1949 250 2004 utnon
273 1942 365 2005 modo
391 1924 511 2015 Petrum
525 1940 636 2003 Paulus
659 1950 810 2021 argueret,
832 1930 888 2001 sed
910 1949 939 2001 et
961 1960 1052 2020 ange-

133 2025 179 2088 los
213 2027 252 2088 de
279 2025 369 2087 ooelo
407 2010 569 2087 anathema
599 2025 722 2087 faceret.
765 2024 871 2104 ltaque
895 2023 932 2083 de
955 2043 1052 2084 saeer-

133 2108 233 2185 dotio‚
269 2109 308 2172 de
331 2109 433 2172 ollioio
458 2109 589 2171 doeendi
596 2108 816 2191 ,baptisandi,
840 2106 1051 2184 consecrandi,

133 2190 343 2272 sacrificandi,
366 2192 496 2273 ligandi,
528 2157 651 2272 orandi,
673 2190 845 2264 iudicandi,
881 2198 1009 2271 quanto
1020 2190 1053 2251 ti·
1152 2254 1160 2271 ,

134 2293 220 2335 more
242 2283 272 2335 et
294 2283 425 2337 tremore
449 2264 596 2337 dixissent
609 2284 639 2336 et
653 2278 832 2338 statuissent
845 2274 1008 2355 pontifices
1024 2290 1054 2334 et

134 2357 275 2440 consilia,
297 2359 321 2418 si
343 2348 488 2441 iudicium
511 2357 737 2419 formidandum
752 2359 1053 2434 fuissetauditorum,

133 2442 195 2502 imo
219 2461 309 2521 quam
334 2436 446 2501 nihil
439 2459 571 2520 unquam
595 2441 702 2502 fuisset
729 2443 887 2501 universus
910 2441 1053 2522 Papatus,

133 2526 166 2585 si
182 2530 345 2604 regnasset
364 2524 425 2586 hoo
446 2523 607 2603 iudicium,
642 2525 756 2605 optime
791 2525 882 2602 igitur
903 2523 960 2585 sibi
983 2543 1054 2584 aorn-

134 2606 301 2689 eniserunt,
324 2607 394 2668 dum
419 2609 480 2669 hoe
501 2571 634 2668 olfioidm
657 2606 715 2668 sibi
738 2606 986 2671 vendicaverunt

216 2693 331 2753 Verum
353 2691 413 2751 hoo
434 2695 600 2772 potuerunt
622 2697 652 2751 et
674 2690 925 2771 praevaluerunt,
955 2688 1055 2751 donee
1162 2699 1166 2707 '

79 2751 91 2815 ·'
135 2775 295 2836 definita
287 2795 331 2836 rra
361 2776 446 2835 iuxta
478 2772 639 2836 Danielem
669 2772 871 2854 impleretur.
907 2774 946 2833 At
974 2782 1055 2833 n'uno
1136 2803 1139 2809 ·

133 2857 303 2919 illustrante
341 2876 409 2922 nos
431 2857 563 2920 adventu
594 2856 764 2919 Salvatoris
804 2855 917 2917 destrui
952 2857 1055 2935 eoepit
1124 2864 1146 2935 J

110 2941 255 3021 iniquus
276 2942 338 3019 ille,
367 2948 400 3001 et
419 2940 548 3021 Spiritus
571 2941 633 3001 oris
655 2942 720 3001 eius
741 2939 885 2999 interficit
911 2939 1054 3001 adversa·

134 3026 211 3085 rium
248 3025 332 3085 illum
367 3044 459 3104 super
487 3043 609 3085 omnem
639 3023 752 3085 uultum
787 3023 843 3083 Dei
875 3022 1053 3084 exaltrmtunr

134 3107 223 3167 Nune
246 3109 326 3169 enim
349 3115 410 3168 stat
430 3106 505 3170 illud
519 3106 628 3168 Christi
650 3104 799 3171 Iohanl
786 3111 838 3172 l:0
862 3103 943 3166 Oves
967 3125 1054 3169 meur

112 3212 242 3267 ivonem
267 3211 366 3252 meam
391 3191 533 3267 audiunt,
557 3208 665 3251 vocem
691 3190 860 3250 alienorum
884 3208 946 3248 non
970 3189 1053 3249 audr-
1073 3246 1076 3251 .

134 3285 203 3353 unt,
236 3274 380 3338 hlatth.
370 3296 398 3342 r:
422 3273 588 3343 Attendite
603 3292 622 3334 ιι
643 3273 728 3335 falsis
750 3271 923 3353 prophetis,
948 3271 1054 3334 Matth.

135 3357 190 3423 16:
220 3356 376 3419 Attendite
406 3378 424 3417 s
451 3351 602 3419 fermento
625 3355 874 3434 Pharisaeorum,
904 3356 988 3434 quod
1010 3360 1056 3414 est

133 3440 327 3522 hypocrisis,
359 3441 464 3509 hlatth
487 3443 541 3505 23:
577 3439 675 3520 Super
702 3402 878 3501 eathedrarrl
901 3436 981 3501 hlosi
1009 3457 1055 3498 se·

134 3522 245 3585 derunt
266 3521 392 3585 Saribae
426 3531 456 3583 et
485 3523 654 3603 Pharisaei,
688 3541 889 3602 quaeeunque
923 3521 1056 3582 dixerint

135 3616 168 3669 ut
189 3609 334 3687 servetis,
356 3613 477 3668 servate
499 3617 529 3669 et
552 3607 652 3685 iaoite,
675 3605 840 3668 seeundum
865 3624 959 3686 opera
980 3622 1054 3665 vero
1084 3684 1087 3689 θ

134 3709 240 3773 eorum
262 3655 358 3754 nolile
379 3690 490 3763 iacere,
973 3720 977 3727 ·
