2392 4170
131 239 195 306 bit
489 238 532 296 De
549 236 727 296 instituendis

135 403 209 466 nihil
232 421 357 484 prorsus
389 403 527 483 sequitur
555 403 613 463 nial
648 408 756 482 stupor
779 406 810 462 et
832 400 1001 463 admiratio
1022 421 1068 465 sn

136 486 269 549 cerdonis
292 505 384 567 super
416 505 471 546 sua
506 485 655 567 dignitate
681 493 712 546 et
743 489 911 565 potestate.
954 484 1068 547 Nonne

135 573 196 633 hoc
217 577 265 630 eat
288 588 327 630 ex
364 587 469 630 musea
491 569 593 630 iecere
615 567 835 650 elephantem?
878 568 1069 650 Dignissimi,

136 653 241 733 utqui
274 651 358 714 verbi
392 652 519 713 virtutes
554 660 756 714 contemnunt
790 650 913 713 interim
935 652 998 714 isia
1019 650 1069 714 ad·

136 738 288 799 mirentur.

219 852 350 914 Proinde
372 852 526 930 videmus,
562 870 653 932 qnam
690 871 760 915 raro
792 852 1010 934 evangelistes
1038 860 1069 915 st

137 935 271 1019 apostoli
309 937 494 998 mentionem
517 934 730 996 Eucharistiae
751 936 881 1014 iaciant,
916 942 951 997 ut
974 935 1070 999 multa

136 1019 279 1099 smaltis
310 1019 350 1080 lbi
378 1018 597 1080 desiderentur.
642 1018 737 1079 Verbi
766 1037 841 1082 vero
865 1019 1068 1081 ministerium

138 1121 287 1183 nusquam
321 1120 383 1162 non
408 1111 516 1182 urgent
544 1108 576 1162 et
596 1102 786 1165 ssd-multum
808 1102 945 1164 taedium
970 1121 1068 1183 usque

138 1186 310 1262 inculcant,
334 1185 461 1265 scilicet,
487 1185 570 1264 quod
592 1185 707 1249 futuras
730 1184 806 1246 vidit
827 1185 961 1267 Spiritus
983 1204 1068 1249 rasu-
1137 1184 1143 1195 '

139 1289 204 1330 rum
225 1268 352 1329 istorum
382 1287 542 1349 perversas
564 1269 829 1347 abominationes,
860 1275 896 1331 ut
927 1289 949 1331 a
971 1268 1067 1331 verbo

138 1354 255 1413 virtutis
287 1359 318 1412 et
340 1352 475 1411 veritatis
508 1371 563 1413 cor
593 1360 766 1415 averterent
796 1360 827 1412 et
851 1351 892 1412 ad
913 1358 1067 1415 mortuam

138 1435 219 1497 illum
243 1435 331 1514 panis
351 1445 383 1495 et
406 1436 466 1495 vini
481 1436 681 1497 mutationem
693 1442 918 1514 converterent,
939 1442 1067 1516 totaque

140 1520 201 1578 vita
223 1519 253 1578 in
267 1518 438 1599 'speciebus
454 1520 519 1579 istis
542 1519 703 1579 haererent
716 1519 862 1593 externis,
886 1526 1068 1601 contempto

140 1602 259 1663 interim
282 1600 452 1661 admirabili
477 1600 602 1675 lumine,
624 1601 653 1661 in
677 1600 759 1682 quod
783 1602 885 1667 roostl
907 1621 1028 1665 sumus.

222 1719 328 1798 Igitur,
363 1719 388 1778 si
416 1717 445 1778 id
469 1718 550 1798 quod
575 1721 673 1781 maius
696 1726 744 1780 est
765 1719 910 1781 collatum
933 1726 986 1782 est
1006 1739 1066 1783 om·

141 1800 245 1877 nibus,
279 1820 390 1883 nempe
423 1802 547 1862 verbum
571 1811 602 1862 et
623 1801 806 1883 baptismus,
833 1821 897 1864 non
919 1811 1065 1886 negatum

140 1903 209 1945 esse
233 1903 355 1965 qnoque
378 1895 460 1945 reete
471 1883 588 1945 dicetur
607 1885 638 1946 id
661 1886 853 1966 quodminus
875 1892 934 1964 est,
956 1904 1067 1968 nempe

140 1987 331 2045 consecrare,
354 1968 472 2029 etiamsi
495 1967 617 2030 deesset
629 1968 804 2113 Scripturas
814 1969 977 2033 autoritas.
1004 1968 1065 2032 Sic

140 2058 174 2113 ut
195 2058 226 2112 et
247 2050 385 2112 Christus
406 2053 522 2132 arguit:
545 2052 739 2133 Animepus
760 2061 808 2114 est
828 2071 921 2133 quam
945 2071 1066 2135 eorpus,

140 2140 172 2196 et
193 2153 303 2215 corpus
326 2134 498 2215 plusquam
512 2154 593 2208 esca,
616 2138 639 2196 si
654 2135 736 2197 Deus
752 2135 929 2214 hoodonat,
953 2144 1065 2217 quanto

140 2219 236 2298 magis
257 2216 353 2278 illud?
688 2292 692 2299 ι
851 2278 855 2286 ,

222 2317 369 2394 Quartum
391 2317 524 2378 cilicium
548 2326 595 2380 est
617 2318 711 2399 ligure
739 2326 770 2378 et
781 2318 904 2379 solvere
925 2327 1064 2399 peccata.

139 2401 207 2462 Hoc
229 2400 361 2462 cilicium
392 2400 435 2462 illi
461 2421 521 2462 non
546 2402 639 2463 modo
669 2400 726 2462 sibi
755 2408 923 2483 rapuerunt
945 2409 980 2463 et
999 2420 1064 2484 pro·

138 2486 203 2566 prie
226 2493 462 2566 arrogaverunt,
495 2505 600 2546 verum
624 2482 654 2546 et
676 2503 713 2545 ec
736 2493 909 2562 traxerunt,
940 2493 975 2546 ut
996 2486 1065 2546 hinc

137 2571 184 2628 ius
217 2567 444 2630 condendarum
478 2568 579 2648 legum
617 2568 673 2628 sihi
706 2571 843 2649 rapuisse
883 2568 1064 2650 glorientur.

139 2651 246 2732 Ligare
268 2653 347 2712 enim
361 2658 474 2711 vocant
488 2650 572 2730 leges
592 2652 735 2728 condere,
757 2651 920 2733 prohibere
935 2660 969 2712 et
984 2672 1064 2713 man·

140 2734 211 2795 dere
234 2735 279 2809 id,
313 2733 395 2814 quod
419 2754 489 2805 vere
512 2736 634 2814 quidem
658 2742 705 2796 est
727 2735 822 2818 ligare
844 2736 1063 2811 conscientium,

137 2817 191 2877 sed
215 2817 380 2879 mendaciis
404 2827 434 2879 et
456 2818 665 2897 illusionibus,
693 2818 742 2880 ubi
763 2838 888 2901 prorsus
911 2819 998 2881 nulla
1020 2827 1065 2879 eat

137 2918 231 2961 causa
252 2901 378 2982 ligendi,
400 2901 504 2982 qualia
526 2910 606 2981 sunt,
629 2902 677 2963 ubi
703 2905 824 2984 nuptias
847 2909 877 2965 et
893 2921 1063 2983 escaspro·

41 2992 51 3005 ·“
139 2983 245 3045 hibent
267 3004 284 3044 e
307 2984 374 3045 Deo
398 2996 516 3045 creatas
546 2995 575 3045 et
597 2987 760 3049 institutas.
803 2986 920 3046 Rursus
943 2986 1065 3048 solvere

137 3068 217 3148 apud
240 3067 310 3128 illos
333 3076 389 3147 est,
408 3070 544 3149 acceptis
575 3071 710 3149 pecuniis
734 3070 914 3149 dispensare
937 3087 1012 3130 suas
1034 3069 1064 3129 li-

136 3152 267 3230 gatrices
289 3159 320 3211 et
340 3151 465 3212 fallaces
488 3152 588 3233 leges,
621 3171 658 3212 ac
679 3153 724 3211 sic
744 3153 952 3213 conscientias
980 3171 1065 3213 men·

137 3234 252 3294 dsciler
288 3234 396 3314 ligatas
430 3235 564 3295 illusorie
597 3235 758 3296 dimittere.
801 3235 934 3296 Utuntur
963 3244 1064 3298 tamen

136 3318 165 3376 in
199 3316 443 3380 confessionibus
478 3338 602 3399 quoque
635 3328 665 3377 et
692 3318 1065 3382 excommunicationibus

137 3399 249 3479 ligandi
272 3408 302 3460 et
324 3400 463 3461 solvendi
486 3401 604 3480 cilicio,
640 3401 693 3461 aed
715 3402 781 3462 iure
799 3401 883 3462 nullo
906 3402 1067 3482 abusuque

136 3483 311 3545 damnabili.

215 3564 282 3625 Hac
303 3568 393 3647 igitur
414 3569 521 3650 rupino
543 3576 574 3628 et
594 3568 738 3649 peculatu
751 3567 1067 3649 sacrilegoieoerunt

135 3656 337 3730 utnusquam
369 3651 406 3711 sit
429 3652 527 3713 minus
563 3651 675 3735 ligandi
705 3658 735 3712 et
763 3650 908 3723 solvendi
930 3652 1066 3717 cilicium
