2392 4170
129 249 192 314 446
424 247 582 306 Oonamra
601 248 802 305 leutherium·

132 405 193 464 mai
217 403 369 465 benefacit
391 413 423 464 et
444 404 576 484 paseat?
596 402 672 478 Quis
697 406 780 464 mitri
789 407 851 466 hoe
874 399 1061 466 reserarem

132 485 297 566 aliquando
336 487 500 548 obtrudet?
535 489 606 565 quie
642 489 715 548 iliud
745 488 920 549 Salomoni
928 487 1063 614 addere

131 569 276 631 audebit?

214 653 252 712 Et
275 652 337 715 hoo
355 653 484 712 atterum
507 661 554 712 est
575 654 738 713 sbsmdum
764 592 1004 733 Magistrerum
1003 670 1060 712 ao

131 742 279 812 etrorum,
302 753 371 831 qap
393 736 456 796 fere
477 754 597 816 semper
620 745 764 815 peecata,
803 737 889 815 quod
917 745 1062 813 reamur,

131 819 239 897 petitio
264 820 415 898 principii.
460 817 529 893 Quo
560 820 631 896 quie
653 819 813 881 Latonius
836 821 928 879 toties
951 820 1059 893 umor,

131 918 193 961 aon
216 901 387 980 gravabor,
420 900 575 961 hominem
600 903 690 961 toties
713 902 896 976 admouere,
930 903 963 960 si·
978 901 1059 962 {otte

132 1002 171 1042 eu
193 983 253 1043 heo
274 987 477 1044 contentione
495 985 604 1044 saitem
628 985 761 1063 aliquem
785 985 920 1065 reguiam
940 984 1059 1047 ›otstw

132 1068 211 1126 tiose
235 1067 354 1126 dissere
381 1075 484 1145 queat.
528 1067 606 1126 Dieo
641 1087 735 1146 ergo,
771 1066 832 1128 hoe
862 1067 1062 1148 probandum

133 1150 189 1208 fait
210 1148 349 1226 Latomo,
372 1150 453 1228 quod
477 1149 652 1210 Satomoaie
676 1150 799 1210 verbum
816 1150 1059 1210 ineiuderet·ad⁴

134 1231 292 1309 verbium‚
331 1232 518 1311 aliquando,
553 1251 614 1311 qua
638 1234 870 1293 oontrehereter
892 1241 1057 1312 peoeetum

131 1314 170 1374 ed
193 1333 288 1394 opera
311 1315 391 1375 meta
413 1327 499 1374 ext-re
522 1316 638 1376 barrum
660 1335 748 1396 opus.
795 1319 835 1376 At
854 1317 939 1395 ipse,
962 1319 1052 1395 quasi

131 1397 293 1478 probatum
316 1399 371 1475 eit,
404 1398 606 1477 apprehendit
622 1407 656 1458 et
678 1399 790 1478 probat
820 1408 964 1478 negatum
1002 1416 1060 1478 per

132 1488 277 1560 uegetum
302 1482 507 1542 vitiosissime.

220 1559 315 1644 Quod
336 1565 361 1625 si
384 1563 462 1624 heae
483 1565 555 1623 vitia
576 1581 638 1624 aon
671 1572 790 1641 esseut,
764 1564 921 1625 tsdhuo
953 1564 1059 1625 defleit

133 1649 164 1706 iu
187 1646 287 1707 modis
310 1647 508 1742 praedicandi
530 1665 585 1726 per
607 1665 641 1707 se
663 1656 696 1707 et
716 1668 771 1728 per
792 1647 945 1708 eeoidene.
983 1647 1055 1706 Peo-

134 1737 236 1789 eotum
271 1733 352 1790 euim
373 1729 478 1808 ‘tquod
512 1730 689 1791 horrescere
720 1731 814 1791 feoiet
845 1749 951 1792 amnes
976 1728 1060 1809 pilos

133 1813 351 1892 Magistrorum
372 1810 565 1910 nostrorum)
591 1813 672 1873 volui
695 1821 732 1873 et
747 1832 828 1873 nune
854 1814 930 1873 dieo
968 1831 1057 1892 prse-

133 1895 286 1957 dioetioue
308 1896 504 1975 pereeitetis
497 1914 599 1955 messe
622 1898 708 1975 operi
730 1895 823 1974 bono,
845 1895 1001 1976 quamdiu
1008 1897 1056 1956 vi·

133 1983 240 2058 vimus,
263 1980 342 2039 siout
363 1978 501 2041 risibile
493 1990 573 2039 mest
596 1979 711 2038 homini
726 1976 854 2060 (loquor
876 1980 914 2040 ad
938 1978 1058 2040 motem

134 2061 324 2140 Aristotelis,
359 2080 420 2121 non
444 2062 673 2141 sophistarum,
706 2065 757 2141 qui
780 2063 881 2124 adhue
903 2065 1054 2141 nasorum,

134 2145 206 2223 quid
238 2146 277 2203 sit
298 2163 354 2223 per
375 2163 409 2203 se
437 2144 517 2224 apud
541 2145 736 2206 Aristotelem
767 2155 817 2205 aut
840 2147 964 2226 propria
987 2164 1054 2225 pes·

131 2229 211 2305 sio),
234 2226 289 2287 sed
311 2246 397 2303 esea,
430 2246 571 2304 somnus,
595 2248 676 2291 mors
699 2230 803 2289 insunt
824 2228 1056 2308 praedieatione

131 2328 186 2390 per
207 2310 363 2371 eooidens.
407 2310 446 2371 Ut
467 2329 617 2391 organon
640 2313 789 2390 sequitur:
814 2312 916 2372 Homo
933 2329 1056 2393 semper

131 2402 179 2453 est
201 2393 344 2472 risibilis,
379 2413 454 2475 ergo
486 2412 608 2474 semper
630 2394 719 2472 ridet,
753 2397 797 2456 ita
818 2414 879 2455 aon
903 2398 1057 2474 sequitur:

131 2475 233 2537 Homo
258 2478 340 2558 vivit,
364 2496 437 2557 ergo
461 2495 582 2557 semper
606 2479 724 2556 vigilet,
748 2480 892 2554 eomedit,
915 2480 1052 2538 moritur.

130 2559 246 2620 Temen
269 2564 475 2640 assequitur:
504 2561 610 2627 ‚Homo
633 2563 722 2639 vivit,
753 2580 826 2641 ergo
848 2571 896 2621 est
918 2561 1051 2637 risibilis,

134 2646 330 2722 oomeetivus‚
354 2645 549 2723 dormimus,
581 2646 718 2704 mortalis
740 2656 817 2720 eta.‚-
837 2647 879 2704 ite
902 2647 1053 2723 sequitur:

136 2726 236 2788 Homo
261 2727 427 2805 benefeoit,
463 2746 539 2807 ergo
561 2737 683 2807 pereat,
723 2731 794 2807 quia
817 2729 910 2787 iromo
934 2728 1055 2789 aenam

134 2813 217 2871 oieus
240 2819 286 2870 est
308 2809 495 2888 subiectum,
530 2819 560 2869 et
592 2819 751 2891 peceatum
775 2813 839 2871 eius
862 2812 988 2890 passio,
1025 2820 1054 2873 ut

131 2896 323 2975 suppositam
347 2901 453 2954 estex
476 2893 652 2956 Salomone.

189 2975 316 3050 ¹(pluere
349 2995 408 3056 ego
445 2977 558 3037 melius
595 2977 775 3037 aemulabor
816 2978 1053 3055 consequentias

130 3062 205 3120 istas
229 3061 417 3140 peremistis,
440 3079 531 3139 quam
554 3059 714 3137 latomus,
748 3071 779 3120 et
797 3060 880 3119 veris
901 3059 1053 3139 exemplis

130 3162 230 3203 meam
260 3145 529 3222 ooaeequentiem,
564 3152 594 3203 et
627 3145 808 3204 necessariis
844 3145 1051 3204 neeessariam

132 3224 285 3303 suadebo,
307 3226 368 3287 hoe
389 3227 484 3287 modo
507 3226 585 3287 bene
608 3229 760 3306 sequitur:
788 3227 857 3288 Non
881 3233 929 3285 est
947 3225 1052 3305 sophi·

132 3317 180 3370 ets
202 3308 345 3386 lovanii,
379 3311 430 3389 qui
453 3309 624 3390 Scripturas
654 3318 777 3386 treatet
810 3317 841 3370 et
863 3328 925 3368 noa
947 3309 1054 3387 depre-

133 3402 183 3452 vot
207 3394 375 3453 sententies
405 3394 590 3472 damnetque
624 3395 802 3471 veritatem,
834 3410 914 3472 ergo
942 3391 1052 3452 eodem

132 3494 226 3557 opere
248 3483 359 3536 treotet
376 3475 548 3557 Scripturas
570 3487 601 3537 et
624 3478 771 3557 depravet
793 3495 855 3540 ess
899 3473 979 3549 Quis
1003 3492 1053 3537 se·

131 3560 300 3656 phisterum
333 3568 399 3638 est,
432 3560 598 3639 atiquesdo
622 3561 794 3641 Scripturas
816 3568 964 3638 tractare,
997 3555 1052 3617 sed

153 3644 287 3724 roprium
310 3661 433 3722 eorum,
466 3644 534 3705 iliae
558 3643 727 3724 depravare
750 3654 780 3703 et
802 3643 958 3705 damnove
1002 3639 1055 3702 Sis

131 3663 211 3789 ane
231 3727 395 3808 sequitur
425 3690 499 3791 ’tttos
534 3735 581 3788 eet
611 3728 797 3809 theologista
823 3726 968 3808 baresii,
1002 3725 1053 3805 qui
