2392 4170
132 240 175 306 42
394 243 431 296 lle
450 241 528 311 Oapt
547 239 804 308 Babyloniensis

134 404 204 457 sunt
237 397 326 456 simul
362 397 553 473 necessaria,
588 397 751 475 promissio
783 403 814 457 et
848 396 935 461 tides.
984 395 1057 459 Sine

133 481 338 562 promissione
360 481 440 540 enim
462 479 545 540 aredi
567 479 641 540 nihil
661 487 773 560 potest,
795 479 932 541 sinelide
954 486 1056 559 antem

134 563 296 644 promissio
319 564 433 624 inutilis
455 569 516 639 est,
548 582 616 622 eum
639 583 691 642 per
720 563 811 624 fidem
837 563 1006 624 stabiliatur·
1027 571 1059 623 et

134 648 305 728 impleatur.
349 648 398 707 Ex
426 646 535 725 quibus
556 647 660 714 itidem
689 646 778 707 facile
806 648 905 726 quivis
933 646 1058 725 oolligit,

133 731 272 805 missam,
303 749 371 790 enm
400 731 439 790 sit
461 729 543 790 aliud
572 729 645 790 nihil
673 749 763 808 quum
791 731 972 810 promissis,
998 729 1059 790 haa

133 813 194 874 fide
229 814 297 874 sola
326 813 401 875 adiri
430 820 459 874 et
486 813 684 892 frequentari,
723 816 789 873 sine
823 832 884 892 qna
911 812 1058 892 quidquid

133 897 340 978 precularum,
371 898 685 977 praeparatoriorum,
715 916 859 976 operum,
890 898 1058 977 signorum,

133 986 274 1060 gestuum
304 981 444 1054 affertur,
480 978 636 1040 irritabula
671 988 741 1040 sunt
768 981 933 1060 impietatis
960 981 1058 1058 magis

134 1083 225 1143 qnam
256 1064 358 1125 officia
386 1064 521 1143 pietatis,
550 1081 618 1122 oum
641 1063 704 1122 lere
724 1062 791 1139 fiat,
821 1069 855 1123 ut
876 1063 922 1122 his
944 1064 1059 1142 puratis

133 1149 309 1208 existiment
331 1166 400 1206 sese
421 1146 558 1225 legitime
580 1147 688 1207 altaria
709 1145 875 1219 accedere,
898 1153 930 1207 et
950 1165 1059 1208 revera

132 1250 195 1292 non
217 1230 327 1290 fuerint
365 1230 426 1290 ullo
455 1237 592 1311 tempore
620 1229 669 1289 vel
698 1247 791 1309 opere
822 1231 919 1308 magis
952 1230 1058 1308 inepti,

132 1320 258 1394 propter
278 1312 505 1391 infidelitatem,
534 1331 626 1392 quam
648 1331 753 1373 seeum
776 1313 914 1373 afferunt.
958 1311 1059 1387 Quan-

133 1405 180 1457 tos
202 1398 315 1477 passim
340 1397 444 1456 videas
467 1404 498 1457 et
511 1395 857 1475 quotidiesaorifieulos,
881 1398 942 1475 qui,
960 1397 987 1455 si
1008 1395 1060 1456 vel

131 1482 235 1559 inepte
258 1481 368 1557 vestiti,
391 1480 439 1540 vel
461 1480 554 1540 illotis
577 1479 732 1558 manibus,
762 1479 810 1538 vel
832 1480 911 1539 inter
932 1497 1059 1558 presan·

133 1563 205 1623 dum
234 1562 398 1623 titubantes
429 1562 500 1642 quid
533 1562 700 1622 leviuscule
730 1563 910 1638 erraverint,
943 1562 1058 1641 ingenti

48 1652 51 1657 '
133 1665 202 1714 sese
223 1647 324 1710 miseri
347 1647 473 1706 erimine
494 1664 564 1706 reos
586 1645 710 1706 laniunt.
755 1645 805 1724 At,
827 1645 910 1724 quod
932 1646 1058 1713 missum

132 1732 241 1810 ipsam,
263 1728 294 1788 id
318 1735 374 1805 est,
397 1729 528 1790 divinam
551 1730 802 1808 promissionem,
831 1747 931 1808 neque
953 1727 1058 1787 obser-

132 1820 221 1890 vant,
244 1831 345 1891 neque
367 1812 509 1889 eredunt,
537 1830 662 1892 prorsus
689 1831 728 1871 ne
756 1811 906 1872 tantillum
935 1810 1058 1890 quidem

131 1895 246 1956 habent
268 1896 483 1956 eonscientiae.
517 1894 682 1974 Oindigna
703 1895 810 1974 religio
824 1901 929 1954 nostro
942 1893 1058 1971 seonlo,

132 1980 268 2040 omnium
291 1979 471 2058 impiissimo
494 1984 525 2038 et
546 1977 764 2057 ingratissimo.

212 2062 410 2141 Praeparatio
438 2064 542 2139 itaque
571 2060 664 2140 digna
693 2068 723 2121 et
744 2080 816 2120 usus
838 2059 972 2139 legitime
996 2079 1058 2120 non

131 2151 178 2205 est
200 2145 256 2204 nisi
279 2144 370 2220 fides,
399 2163 460 2222 qna
481 2143 613 2203 ereditur
634 2144 761 2221 missae,
792 2143 822 2203 id
845 2149 907 2220 est,
937 2142 1057 2203 divinae

129 2229 336 2307 promissioni.
390 2227 543 2302 Quocirca
572 2245 752 2287 accessurus
780 2225 818 2286 ad
846 2226 957 2304 altare,
992 2227 1058 2285 sive

132 2317 356 2371 sacramentum
369 2316 560 2389 aaoepturus,
583 2317 702 2388 caveat,
725 2328 763 2369 ne
782 2328 896 2369 vaouus
909 2316 1058 2389 appareat

131 2394 161 2453 in
185 2401 354 2472 eonspeotu
364 2394 488 2454 Domini
501 2393 573 2471 Dei,
597 2412 711 2454 vaouns
725 2399 827 2453 autern
840 2393 906 2469 erit,
929 2393 954 2451 si
964 2391 1057 2452 tidem

131 2496 194 2537 nou
217 2475 358 2537 habuerit
379 2478 409 2536 in
428 2477 552 2536 missam
564 2495 618 2535 sen
634 2483 848 2536 testamentum
860 2475 920 2535 hoa
933 2494 1057 2552 novum,

132 2578 194 2637 qua
226 2561 383 2639 impietate
412 2558 483 2638 quid
520 2566 626 2638 posset
657 2561 780 2638 gravius
808 2560 998 2620 committere
1025 2559 1055 2618 in

132 2641 264 2702 divinum
303 2644 478 2719 veritatem,
513 2661 604 2721 quam
641 2642 699 2702 hae
732 2641 944 2702 incredulitate
979 2640 1057 2701 sna?

134 2724 289 2799 Quantum
311 2732 357 2785 est
379 2727 410 2785 in
433 2745 481 2804 se,
510 2724 690 2785 mendaeem
714 2727 814 2804 arguit
835 2733 865 2785 et
886 2742 966 2785 vane
987 2743 1059 2804 pro·

132 2810 311 2868 mittentem.
361 2809 556 2868 Tutissimum
584 2809 689 2887 itaque
723 2808 827 2885 fuerit,
862 2807 901 2868 ad
931 2808 1058 2868 missam

132 2908 194 2949 non
222 2891 284 2950 alio
312 2893 415 2951 auimo
442 2891 603 2966 aeoedere,
633 2910 724 2970 qnam
755 2893 779 2950 si
806 2890 845 2950 ad
873 2890 1057 2953 audiendam

132 2974 300 3052 quamlibet
328 2974 418 3055 aliam
448 2976 682 3054 promissionem
706 2975 763 3034 Dei
792 2974 867 3033 velis
898 2974 1056 3053 secedere,

131 3056 192 3116 hoe
214 3062 270 3136 est,
292 3064 325 3117 ut
346 3064 471 3137 paratus
495 3060 546 3132 sis,
564 3077 625 3117 non
642 3058 736 3118 multa
749 3058 869 3136 operari
891 3064 920 3116 et
940 3056 1058 3132 afferre,

132 3137 186 3198 sed
210 3141 314 3200 omnia
335 3139 461 3201 eredere
483 3148 513 3200 et
535 3141 691 3219 accipere,
718 3159 798 3218 quae
827 3138 880 3199 tibi
902 3139 964 3199 illio
985 3158 1057 3217 pro-

132 3223 306 3297 mittuntur,
327 3243 382 3284 seu
404 3225 555 3302 promissa
573 3224 818 3302 pronuueiantur,
842 3241 896 3301 per
924 3223 1057 3282 ministe

131 3307 208 3366 rium
231 3306 410 3367 saeerdotis.
452 3306 520 3366 Hoa
542 3308 644 3367 animo
675 3307 700 3365 si
729 3325 789 3366 non
813 3306 950 3382 veneris,
981 3324 1058 3365 eave

133 3391 311 3467 accesseris,
333 3392 363 3449 in
386 3389 529 3449 indicium
552 3391 619 3448 sine
640 3388 731 3449 dubio
750 3387 890 3449 aeoedes.

216 3471 311 3532 Reate
333 3475 435 3551 itaque
459 3473 538 3547 dixi,
568 3478 663 3532 totam
691 3473 830 3531 virtutem
853 3470 965 3530 missae
987 3488 1059 3532 aon-

133 3555 241 3615 sistere
262 3556 293 3615 in
314 3555 416 3617 verbis
429 3556 550 3633 Christi,
571 3553 680 3634 quibus
697 3560 825 3615 testatur
845 3554 1057 3613 remissionem

135 3643 332 3717 peceatorum
361 3639 466 3700 donari
497 3638 655 3713 omnibns,
691 3639 742 3714 qui
769 3636 912 3714 eredunt,
945 3654 1058 3715 eorpus

135 3722 199 3785 eius
222 3722 299 3786 tradi
326 3730 356 3784 et
378 3724 558 3805 sangninem
587 3722 650 3783 eius
677 3720 761 3783 fundi
789 3739 846 3802 pro
869 3740 912 3783 se.
956 3720 1059 3800 Atque
