2392 4170
405 240 547 300 Ambrosii
566 243 676 300 Gathar.
695 258 721 298 a.
741 241 823 302 1⁶21.⁸
905 253 908 265 ‘
994 241 1057 310 illd

132 400 270 480 nequitis
288 397 457 476 hominum,
488 400 520 461 iu
553 399 673 460 astutis‘
687 399 728 461 nd
763 400 1056 464 circumventionem

132 485 253 547 enoris.
297 482 472 562 Nequitiam
495 484 650 544 homiuum
674 502 786 563 graece
807 487 947 565 κυβείαν
956 492 1056 563 vocat,

132 567 214 648 quod
238 575 295 645 est,
317 586 355 627 ac
375 567 400 626 si
423 565 524 642 dicas,
547 573 684 628 tesserae
704 568 904 628 iactationem
925 574 958 629 et
977 577 1057 629 astu·
1123 619 1131 632 ,

132 654 217 730 dam,
237 653 449 734 πανουργίαν
470 649 558 726 dicit,
597 669 676 729 quoe
699 658 745 710 est
778 650 882 711 illusio
904 651 1059 731 quaedem

132 735 217 797 velut
244 732 475 811 circulatorum,
507 733 578 794 dum
606 733 698 794 rebus
729 732 853 794 ludicris
875 754 983 795 sensus
1005 734 1059 796 tat

132 820 243 881 luutur.
285 818 331 879 lta
360 817 444 897 impii
475 818 612 895 magistri
633 817 734 877 verbis
756 817 813 878 Dei
837 837 894 898 pro
917 839 973 878 sua
994 818 1058 879 libi-

133 902 204 964 dine
232 901 316 962 velut
338 900 461 959 tesseris
490 901 611 961 iactatis
640 906 671 961 et
691 898 815 960 ludicris
838 903 900 972 suis
923 921 1057 964 ceremo-

132 986 191 1046 niis
215 1004 273 1044 uos
293 983 411 1059 tollunt,
425 990 456 1043 et
477 983 634 1044 instabiles
656 983 771 1043 iaciunt
783 985 1058 1047 circumvenientes

135 1067 291 1130 insidiosis
318 1066 365 1127 his
397 1065 511 1127 artibus
541 1086 598 1126 nos
628 1064 667 1126 ad
697 1066 963 1148 decipienduml)
1008 1069 1059 1131 sia

133 1153 214 1213 enim
237 1169 350 1232 graece
371 1158 462 1210 sonat
478 1148 562 1234 πρὸς
577 1147 637 1230 τὴν
653 1147 838 1230 μεθοδείαν
851 1156 908 1231 τῆς
922 1149 1059 1235 πλάνης,

132 1235 242 1308 idest,
264 1235 303 1295 ad
318 1233 466 1294 insidiose
476 1232 730 1312 aggrediendum,
752 1240 785 1293 ut
807 1233 977 1313 decipiant,
998 1236 1059 1296 boc

133 1320 214 1379 enim
237 1317 298 1378 tius
321 1323 445 1376 utuntur
466 1319 582 1397 αυβεία
600 1319 656 1381 καί
666 1321 868 1402 πανουργία,
881 1316 912 1377 id
928 1326 984 1394 est,
993 1337 1058 1380 ver·

134 1401 180 1462 bis
202 1408 234 1462 et
255 1401 438 1460 ceremoniis
458 1398 628 1461 iallecibus.

217 1483 269 1545 Sic
290 1491 321 1543 et
344 1483 410 1544 Col.
434 1483 471 1545 2:
493 1482 615 1554 Videte,
636 1503 677 1543 ne
698 1485 766 1560 quis
788 1501 844 1542 vos
857 1481 991 1563 decipiat
1005 1502 1060 1564 per

133 1566 360 1647 philosophiam
384 1572 415 1626 et
434 1567 557 1627 inanem
580 1566 751 1641 fallaciam,
775 1566 943 1627 secundum
972 1567 1061 1628 tradis

135 1651 250 1711 tionem
274 1650 442 1727 homiuum,
466 1648 634 1709 secundum
658 1649 811 1710 elementa
836 1650 925 1710 huius
954 1651 1060 1710 mundi

131 1740 166 1810 ‘et
186 1753 248 1794 nou
279 1732 446 1793 secundum
471 1731 636 1796 Christum.
674 1732 720 1792 Et
746 1734 824 1798 intra
854 1734 937 1793 velut
963 1734 1066 1813 digito,

134 1815 281 1893 hidoth2)
306 1815 561 1894 significationem
589 1823 764 1876 monstrans
787 1816 868 1888 dicit,
891 1811 1059 1878 secuudum

136 1906 302 1979 praecepta
324 1906 354 1958 ct
377 1898 722 1976 doctrineshomiuum,
745 1918 824 1979 quae
846 1907 917 1958 sunt
936 1899 1058 1976 quidem

85 2035 88 2038 ,
135 1983 284 2043 rationem
323 1981 468 2042 habentis
506 1982 692 2061 sapientiae,
722 1983 752 2042 in
782 1983 998 2060 superstitione
1030 1991 1061 2042 st

136 2065 305 2126 humilitate
338 2071 369 2124 et
397 2064 435 2124 ad
469 2084 530 2124 uon
553 2064 740 2143 parcendum
771 2066 910 2146 corpori,
944 2065 1058 2125 non-in

136 2148 255 2209 honore
282 2148 386 2226 aliquo
415 2148 453 2207 ad
477 2149 665 2209 saturitatem
688 2149 799 2210 caruis.
843 2149 927 2208 Ecce
952 2148 1058 2210 hidoth

136 2234 285 2292 rationem
308 2231 487 2310 sapientiae,
510 2230 564 2291 sed
596 2233 844 2310 superstitionem
873 2251 980 2292 revera
1008 2233 1059 2291 he·
1128 2297 1130 2301 7

137 2314 218 2376 bont.
262 2314 301 2374 lit
323 2314 428 2373 Petrus
451 2317 480 2377 2.
502 2314 581 2374 Petr.
605 2315 648 2377 3.:
678 2315 811 2374 Venient
831 2316 861 2374 in
885 2316 1059 2375 novissimis

138 2396 244 2459 diebus
272 2399 302 2457 in
327 2397 509 2476 deceptione
530 2396 686 2475 illusores,
716 2399 803 2457 iuxta
827 2399 966 2477 proprias
989 2417 1060 2459 cou-

138 2482 342 2560 cupiscentias
370 2478 562 2540 ambulantes
585 2485 641 2539 etc.
685 2479 796 2540 Nonne
818 2488 849 2541 et
871 2481 921 2541 hic
947 2489 1060 2541 utrum·

138 2582 195 2643 que
216 2564 320 2642 ponit,
353 2561 565 2642 deceptionem
588 2568 619 2622 et
640 2561 829 2637 illusionem,
852 2563 933 2641 quod
958 2564 1058 2625 verbis

137 2645 292 2726 decipiunt
320 2651 351 2705 et
372 2646 476 2726 specie
497 2644 642 2715 illudunt,
664 2646 791 2705 alterum
819 2644 995 2722 doctrinae,
1018 2645 1059 2706 al·

137 2736 232 2790 terum
257 2728 401 2807 operibus
434 2728 599 2807 deputans,
632 2729 710 2787 sicut
737 2737 768 2790 et
790 2729 901 2788 Paulus
923 2733 1060 2811 κυβείαν

136 2812 293 2874 doctrinae
316 2820 346 2871 et
367 2814 576 2895 πανουργίαν
598 2810 740 2890 operibus
764 2812 863 2887 dedit,
891 2811 972 2873 idem
996 2831 1059 2872 orn·

136 2896 208 2958 nino
230 2895 339 2955 volens
361 2914 416 2973 per
436 2894 610 2956 illusionem
633 2894 834 2975 deceptionis,
849 2894 933 2974 quod
949 2895 1058 2956 Daniel

89 2978 92 2988 '
136 2998 189 3058 per
211 2979 440 3058 propositiones
463 2996 516 3037 seu
539 2975 694 3058 hidoth.²)

217 3061 253 3122 ld
274 3079 397 3139 quoque
419 3060 655 3135 observandum,
677 3060 760 3139 quod
783 3062 843 3121 hoc
853 3061 1058 3140 participium,

113 3145 320 3221 intelligens,
342 3143 380 3203 ad
404 3143 546 3204 affectum
570 3151 600 3204 et
629 3143 761 3203 studium
790 3145 930 3223 pertinet.
979 3143 1057 3204 Nam
1171 3164 1175 3178 ¹

136 3227 248 3289 Daniel
271 3227 320 3289 ll.
343 3225 381 3284 de
403 3225 512 3286 eodem
534 3234 673 3288 monstro
696 3228 841 3305 loquens,
864 3233 897 3286 ut
918 3227 1057 3307 superius

135 3311 312 3383 retulimus,
344 3309 389 3369 sic
411 3308 497 3369 dicit:
529 3309 569 3369 Et
596 3310 636 3371 ad
658 3311 755 3370 Deum
779 3317 898 3390 petrum
933 3323 1057 3371 suorum¹

193 3613 221 3669 tt
242 3609 273 3663 Iu
294 3609 335 3664 ed.
354 3608 433 3664 den:
453 3615 484 3662 ut
503 3626 554 3663 nos
574 3609 719 3679 decipiant.

189 3683 267 3750 2)1n
288 3681 330 3736 ed.
353 3683 438 3750 orig:
460 3677 559 3764 mincip.
