2392 4170
456 254 536 311 Doct.
555 254 635 312 Mart.
653 254 733 313 Lutls.
997 255 1060 323 247

139 425 273 487 stitatsm
286 422 411 486 liberam
425 417 527 496 habet,
551 437 609 480 nsc
626 422 739 504 aliquid
753 445 868 507 sorum,
884 445 966 508 quoe
980 447 1061 496 nunc

142 509 191 570 isti
214 509 347 570 Minores
379 501 549 564 incredibili
576 501 731 584 hypocrisi
768 518 900 574 servant.
949 507 1060 574 ⁴Pinn'c

138 593 334 668 Franciscus,
356 607 424 650 cum
448 585 543 647 voluit
565 604 637 647 suos
660 591 698 652 ed
720 595 924 677 Evangelium
947 596 1062 674 vivers,

139 676 310 739 liberrimos
332 690 401 734 esse
424 669 521 730 voluit
553 675 615 730 tam
651 679 786 755 avotis,
820 699 912 760 quam
935 679 974 740 cb
991 699 1059 742 ‘om-

139 760 227 823 nibus
257 755 397 820 humanis
438 751 669 839 traditionibus,
706 765 740 822 ut
774 762 881 825 iratres
915 762 1059 840 Minores,

138 845 231 905 etiam
247 844 318 903 iure
341 839 388 901 sui
411 836 474 897 voti
497 845 528 896 et
549 841 686 916 regulae,
708 851 893 925 potestatem
916 845 1059 926 babeant,
1098 868 1101 874 ·

138 926 273 988 coelibes
297 933 327 987 et
349 941 410 984 non
424 917 558 980 coelibes
572 923 692 986 vivendi
717 937 748 989 et
770 929 914 991 manendi
936 929 967 988 in
990 947 1059 988 coe-

137 1011 236 1073 nobiis
258 1016 289 1070 et
311 1004 451 1068 omnibus
475 1003 537 1061 suis
561 1009 692 1085 statutis,
716 1012 861 1090 quamdiu
897 1011 1058 1087 voluerint,

138 1093 220 1156 aliud
253 1095 334 1155 enim
364 1105 466 1166 neque
494 1099 646 1152 voverunt
674 1113 775 1175 neque
808 1114 921 1156 vovere
953 1101 1059 1175 potue-

136 1182 221 1256 runt,
256 1178 308 1255 qui
330 1168 531 1250 Evangelium
566 1185 724 1241 voverunt.
774 1179 864 1240 Nunc
891 1197 966 1239 vero
1000 1178 1060 1259 hoo

136 1261 293 1322 bominum
317 1274 445 1339 genere,
482 1268 543 1332 quo
573 1258 647 1319 nihil
670 1263 806 1341 oportuit
834 1279 903 1322 esse
925 1261 1059 1339 liberius,

137 1343 211 1406 nibil
234 1346 281 1404 est
301 1339 394 1403 bodie
416 1335 658 1415 superstitiosius
681 1350 713 1405 et
724 1345 943 1425 scrupulosius,
966 1344 1059 1424 capti·

136 1446 208 1488 vum
230 1426 355 1487 infinitis
379 1420 514 1496 statutis,
548 1424 683 1486 articulis
712 1426 863 1507 aliquibus
886 1434 917 1488 ct
938 1427 1058 1507 puerili·

135 1510 192 1572 bns
213 1509 409 1590 ridiculisque
431 1501 644 1570 observantiis.
689 1510 795 1572 Falsus
817 1517 920 1572 tamen
944 1517 991 1570 est
1012 1511 1059 1571 vir

135 1600 260 1655 sanctus
279 1593 326 1654 vel
350 1585 544 1653 multitudiue
567 1596 830 1656 contemnentium
853 1593 1058 1674 Evangelium

135 1679 166 1738 in
189 1676 314 1754 mundo,
336 1676 387 1738 vel
409 1669 592 1750 operatione
614 1678 927 1759 erroneapepisticas
951 1675 1058 1737 contir-

137 1760 280 1821 mationis
303 1766 334 1821 et
345 1752 579 1839 approbationis
593 1767 712 1842 captus,
736 1769 768 1821 ut
781 1777 946 1823 commune
959 1759 1059 1820 Evan-

133 1843 247 1925 gelium
271 1843 389 1904 cunctis
411 1835 552 1899 fidelibus
573 1841 689 1904 faceret
711 1844 898 1925 singularem
920 1843 1058 1922 regulam

134 1945 320 2007 paucorum,
345 1933 376 1988 et
396 1919 478 2003 quod
503 1925 688 1987 catholicum
712 1946 779 1988 esse
800 1927 937 1988 Christus
952 1926 1058 2001 voluit,

134 2008 267 2072 traheret
293 2011 323 2071 in
354 2007 593 2071 schismaticum.
635 2010 716 2071 Nihil
745 2011 825 2071 enirn
852 2016 947 2071 vovet
966 2008 1060 2069 freter

134 2093 286 2169 Minorite,
310 2094 382 2155 dum
401 2107 487 2151 suam
510 2092 648 2172 regulam
662 2101 764 2172 vovet,
787 2112 878 2174 quam
892 2091 973 2171 quod
985 2092 1057 2155 -icm

133 2175 173 2236 ab
195 2177 281 2236 initio
318 2176 404 2237 vovit
433 2175 464 2232 in
504 2171 673 2257 baptismo,
712 2195 824 2257 nempe
845 2175 1057 2256 Evangelium.

134 2258 199 2318 Nisi
221 2259 247 2317 is
268 2258 358 2320 fuerit
385 2257 489 2336 potior
513 2275 598 2320 error
619 2260 789 2340 Francisci,
813 2259 895 2341 quod
919 2258 1059 2332 credidit,

134 2339 230 2401 multa
262 2341 292 2400 in
315 2337 487 2416 Evangelio
508 2339 649 2402 'Consilia
672 2362 756 2419 esse,
786 2351 819 2403 ut
840 2343 1058 2422 papisticarum

133 2422 307 2485 scholarum
331 2423 413 2502 sapit
424 2420 576 2502 impietas,
599 2443 678 2504 quae
695 2444 751 2504 per
771 2425 908 2505 regulam
931 2427 962 2485 in
976 2444 1059 2485 man·

133 2505 207 2567 data
228 2505 424 2568 transtulerit.
470 2500 560 2576 Quod
583 2525 637 2566 cur
658 2525 719 2567 non
732 2505 861 2568 tribuam
875 2511 970 2568 tanlo
982 2509 1059 2585 viro,

135 2589 229 2670 paulo
251 2597 323 2670 post
346 2588 456 2650 dicam.

217 2671 248 2734 Si
270 2674 374 2754 itaque
395 2671 567 2752 interroges
590 2671 775 2747 Minoritam,
797 2689 851 2731 cur
873 2669 998 2732 coelebs
1016 2670 1058 2728 vi·

133 2762 195 2831 vat,
217 2761 247 2817 et
269 2775 322 2816 cur
339 2752 503 2836 pecuniam
525 2773 588 2814 non
612 2760 792 2826 contrectet,
814 2772 883 2814 cum
906 2755 945 2814 sit
956 2752 1058 2814 Evan-

132 2837 204 2917 getii
227 2840 398 2918 professor,
422 2842 453 2897 et
475 2836 613 2899 Christus
636 2837 820 2898 coelibatum
843 2835 971 2898 liberum
990 2854 1060 2896 csse

132 2922 270 3001 iusserit,
304 2929 335 2982 et
362 2917 528 3002 pecuniam
560 2921 711 2997 tractarit,
740 2919 790 2980 vel
821 2921 852 2980 in
875 2920 1059 2981 nomismate

135 3004 287 3082 Caesaris,
310 3004 383 3085 quid
408 3002 623 3082 respondebit,
655 3003 714 3063 nisi
736 3021 806 3064 sese
829 3002 995 3066 observare
1017 3000 1059 3078 id,

134 3085 216 3164 qnod
239 3088 270 3147 in
292 3087 401 3168 regula
423 3087 603 3148 Franciscus
625 3085 792 3147 humanum
825 3086 926 3165 sapuit
960 3093 991 3145 et
1013 3090 1058 3164 ty-

134 3170 262 3231 rannide
284 3172 436 3250 papistica
450 3171 588 3233 vitiatum
603 3174 660 3248 est,
682 3168 712 3231 id
725 3187 808 3248 vero,
825 3167 907 3246 quod
923 3167 1058 3232 divinum

135 3253 235 3332 sapuit
260 3250 416 3333 (regulam
430 3273 517 3315 suam
540 3272 609 3314 esse
622 3251 857 3332 Evangelium),
880 3270 942 3311 non
956 3249 1058 3312 obser·

133 3335 232 3401 vere?
275 3336 369 3396 Vides
393 3354 467 3416 erge
491 3336 840 3411 demonstretumesse,
862 3333 1058 3396 Francisoum

134 3425 166 3478 ut
187 3418 342 3480 bominem
365 3437 485 3480 errasse
506 3420 537 3479 in
561 3417 725 3487 condenda
747 3417 855 3497 regula
876 3436 938 3478 sua.
979 3415 1059 3491 Quid

136 3502 216 3562 enim
239 3508 287 3562 est
305 3501 421 3563 dicere:
465 3492 723 3581 Regula'iratrum
737 3501 888 3561 Minorum
900 3505 948 3561 est
959 3499 1059 3560 Evan-

133 3583 264 3665 gelium,
286 3603 378 3663 quem
400 3591 552 3658 statuere,
585 3583 670 3646 solos
702 3584 810 3645 cauea
831 3580 967 3644 Minores
989 3600 1058 3642 csse

135 3666 346 3730 Christianos?
388 3667 422 3731 Si
444 3670 525 3729 euim
544 3667 746 3748 Evangelium
771 3685 876 3728 eorum
898 3664 1055 3747 proprium

134 3755 192 3830 cst,
215 3750 289 3812 nulli
311 3756 383 3814 sunt
395 3750 560 3813 Christiani
572 3756 696 3832 praeter
707 3750 852 3831 Minores,
862 3802 865 3809 ,
874 3767 943 3829 cum
958 3747 1058 3808 idian-
