2392 4170
178 248 243 316 250
320 252 496 320 Responsum
515 250 646 305 Friduriui
665 251 750 304 Ducis
768 251 904 304 Saxonias
923 255 973 303 stc.
1006 269 1008 273 ·

179 405 368 468 Runsnsteiu
383 402 423 483 ¹),
446 405 496 466 ubi
519 407 548 465 in
572 414 724 469 conventu
747 406 899 488 imperiali
920 405 1104 469 deLuthero

180 509 281 552 sermo
304 488 467 568 incideret,
490 490 546 565 uit,
581 491 632 551 vix
653 499 726 572 post
747 490 986 571 quadringentos
1008 508 1107 553 nunus

125 602 127 605 ·
180 573 304 634 tsndem
328 591 419 632 uuum
435 573 600 636 Ductorem
622 593 695 636 vere
709 575 913 635 Christianum
937 575 1108 646 emersisse,

180 663 282 717 tumen
305 655 482 736 pontificem
500 657 671 717 Romanurn
695 659 810 733 sonari,
834 665 867 717 ut
888 658 969 717 huns
990 679 1009 718 a
1031 657 1108 716 vivis

181 739 337 817 auferam
1074 790 1077 795 .

267 823 404 902 Magistri
427 823 525 883 nostri
543 823 744 883 Lovsuiensis
767 823 954 883 Academiae
977 823 1015 883 D.
1032 823 1110 884 Mur·
1165 819 1166 823 ’

182 907 322 988 gurithae
345 908 504 984 conquesti
528 915 607 981 nunt,
630 906 793 967 Lutherum
813 909 985 966 universum
999 907 1110 987 Remp.

183 991 388 1054 Christianam
423 990 484 1048 suis
507 991 627 1068 seriptis
650 997 795 1051 evertere.
836 990 970 1068 Rogavit
990 989 1112 1065 Beroia,

185 1093 277 1153 quem
302 1072 465 1132 Lutherum
489 1072 645 1132 dicerent?
678 1073 739 1132 lllis
770 1082 871 1132 autem
900 1072 1111 1152 respondenti·

184 1157 257 1234 bus,
293 1155 448 1215 indoctum
489 1174 557 1215 esse
591 1156 793 1230 monachum,
830 1156 969 1217 retulisse
1000 1157 1110 1216 fertur:

182 1239 316 1302 Scribite
336 1239 421 1298 muiti
444 1238 525 1298 docti
545 1238 692 1299 adversus
714 1238 870 1298 inductum
894 1259 997 1313 unum,
1019 1247 1113 1317 utque
1162 1252 1164 1260 '

182 1323 290 1403 procul
312 1322 405 1382 dubio
429 1322 497 1400 plus
520 1321 601 1381 urbis
625 1321 792 1382 crediturus
808 1332 852 1382 est
877 1321 975 1383 <iustis
998 1321 1112 1398 multis,

181 1425 272 1486 quam
296 1405 420 1466 inducto
444 1406 505 1467 uni.

262 1656 294 1716 1)
318 1654 346 1705 ln
370 1654 482 1707 libello:
507 1653 764 1724 Osculampadii
784 1654 949 1706 iudicium
977 1652 1016 1707 de
1036 1655 1113 1706 Mur-

182 1729 264 1780 tiuo
284 1725 439 1780 Luthero
462 1725 633 1792 (stetu),
652 1729 681 1778 in
700 1728 770 1778 tine:
788 1727 835 1778 Ex
854 1725 994 1794 Liptzia
1019 1726 1112 1790 1520,

184 1799 231 1852 hin
252 1801 296 1849 vir
316 1797 415 1850 nubilis
436 1799 607 1851 nominatur:
626 1796 808 1850 Dominusde
827 1798 1004 1852 Roneustein.
1025 1797 1052 1863 2)
1064 1798 1114 1852 tbi·
1156 1824 1160 1846 r

184 1869 248 1924 dsm
271 1870 372 1923 denunt
390 1871 471 1923 verba
501 1869 599 1920 iudea
619 1867 742 1922 Comes
767 1869 806 1923 de
824 1870 952 1922 Nassau
974 1869 1113 1937 usquead

182 1944 323 1994 auferat.
363 1948 364 1951 ’
1090 1952 1095 1959 ·
