2392 4170
344 274 467 331 moenia
487 274 663 332 intomianee
678 273 731 335 eit.
942 269 1005 341 403

85 436 188 490 motae
208 444 232 490 a·
250 446 357 505 aaran,
390 439 451 491 tum
481 431 554 491 nihil
583 430 621 493 de
649 446 754 495 aarum
783 439 863 493 elatu
891 438 1005 493 teaten-

84 513 166 574 libne
187 514 369 594 seripturis,
388 534 456 574 aum
479 517 574 576 veiint
596 518 698 577 omnia
722 532 822 598 papae
845 522 876 577 et
896 533 952 576 eua
974 515 1005 576 in

83 594 247 678 Deripiurie
270 599 419 658 contineri
441 597 571 662 abunde.
647 624 648 628 ¹

166 679 226 740 Sed
255 682 406 755 ainamue,
441 697 575 761 quaeso,
606 680 768 762 Sophietae
801 698 904 741 murae
931 696 1005 741 enon

82 763 220 844 implere,
244 766 445 842 nequeenim
469 782 523 824 eoa
545 763 853 846 praeierhypeoriain
876 771 906 824 et
927 763 1003 824 edu·

54 902 56 913 ,
83 845 229 906 lationem
254 856 285 906 et
306 847 498 909 mendacium
521 848 686 929 quidquam
708 855 793 908 reete
814 847 911 908 deuel.
952 844 1004 906 Vi-

82 927 210 990 deamue
230 931 398 1010 sapientem
422 932 519 990 vinum
547 931 603 989 eibi
624 946 749 1010 senem,
778 931 828 1010 qui
858 937 918 990 trae
940 942 1004 991 moi

81 1010 138 1073 doa
160 1013 355 1095 praeseribit:
387 1015 518 1093 primus,
541 1023 574 1072 ut
595 1013 750 1093 Prineipee
773 1020 804 1072 et
826 1012 1003 1074 Communi·

81 1102 160 1155 tatae
180 1097 322 1156 deeinant
342 1097 502 1177 postulare
523 1097 648 1171 intaeta,
679 1104 712 1156 et
740 1114 819 1175 quae
848 1096 926 1156 ultro
950 1094 1003 1156 ob·

82 1177 145 1239 lata
165 1178 266 1239 terent
287 1179 467 1258 reliutanda,
496 1189 558 1241 tum
589 1182 646 1259 ipei
670 1180 800 1260 primum
821 1179 1004 1260 incipiamus

80 1276 203 1339 earere,
232 1263 363 1341 quaein
386 1281 467 1343 papa
488 1260 753 1343 reprehendimus,
775 1280 845 1322 anm
867 1261 1005 1322 ineoiena

80 1345 119 1404 eit
142 1346 246 1404 vitium
269 1348 299 1405 in
323 1347 461 1426 principe
489 1364 550 1405 nou
574 1346 667 1423 terre,
690 1363 752 1424 quo
773 1347 839 1426 ipae
861 1345 1001 1422 labarae,

80 1427 157 1489 altar
185 1427 295 1488 modae
332 1441 379 1489 eet
411 1430 526 1506 oratio,
559 1431 664 1488 tertius
700 1428 872 1491 tolerantia.
916 1427 1004 1488 liaeo

80 1509 130 1572 ille
152 1513 284 1592 sapiens.
346 1534 349 1539 ⁴
681 1528 684 1533 ·

163 1594 280 1654 Primus
304 1610 378 1674 erge
401 1602 447 1653 eet
463 1594 571 1654 niodue
585 1595 751 1676 optativue,
773 1594 892 1654 anitiaet
913 1595 1000 1672 eogi-

80 1677 155 1738 tatio
179 1677 346 1756 quaedam,
369 1684 401 1737 ut
421 1675 610 1757 aegitaniae,
649 1678 783 1758 exempli
807 1677 923 1757 gratia:
968 1675 1002 1736 Si

80 1761 184 1820 eeinue
200 1761 327 1839 volaret,
351 1762 455 1820 aeinue
467 1759 733 1841 haberetpennaa,
755 1761 1000 1839 itaoogiternaa:

79 1841 110 1904 ei
133 1860 225 1904 nemo
247 1845 417 1924 postularet
437 1845 573 1924 indigua,
595 1861 676 1924 papa
696 1843 783 1903 fieret
796 1843 915 1907 aielior.
938 1841 1002 1903 (lar

79 1935 182 1986 autem
205 1945 267 1987 non
291 1929 380 1988 etiam
405 1927 450 1986 eie
473 1928 663 2008 cogitemus:
692 1926 827 2010 Sinope
849 1938 882 1984 ee
902 1926 1001 2005 ipaum

78 2009 276 2090 emendaret,
308 2017 371 2070 tum
393 2029 485 2071 nemo
513 2011 670 2091 pertulere
693 2008 818 2070 auderet
848 2007 1007 2088 indignat·
1096 2052 1098 2056 <

78 2091 138 2153 eeu
168 2093 241 2172 quid
271 2092 327 2153 liet
360 2095 389 2152 in
425 2093 489 2172 iiia,
518 2093 572 2154 ubi
605 2112 689 2175 papa
713 2091 812 2172 (qued
837 2092 1000 2172 plurimum

79 2175 167 2252 feeit)
193 2194 252 2237 non
277 2177 467 2256 postuletne,
501 2177 554 2238 aed
578 2179 704 2259 proprio
738 2176 841 2236 terere
864 2175 999 2236 inaauiti

79 2266 155 2337 turn,
179 2259 420 2339 quodomnium
444 2263 609 2320 maximum
634 2267 690 2332 eet,
714 2259 914 2339 Euangeliou]
938 2276 1001 2318 neo

79 2351 176 2422 aurel,
199 2349 230 2404 et
250 2344 365 2403 nulium
383 2343 537 2424 pontilicis
552 2343 685 2403 efficium
700 2343 771 2402 laeit
788 2347 816 2405 1.
829 2341 999 2405 dimotae.

79 2426 288 2507 deeoriptum?
312 2429 359 2486 An
372 2425 484 2487 euifieii
495 2427 544 2487 hie
555 2427 703 2506 negitare,
727 2426 752 2486 ei
769 2444 861 2486 uerna
874 2425 1001 2504 indigna

79 2511 276 2589 postularet?
311 2511 373 2570 lam
396 2528 500 2570 nonne
524 2529 578 2590 per
605 2516 701 2570 totum
726 2508 830 2568 orbem
853 2509 1000 2589 ite-augi·

80 2603 191 2670 tamus,
212 2611 274 2654 non
299 2593 392 2653 modu
415 2593 498 2673 qued
521 2595 644 2674 eapieua
667 2592 771 2669 diota-t,
794 2591 847 2651 aad
872 2590 901 2650 id
925 2608 998 2670 que·

79 2692 149 2755 que,
173 2677 256 2756 quod
279 2696 339 2758 ego
362 2676 482 2737 adieeii
519 2677 594 2753 Quis
617 2678 698 2738 enim
733 2692 794 2739 non
826 2692 865 2734 ea
886 2673 998 2754 optat?

80 2760 215 2839 Atquid
238 2767 340 2840 petest
366 2761 521 2841 ariipliua?
555 2759 630 2835 Quis
664 2761 744 2819 enim
771 2765 921 2836 (excepta
943 2756 999 2816 Dei

80 2844 206 2914 virtute,
241 2862 330 2924 quam
365 2844 394 2902 in
432 2844 568 2903 seeundo
606 2842 698 2903 medo
739 2859 795 2922 peu
829 2841 999 2900 orationem

80 2927 184 3006 quaeri
217 2925 326 3008 dooet)
357 2927 513 3006 Principes
545 2935 576 2985 et
599 2925 856 2986 communitatee
876 2921 1000 2984 teneat?

80 3027 137 3069 nee
159 3011 220 3071 hoe
242 3010 384 3084 eonsulit,
408 3018 440 3070 ut
461 3011 528 3088 quie
552 3016 663 3087 tentet,
685 3009 801 3068 eeiliaei
825 3006 926 3066 Prinei
949 3025 999 3067 un

79 3100 108 3152 et
130 3093 315 3173 populorum
339 3094 430 3173 eulpa
452 3100 516 3170 eet,
538 3106 650 3173 papam
672 3110 741 3151 eeee
763 3090 885 3151 malum.
919 3027 999 3166 guin

79 3177 268 3256 eogiternue,
291 3178 315 3235 ai
338 3175 481 3237 diabolus
502 3194 572 3235 eum
597 3176 718 3235 deaiaat
740 3176 892 3253 equitare,
914 3172 1003 3233 lieret

79 3258 189 3336 bonus,
212 3271 243 3322 et
264 3263 293 3320 in
308 3259 462 3320 diabolum
477 3269 685 3339 torqueamus,
704 3257 793 3337 quod·
806 3275 888 3337 pepe
902 3255 1001 3316 maiae

78 3350 131 3404 eet.
176 3346 245 3406 Heu
267 3343 395 3404 coneilio
418 3362 527 3424 poeeee
550 3344 592 3402 uti
615 3349 646 3402 et
665 3359 722 3422 pro
736 3345 776 3420 ta,
798 3347 829 3400 et
847 3340 1001 3420 cogitare:

80 3427 194 3489 utinam
218 3426 269 3487 hie
291 3435 321 3487 et
341 3426 446 3494 tuturo,
475 3426 582 3486 beatus
612 3428 685 3502 aim3
720 3425 777 3484 iate
800 3425 879 3483 euim
914 3428 1000 3483 earet

79 3501 217 3587 optimusl
237 3511 346 3570 modus
368 3509 565 3590 perveniendi
588 3512 618 3568 in
641 3507 773 3569 eoelum.

107 3614 109 3619 ·
161 3595 257 3674 Igitur
279 3595 408 3674 primum
421 3593 580 3656 eonsilium
605 3594 694 3652 liuius
706 3591 853 3670 sapientie
869 3588 998 3651 ruaudus

78 3679 205 3738 exeedit
227 3679 328 3739 etiam.
372 3676 435 3736 lam
459 3696 513 3756 pro
543 3695 604 3755 quo
628 3675 726 3755 magia
749 3684 853 3734 oratur
875 3673 997 3753 ubique,

79 3779 171 3844 quam
195 3780 251 3842 pro
263 3759 366 3841 papa?
390 3760 464 3819 ilem
479 3761 563 3820 enine
579 3760 715 3840 tyrannia
727 3758 874 3821 toleretur
888 3774 1000 3839 aeque·

762 3841 832 3908 26*
