2392 4170
127 248 198 321 aaa
350 252 507 320 maenum
526 249 560 306 u.
577 252 614 307 u.
631 228 667 304 u?
680 249 718 305 aa
734 251 836 306 sunm

136 414 289 469 nortuum
311 413 343 466 et
365 405 403 465 de
426 406 552 465 mortuis
574 424 612 464 ac
633 405 794 467 damnatisl
838 404 938 482 Quem
957 403 1059 484 agol

135 488 249 551 Lumen
278 488 352 549 illud
382 498 509 548 naturae
530 488 648 549 scilicet
669 489 883 566 Aristotelem,
911 490 963 566 qui
985 507 1060 548 sera

135 559 328 648 ἆτ’τολλύων,
349 571 380 630 in
402 580 459 649 est,
478 572 608 650 perdens
631 580 662 631 et
684 580 820 632 vastator
843 572 1004 649 eeclesiae,
1021 571 1057 632 -ia

138 652 394 716 Universitatibua
408 663 524 735 regnat.
567 653 675 734 Neque
698 656 778 713 enim
799 655 1060 734 digmsentno

137 739 245 799 minari
266 741 297 799 in
319 738 415 797 saeris
434 737 531 798 literis
551 756 617 797 suo.
637 739 769 798 nomine.
812 738 953 798 Diximus
973 740 1058 798 enin

138 820 280 900 angelum
304 820 478 900 significare
500 820 658 881 doctorem
680 821 710 879 in
739 820 881 884 eeclesia„
924 820 965 880 Et
990 839 1058 881 esr-

136 912 197 965 tnm
229 912 292 977 est,
324 904 520 964 Aristotelem
552 913 702 963 mortuum
733 912 763 962 et
788 904 964 964 damnatum
986 922 1059 971 ene

135 986 294 1048 doctorem
317 985 408 1047 hodie
430 989 565 1047 omnium
590 986 827 1047 Universitstum
848 989 947 1066 magis
965 1005 1058 1066 qaam

136 1068 299 1134 Christum.
346 1067 426 1144 Quia
456 1073 620 1130 autoritate
647 1079 677 1128 et
704 1068 806 1129 studio
831 1069 969 1130 Thence
994 1069 1059 1131 ela-

138 1161 227 1214 vstus
249 1160 367 1232 regnat,
389 1155 575 1213 resuscitans
597 1151 722 1212 liberam
745 1151 914 1228 arbitrium,
940 1152 1057 1219 daem

136 1239 263 1297 virtutes
287 1235 420 1313 morales
443 1247 473 1295 et
502 1235 727 1315 philosophiam
751 1236 931 1311 naturalem,
953 1242 987 1296 e't
1004 1237 1057 1297 tri·

136 1339 209 1400 ceps
231 1319 347 1379 scilieet
369 1319 530 1392 Cerberus,
551 1320 614 1378 imo
637 1319 771 1397 trioopor
792 1317 922 1380 (lerion.

217 1402 299 1461 Ecce
309 1403 438 1482 primum
451 1403 526 1478 Vae,
542 1401 625 1480 quod
637 1401 827 1462 deltnmauo
846 1401 1057 1482 pontiilceha·

137 1485 188 1545 bet
210 1485 356 1560 ecclesia,
389 1504 443 1564 per
466 1485 665 1544 ministerium
688 1483 719 1545 S.
740 1485 895 1562 Thoosae,
928 1503 1058 1563 quaerum

35 1611 42 1617 ,
135 1586 204 1629 oum
224 1568 331 1629 fuisset
353 1568 430 1627 haec
451 1570 585 1628 maxime
612 1567 775 1646 prohibere
797 1576 828 1627 et
848 1570 1057 1648 exstinguere,

135 1653 192 1731 ipsi
216 1652 350 1715 maxime
374 1659 537 1711 erexerunt
559 1661 590 1710 et
611 1650 831 1711 stabiliverunt·
875 1651 943 1730 Die,
964 1652 1056 1713 sanie

136 1735 212 1794 sime
235 1735 348 1813 lector,
370 1753 409 1794 an
431 1752 492 1793 non
515 1734 594 1794 istas
620 1733 715 1793 lacios
743 1736 806 1794 sint
832 1733 924 1794 bodie
948 1735 982 1793 in
1011 1752 1059 1796 aa

136 1817 229 1880 clasis
251 1818 362 1897 puppis
388 1817 488 1897 (quod
510 1818 613 1894 siunt)
638 1825 668 1876 et
688 1816 801 1896 prora?
843 1817 955 1876 Nonae
974 1816 1060 1879 heae

135 1909 215 1983 eunt,
239 1909 272 1960 nt
294 1899 469 1979 philosophi
491 1901 611 1974 dicunt,
634 1901 763 1960 materia
787 1909 817 1959 et
839 1900 993 1960 obtentum
1010 1902 1059 1961 ia·

134 1986 177 2045 ris
212 1982 382 2045 canonio?
426 1981 505 2057 Quid
540 1984 661 2042 discunt
693 1983 829 2042 infelices
858 1982 1059 2061 canonistas,

136 2067 194 2132 uisi
216 2067 323 2127 harum
347 2066 491 2125 facierum
515 2085 569 2144 per
587 2066 727 2126 homiues
740 2068 1058 2146 impioeinventsrm

135 2159 166 2211 at
187 2158 367 2210 statutarum
391 2149 628 2227 observantiam,
651 2168 732 2228 quae
753 2167 878 2229 prorsus
907 2150 1060 2210 nihilne

135 2250 195 2310 que
215 2231 256 2293 ad
280 2232 387 2305 Deum,
411 2233 570 2310 nequead
595 2232 757 2292 ecclesiam
789 2231 942 2312 pertinet?
986 2232 1060 2293 Rar-

135 2334 196 2392 sus,
220 2314 285 2392 dia,
319 2315 345 2374 si
368 2334 460 2373 unum
496 2333 573 2393 opus
607 2316 720 2374 bonum
743 2317 772 2374 in
808 2316 854 2375 his
876 2316 1059 2394 inveniatur,

137 2396 219 2477 quod
243 2396 326 2463 Deus
349 2400 550 2477 praeceperit.
592 2397 674 2477 Lege
696 2400 743 2458 ius
757 2407 854 2459 totum
866 2398 1059 2458 (laconicum

135 2490 165 2540 et
188 2480 298 2560 profer,
320 2481 444 2559 quando
468 2482 625 2541 Romanus
647 2490 700 2541 aut
722 2482 800 2542 alins
822 2483 989 2561 episcopus
1019 2482 1057 2543 etl

135 2564 297 2644 Evangelii
325 2562 459 2624 officium
490 2564 633 2642 urgetur?
675 2564 788 2626 Omnia
817 2565 855 2625 de
877 2566 1076 2625 iurisdietio·'

134 2649 233 2724 nibus,
245 2647 319 2707 nihil
332 2647 370 2706 de
393 2648 486 2708 verbo
511 2648 567 2708 Dei
591 2650 742 2727 statuitur,
766 2668 834 2708 cnm
849 2657 951 2708 tamen
976 2649 1059 2708 nulla

134 2749 258 2811 prorsus
280 2751 313 2790 re
335 2749 412 2810 opus
436 2732 490 2805 sit,
513 2749 605 2810 quam
638 2732 733 2791 verbo
757 2733 813 2791 Dei
847 2733 877 2790 in
915 2732 1057 2792 ecclesia.

135 2817 176 2874 At
196 2813 257 2875 hoo
277 2815 446 2893 capellanis
468 2824 498 2873 et
519 2815 710 2891 terminariis,
733 2824 764 2874 et
785 2834 846 2893 quo
869 2816 936 2894 quis
953 2814 1059 2876 iudos·

136 2898 194 2959 tior
216 2907 246 2956 et
267 2898 371 2958 rudior
394 2906 451 2974 est,
473 2897 660 2977 relinquitur.
948 2955 962 2982 θ

217 2979 315 3042 Ovae
326 2980 390 3055 tibi,
410 3000 500 3060 papa,
519 3000 575 3041 vae
591 2980 678 3041 vobis
691 2979 915 3057 Cardinalibus‚
934 3001 992 3043 vae
1008 3001 1059 3044 ro·

136 3060 181 3121 bis
214 3065 378 3143 episeopis,
412 3083 468 3123 vae
502 3063 590 3126 vobis
619 3064 841 3140 sacerdotibus,
880 3084 936 3124 vae
968 3065 1059 3127 vobis

136 3148 293 3209 monachis
327 3157 357 3207 et
389 3149 445 3207 toti
477 3146 576 3207 ordini
606 3148 826 3208 eeclesiastico.
870 3146 946 3223 Quis
968 3149 1058 3209 vobis

136 3231 318 3291 monstrabit
344 3230 450 3308 fugere
471 3249 490 3289 a
513 3239 639 3291 ventura
663 3241 692 3290 et
714 3233 847 3290 instante
868 3229 933 3290 ira?
976 3229 1059 3307 Quid

134 3313 359 3393 respondebitis
381 3327 446 3392 pro·
460 3312 562 3374 alticio
585 3314 677 3389 verbi,
689 3314 770 3394 quod
794 3314 928 3373 subiistis
941 3321 973 3375 et
995 3332 1058 3376 noa

134 3396 305 3475 implestis?
347 3395 491 3475 Nunquid
519 3397 570 3457 ille
602 3398 736 3477 triplices
764 3415 914 3473 coronae,
947 3398 1058 3478 pileos,

133 3480 260 3556 inlulas,
292 3479 440 3557 annulos,
470 3501 595 3555 aurum,
626 3500 789 3560 purpuram
813 3487 844 3539 et
866 3498 975 3541 omnes
995 3482 1058 3542 im

132 3561 231 3637 dietas
254 3563 347 3622 facies
370 3564 565 3643 acceptabit?
609 3563 675 3623 Stat
703 3565 855 3622 sententia
885 3560 963 3640 lixa,
995 3582 1057 3625 non

131 3645 257 3724 respicit
291 3646 321 3705 in
357 3646 465 3705 laniem
489 3647 657 3706 hominum.
702 3645 853 3720 Quocirca
895 3645 1056 3714 consilium

133 3727 245 3790 Christi
266 3728 382 3805 audim,
402 3730 455 3809 qui
476 3737 590 3812 potest,
612 3730 663 3790 ubi
687 3729 778 3793 docet
800 3729 887 3792 blatt.
910 3730 967 3796 24:
1004 3729 1058 3792 Fu·
