2392 4170
150 218 214 293 iot
547 224 694 300 ΔΜΒ

150 398 206 464 sed
228 399 454 485 quibusdatmu
476 406 539 482 αἱς
560 410 592 465 et
613 411 740 485 posteat
761 401 820 480 our
837 410 1073 487 potaateapare,

150 487 265 568 capiet.
312 486 373 551 Ubi
405 486 545 550 Obristua
579 505 643 549 uon
684 487 779 550 modo
817 507 880 551 non
916 490 1072 570 praecepit

151 570 347 673 coelibatum,
368 570 424 635 sed
445 570 630 652 significavit
651 572 744 634 etiam
756 590 820 633 unu
841 591 935 653 ponae
956 574 1074 671 contin-

149 672 256 801 ie‘ir‘eii
271 653 608 819 ldgbeffnlllqldililen
616 655 1073 819 priiriiiscanicadliilidut'doerdli3

149 820 245 904 baini,
267 823 392 904 qnando
413 842 476 885 nou
500 823 655 899 omnium,
687 821 742 884 aed
765 841 933 903 pancorum
955 822 1072 885 donum

147 914 315 988 perpetuae
336 907 546 969 continentiae
568 925 637 967 ease
658 906 796 967 Christus
817 905 976 987 significat.

229 990 342 1053 Paulus
352 989 437 1053 velut
451 1008 613 1070 exponens
631 989 744 1052 Christi
763 992 947 1051 sententiam
969 993 999 1053 1.
1011 989 1071 1053 Co

25 1070 30 1080 '
148 1072 238 1138 rintb.
259 1078 289 1139 7.
312 1073 422 1137 eadem
442 1072 593 1154 prolixius
614 1080 645 1134 et
663 1074 820 1153 copiosius
841 1072 942 1138 docet.
969 1070 1073 1137 Notus

146 1154 236 1219 locus
257 1164 321 1221 est:
350 1156 569 1238 Unusquisque
591 1159 747 1237 proprium
776 1156 889 1219 donum
914 1156 1009 1218 habet
1030 1177 1072 1219 ex

147 1238 225 1322 Deo,
246 1257 327 1305 nnus
339 1240 463 1323 quidem
476 1243 531 1317 sic„
555 1240 634 1303 alins
649 1260 723 1302 vero
746 1241 808 1318 aic;
829 1247 859 1301 et
879 1241 1072 1322 paulopost:

145 1320 178 1385 ti
214 1326 373 1407 acceperis
410 1344 563 1401 uxorem,
601 1342 663 1384 non
692 1325 844 1405 peccasti3
878 1334 910 1384 et
936 1324 1074 1405 tandem,

145 1408 234 1487 quari
256 1410 333 1471 mire
344 1408 505 1483 sollicitus,
520 1426 558 1468 ne
569 1406 724 1469 rideretur
735 1408 859 1487 exigere
874 1407 1072 1485 coelibatum,

145 1488 281 1554 subiicit:
303 1490 363 1554 llic
378 1499 462 1554 totns
484 1511 584 1552 sermo
608 1510 694 1552 meus
706 1490 745 1552 ad
759 1490 918 1552 utilitatem
935 1499 1071 1553 vestram

144 1574 275 1656 scriptus
296 1582 352 1655 est,
374 1594 436 1637 nou
462 1581 495 1634 nt
519 1573 606 1634 vobis
629 1574 771 1653 laqueum
794 1574 938 1652 inficiam,
959 1573 990 1634 id
1012 1584 1070 1653 est,

144 1676 185 1719 ua
204 1658 344 1739 captivos
365 1659 477 1721 faciam
499 1657 551 1717 ulli
580 1659 684 1738 generi
707 1659 797 1719 vitae.
841 1657 935 1733 Vide,
958 1657 1071 1720 Paulus

143 1747 276 1827 yeretnr,
298 1762 354 1823 ne,
376 1742 402 1803 ai
423 1742 529 1822 exigat
551 1740 753 1821 coelibatum,
778 1741 920 1820 laqueum
943 1742 1069 1804 inliciat

144 1820 311 1900 Quomodo
332 1826 425 1907 igitur
446 1823 627 1886 Pontificum
651 1824 690 1885 de
712 1823 867 1885 coelibatu
889 1823 1071 1886 traditiones

144 1906 341 1985 venonium,
363 1909 423 1970 nisi
444 1926 506 1969 uon
529 1906 675 1988 laqueos,
706 1909 793 1968 iuxta
815 1927 931 1968 morem
954 1907 1071 1971 Pauli?

223 1990 289 2053 lam
319 1992 352 2053 iu
377 1990 424 2052 bis
453 1989 569 2052 verbis:
603 1990 712 2051 Melius
743 1996 791 2051 est
823 1990 939 2052 nubere
976 2011 1069 2071 qnam

141 2074 198 2153 uri,
220 2075 318 2156 exigit
333 2073 512 2155 Apostolus,
536 2080 568 2134 ut
589 2072 715 2151 nubant,
739 2074 791 2152 qui
806 2080 943 2151 uruntur,
964 2074 996 2135 id
1011 2082 1068 2155 eat,

145 2156 196 2237 qui
223 2158 357 2219 intorem
391 2157 491 2218 caruis
513 2157 698 2236 sentiscunt,
721 2176 791 2217 nam
825 2155 855 2215 id
888 2172 980 2218 vocat
1011 2159 1067 2220 uri.

142 2237 243 2301 Donet
264 2247 367 2303 autem
389 2240 450 2302 duo
462 2259 579 2320 genera
600 2240 840 2317 essecaatitatis,
863 2240 1068 2317 alterum,ubi

142 2338 211 2383 cum
233 2322 365 2385 dammis
387 2324 488 2386 caruis
517 2323 675 2383 simulatur
705 2324 844 2400 castitas,
867 2323 995 2384 alterum
1020 2323 1066 2384 di·

141 2404 254 2467 uiuitur
275 2405 374 2490 datur,
396 2408 444 2468 cui
466 2404 542 2467 nihil
564 2423 633 2466 cum
656 2407 716 2466 isto
729 2406 822 2466 solito
845 2406 955 2468 lurore.
978 2405 1067 2484 Quae

139 2487 211 2567 qnid
234 2491 344 2554 attinet
363 2489 463 2551 verbis
485 2488 663 2549 clarioribus
687 2488 875 2570 depingere?
910 2489 1064 2551 Prioribus

137 2573 263 2652 nuptiae
274 2574 472 2656 imperantur,
495 2572 680 2652 posteriores
703 2580 774 2632 aunt
795 2572 960 2651 dequibus
979 2571 1064 2635 chri·

138 2654 258 2725 atus*t:
285 2657 355 2720 Nou
378 2675 486 2719 omues
509 2655 649 2736 capiunt,
671 2654 723 2715 sed
747 2654 855 2734 quibua
878 2655 982 2715 datum
1006 2664 1062 2718 est.

221 2739 248 2803 0
271 2741 386 2803 utinam
402 2742 461 2800 ista
475 2738 734 2813 considerassent,
758 2740 808 2817 qui
821 2738 1060 2799 abominabilem

137 2819 238 2902 legem
267 2822 305 2885 de
333 2822 487 2885 coelibatu
509 2831 693 2897 sanxerunt,
722 2822 773 2900 qui
801 2821 994 2902 pellexerunt
1021 2823 1060 2882 ad

137 2904 328 2983 sacerdotia,
357 2907 396 2968 ad
426 2906 613 2967 monasteria
649 2904 831 2965 imbecillem
860 2906 1061 2968 iuventutem.

135 2982 203 3051 Neo
233 2990 444 3069 permittemus
474 2988 551 3049 haec
581 3007 601 3048 a
629 2987 750 3049 Christo
782 2994 813 3047 et
847 2988 942 3049 Paulo
973 2988 1061 3049 laicis

135 3076 253 3133 tautum
276 3071 359 3134 dicta
374 3091 453 3152 esse,
476 3070 530 3132 aed
544 3070 583 3132 ad
598 3070 774 3132 sacerdotes
791 3072 882 3131 etiam
896 3073 1060 3151 pertinere,

133 3152 209 3214 satis
231 3163 362 3237 arguunt
390 3155 451 3218 loci
483 3153 526 3215 illi
556 3154 586 3214 iu
617 3153 749 3234 epistole
770 3154 863 3233 priori
893 3153 933 3215 ad
955 3155 1058 3216 Timo·

133 3232 260 3321 deum,
290 3244 322 3300 et
343 3240 372 3300 in
396 3258 453 3314 aa,
482 3254 561 3318 quae
590 3235 629 3297 ad
651 3237 752 3298 Titum
780 3237 891 3318 scripta
915 3247 977 3316 est,
1008 3238 1058 3298 ubi

132 3316 244 3382 Paulus
266 3320 404 3401 vnlt**),
425 3322 602 3403 episcopum
625 3320 713 3380 unius
735 3321 841 3381 uxoris
865 3322 960 3380 virum
977 3340 1057 3402 esre,

132 3399 212 3464 illios
235 3403 399 3467 habentem
423 3405 563 3468 subditos
588 3404 761 3464 cumomni
784 3404 933 3464 castitate.

213 3485 262 3549 llx
289 3486 336 3549 hia
359 3488 433 3550 satis
457 3494 605 3570 apparet,
633 3487 754 3567 nuptias
777 3505 838 3547 non
863 3505 930 3546 esse
953 3487 1054 3567 prohi-

130 3563 209 3631 bitas
222 3569 434 3633 sacerdotibus
456 3573 522 3634 iure
535 3567 651 3650 divino,
675 3576 706 3630 et
718 3576 841 3630 constat
862 3590 900 3628 ex
919 3568 1054 3634 historiis

129 3696 551 3718 ᾖ*

202 3740 235 3818 ·)
255 3744 351 3809 unte
370 3746 395 3807 a.
436 3746 485 3819 ⁶⁸³)
507 3751 531 3808 1.
550 3747 669 3817 umori.
691 3751 716 3809 s.
735 3749 788 3807 uu.
808 3753 833 3809 1.
