2392 4170
395 255 432 312 D.
452 256 486 310 ll.
504 256 587 313 Lnth.
606 253 791 310 Praslndiam.
896 255 903 266 '
1016 252 1058 319 43

141 409 173 470 ob
198 409 280 471 hano
309 430 373 471 rem
407 411 490 472 nulla
517 430 551 471 re
579 410 677 491 magis
706 427 783 488 opus
813 428 880 469 esse
910 407 1057 470 audituris

140 494 273 567 missam,
302 513 395 573 quam
425 502 458 554 ut
478 496 545 575 ipsa
575 493 670 556 verba
691 491 798 554 sedulo
827 499 858 552 et
884 493 975 573 plena
998 492 1059 552 fide

140 577 330 655 meditentur,
359 578 441 656 quod
471 579 528 638 nisi
557 577 701 653 fecerint,
729 576 838 636 frustra
867 577 971 636 omnia
999 575 1063 635 alia·

138 660 265 724 fecerint.
308 661 378 722 Hor
399 681 474 721 sane
497 681 600 721 verum
623 668 680 731 est,
701 662 731 720 in
755 660 837 720 omni
852 660 1058 738 promissione

137 762 185 802 sua
197 744 284 803 Deus
297 745 362 805 fere
375 745 483 805 solitus
505 752 552 804 est
568 745 699 804 adiioere
711 745 830 823 siguum
845 742 979 821 aliquod,
1002 761 1058 802 oen

136 835 373 906 monumentum,
395 846 452 888 eeu
464 827 641 888 memoriale
651 827 865 906 promissionis
889 845 972 900 suae,
996 843 1057 903 quo

135 909 247 970 fidelius
277 918 468 988 servaretur,
501 918 530 971 et
563 911 720 971 etlioaoius
750 915 896 971 moneret.
954 908 1006 968 Sis
1027 909 1057 967 in

134 994 336 1072 promissione
358 994 426 1054 Noe
454 994 525 1054 data
549 994 586 1053 de
610 1013 671 1055 non
704 993 861 1074 perdenda
888 996 969 1053 terra
997 992 1058 1051 alio

134 1075 243 1137 diluvio
282 1076 368 1137 dedit
395 1096 499 1138 eroum
527 1097 615 1137 suum
643 1079 674 1137 in
703 1077 848 1155 nubibus,
877 1094 937 1155 quo
972 1075 1058 1150 dixit,

134 1179 196 1220 sese
227 1160 462 1222 recordaturum
484 1161 614 1221 foederis
642 1162 696 1222 sui.
739 1161 779 1221 Et
801 1160 960 1233 Abrahae,
988 1162 1059 1238 post

134 1245 368 1322 promissionem
391 1243 568 1305 hereditatis
597 1247 628 1304 in
655 1245 771 1305 semine
793 1264 866 1322 suo,
895 1242 978 1303 dedit
1005 1242 1060 1301 sir·

135 1328 351 1387 oumoisionem
373 1329 404 1387 in
432 1327 622 1407 signaculum
644 1329 775 1389 iustitiae
802 1327 883 1389 fidei.
927 1327 978 1387 sie
999 1323 1058 1385 Ge·

135 1408 220 1469 dsoni
243 1409 332 1470 dedit
354 1410 451 1471 vellus
473 1411 588 1471 aridum
612 1419 642 1471 et
663 1411 807 1488 roridum,
829 1411 867 1472 ad
880 1409 1058 1470 firmandam

137 1494 372 1571 promissionem
394 1513 481 1554 suam
504 1514 595 1573 super
616 1496 774 1555 viuoendis
796 1495 978 1555 Madiauitis.
1009 1492 1059 1554 Sis

136 1576 233 1636 debas
258 1596 314 1655 per
327 1577 450 1638 Esaiam
474 1577 582 1638 obtulit·
595 1579 724 1658 signum,
747 1597 801 1659 pro
815 1577 965 1637 vincendo
987 1596 1060 1655 rege

134 1656 236 1738 Syriae
260 1666 291 1719 et
318 1659 491 1737 Samariae,
515 1679 576 1740 quo
598 1662 792 1740 promissioni
816 1680 889 1721 suae
916 1660 1006 1720 fidem
1029 1662 1059 1718 in

133 1761 167 1801 eo
188 1741 337 1804 firmaret.
380 1743 469 1804 Talia
496 1744 591 1805 mults
620 1744 748 1825 legimus
771 1745 860 1825 sigua
881 1744 1060 1825 promissio·

134 1845 199 1884 num
223 1825 285 1886 Dei
308 1827 338 1885 in
363 1825 536 1905 Scripturis.

211 1907 306 1968 Sidet
318 1911 347 1968 in
361 1911 464 1983 missa,
484 1910 543 1970 hae
551 1911 686 1970 omniurn
698 1910 834 1989 prinoipe
846 1909 1060 1990 promissione,

133 1990 242 2051 adiecit
264 1993 387 2071 signum
411 1992 589 2053 memoriale
611 1999 715 2053 tantae
726 1994 948 2073 promissionis,
971 2010 1059 2050 suum

132 2075 221 2152 ipsius
253 2093 368 2153 eorpus
408 2081 440 2135 et
466 2096 554 2136 sunm
585 2077 680 2156 ipsius
708 2078 887 2155 sanguinem
921 2076 952 2134 in
981 2094 1061 2153 poue

134 2163 160 2215 et
178 2159 265 2234 vino,
290 2159 369 2217 siout
393 2158 479 2219 dicit:
502 2159 570 2219 Hos
592 2159 682 2218 lenite
705 2161 735 2218 in
758 2178 856 2219 meam
875 2175 1060 2218 commemo·

133 2243 292 2301 rationem.
337 2239 439 2300 Sinin
463 2242 614 2321 baptismo
638 2242 737 2303 verbis
756 2242 965 2321 promissionis
987 2241 1061 2299 adii·

133 2325 168 2382 sit
187 2326 314 2402 signum
338 2325 500 2385 mersionis
523 2327 552 2384 in
575 2343 695 2403 aquam.
738 2326 786 2385 Ex
814 2324 923 2404 quibus
953 2322 1060 2382 intelli-

136 2408 244 2483 gimus,
281 2408 312 2465 in
342 2407 479 2484 qualibet
507 2410 709 2488 promissione
737 2408 795 2469 Dei
829 2407 889 2467 duo
919 2407 1058 2486 proponi,

138 2490 257 2549 verbnm
293 2493 325 2548 et
357 2490 494 2568 signum,
529 2497 562 2550 ut
592 2491 716 2551 verbum
753 2490 957 2570 intelligamus
990 2508 1059 2547 esse

137 2577 358 2647 testamentum,
381 2574 501 2652 siguum
523 2593 597 2635 vero
620 2593 688 2633 esse
710 2581 947 2634 sacromentum:
971 2580 1004 2631 ut
1027 2573 1057 2630 in

135 2657 221 2716 missa
245 2654 372 2714 verbum
397 2656 507 2717 christi
531 2664 578 2718 est
599 2662 833 2733 testamentum,
854 2658 943 2736 panis
966 2664 996 2715 et
1018 2656 1058 2714 vi·

133 2757 198 2798 num
223 2745 298 2798 sunt
320 2746 556 2801 sacramentum.
600 2741 853 2819 Atqueutmaior
874 2739 990 2799 vissita
1012 2745 1059 2798 est

132 2821 157 2879 in
178 2820 278 2881 verbo
299 2840 389 2900 quam
412 2823 512 2902 signo,
535 2825 577 2884 ita
598 2821 696 2883 maior
706 2824 735 2882 in
759 2829 943 2883 testamento
965 2841 1056 2900 quam

133 2911 339 2967 sacramento:
373 2908 445 2984 qnia
474 2913 579 2986 potest
608 2906 701 2967 homo
731 2906 854 2967 verbum
884 2925 938 2966 seu
968 2912 1056 2965 testa·

133 2993 265 3047 mentum
289 2986 402 3047 habere
425 2996 456 3049 et
478 3008 516 3049 eo
538 2992 580 3049 uti
609 2989 726 3068 absque
754 2992 842 3070 signo
877 3009 930 3049 seu
957 3007 1056 3048 saura·

134 3078 243 3131 mento.
289 3070 403 3148 Crede,
436 3073 534 3150 inquit
563 3073 767 3152 Augustinus,
797 3080 828 3133 et
855 3073 1056 3147 manducasti,

133 3152 183 3211 sed
206 3155 255 3213 oui
279 3152 427 3229 ereditur,
460 3157 517 3215 utsi
540 3155 634 3216 verbo
656 3156 882 3236 promittentis?
919 3156 966 3216 Ita
987 3173 1056 3234 pos-

134 3253 195 3294 sum
219 3236 367 3315 quotidie,
390 3238 452 3297 imo
476 3241 559 3298 omni
581 3239 668 3314 hora,
691 3241 815 3299 missam
828 3239 951 3314 habere,
974 3237 1055 3314 dum,

135 3320 250 3395 quoties
275 3320 417 3396 voluero,
440 3340 565 3399 possum
589 3321 682 3382 verba
705 3323 814 3385 Christi
846 3322 918 3382 mihi
940 3339 1054 3400 propo-

135 3420 212 3478 nere,
235 3407 267 3461 et
289 3401 381 3461 tidem
404 3421 503 3463 meam
525 3407 555 3464 in
578 3405 635 3464 illis
659 3406 741 3466 alere
763 3413 794 3465 et
816 3404 972 3476 roborare,
996 3406 1056 3463 hos

135 3492 178 3542 est
198 3503 307 3544 revera
327 3486 524 3564 spiritualiter
547 3488 732 3549 maudnoare
754 3495 786 3549 et
807 3487 921 3549 bibere.

212 3567 270 3626 Hie
290 3567 386 3644 vides,
409 3570 480 3648 qnid
503 3578 533 3630 et
555 3578 701 3649 quantum
713 3572 850 3649 theologi
867 3569 1057 3630 sententiani

136 3647 161 3706 in
182 3649 240 3711 has
261 3669 294 3711 re
307 3652 521 3730 praestiterint.
543 3654 686 3730 Primum,
708 3655 738 3714 id
756 3654 838 3734 quod
859 3656 1058 3713 summumst

138 3733 262 3816 rapitsle
285 3741 341 3811 est,
365 3755 475 3820 nempe
499 3743 714 3800 testamentum
736 3749 766 3799 et
789 3734 1057 3816 verbumpromis·
