2392 4170
384 255 612 342 Peridagistros'
627 266 803 328 Parisiensas.
863 315 865 320 .
1015 270 1055 339 51

216 439 300 500 Haeo
334 441 507 520 Propositio
542 451 589 502 est
622 444 650 502 in
684 443 818 504 moribus
842 462 987 521 erronea,
1028 452 1058 505 et

135 525 260 604 sapiens
283 525 445 585 haeresim.

214 606 381 682 titudaeis
394 606 431 668 ad
444 607 560 668 libitum
575 614 679 668 ‘verum
691 611 789 670 iurare
805 603 1055 690 estpermissur'n.

213 689 297 750 Haeo
318 691 505 771 Propositio,
528 693 552 750 si
574 693 762 773 intelligatur
783 695 964 773 permissum
990 702 1055 753 tan-

130 793 223 854 quam
248 772 379 850 iioitum,
409 774 486 834 falsa
510 784 570 853 est,
594 777 889 858 divino¹praaoepto
912 778 1053 856 advorsa,

131 869 161 917 et
183 858 327 936 antiquus
350 876 435 917 error
456 857 654 933 dudueorutn.

416 958 486 1046 'De
508 985 763 1070 purgatorio.

123 1119 125 1123 ’
217 1103 254 1184 1)
278 1103 435 1182 Scriptura
451 1102 554 1164 divina
577 1110 642 1165 tota
663 1124 787 1183 prorsus
810 1106 884 1167 nihii
904 1106 995 1166 habet
1017 1107 1055 1166 de

131 1188 319 1269 purgatorio.

212 1269 298 1331 Haeo
320 1270 494 1349 Propositio
517 1278 563 1329 est
585 1269 673 1349 falsa,
696 1271 894 1331 Vatdeusium
919 1291 1052 1332 errorem
1114 1329 1118 1335 .

132 1356 266 1416 maxime
292 1354 421 1428 fovens,
458 1371 495 1413 aa
524 1360 699 1414 sanctorum
728 1353 848 1414 Petrum
881 1357 1052 1416 sententiae

132 1456 320 1518 repugnans.

215 1524 248 1595 2)
272 1520 340 1579 Nou
372 1518 492 1579 videtui·
519 1519 680 1599 probatum
711 1539 793 1600 esse,
828 1519 909 1600 quod
933 1522 1053 1581 animae

132 1606 162 1665 in
185 1603 363 1685 purgatorio
386 1609 457 1663 sunt
479 1610 566 1663 extra
589 1609 700 1663 statum
725 1605 837 1682 meriti,
860 1623 914 1664 seu
938 1624 1053 1684 augen-

133 1690 191 1749 dae
214 1687 358 1748 oaritatis.

216 1771 301 1830 Haeo
323 1769 496 1848 Propositio
527 1776 574 1829 est
596 1768 690 1846 falsa,
719 1772 879 1830 temerarie
908 1778 938 1830 et
959 1772 1052 1850 impie

132 1862 259 1929 asserta,
282 1860 312 1913 et
333 1852 363 1910 in
387 1853 455 1933 hoo,
479 1852 560 1931 qnod
583 1853 765 1933 praetendit,
790 1854 908 1913 animas
932 1855 959 1912 iu
985 1874 1051 1932 pur-

132 1938 253 2018 gatorio
277 1955 338 1997 nou
363 1955 431 1995 esse
454 1944 541 1995 extra
563 1943 673 1996 statum
699 1937 795 1995 meriti
826 1937 1053 2016 sanaugendae

132 2021 276 2095 caritatis,
299 2028 329 2078 et
350 2020 380 2077 in
403 2017 464 2079 flde
486 2038 623 2082 erronea.
713 2083 716 2088 ,

215 2103 248 2184 3)
281 2102 349 2163 Non
383 2101 502 2163 videtur
533 2102 695 2183 probatum
729 2122 811 2183 esse,
848 2103 929 2183 quod
964 2105 1050 2182 ipsae

132 2190 253 2251 animae
274 2189 303 2247 in
327 2187 505 2266 purgatorio
524 2188 583 2246 sint
606 2185 720 2247 desua
742 2185 928 2247 beatitudine
951 2193 1053 2247 oertae

132 2281 164 2335 et
186 2289 328 2351 securae,
352 2271 458 2330 saltem
482 2288 600 2329 omnes.

216 2355 301 2415 Haeo
328 2352 500 2433 Propositio
534 2359 581 2413 est
607 2352 699 2431 falsa,
736 2360 766 2411 et
799 2361 1052 2434 praesumptuose

131 2446 261 2517 asserta,
284 2437 362 2497 etin
386 2438 462 2515 hoo,
486 2435 568 2513 quod
591 2435 777 2516 praetendit,
803 2438 919 2496 animas
942 2457 1051 2516 purga-

135 2525 201 2585 torii
226 2541 286 2581 non
310 2539 378 2580 esse
402 2524 502 2580 certas
526 2520 563 2580 de
586 2537 641 2577 sua
664 2518 867 2597 beatitudine,
895 2529 942 2578 ost
964 2521 1051 2578 tradi·

132 2608 208 2668 tioni
232 2604 383 2665 ecelesiae
406 2612 436 2663 et
458 2601 618 2664 doetrinae
639 2600 820 2660 Sanctorum
845 2604 1008 2662 contraria.

214 2689 251 2764 4)
277 2688 408 2747 Animae
430 2688 460 2745 in
477 2685 654 2766 purgatorio
670 2691 800 2764 peooent
819 2685 883 2743 sine
902 2686 1051 2744 intermis-

133 2775 231 2851 sione,
248 2770 390 2850 quamdiu
404 2771 526 2830 horrent
540 2787 657 2850 poenas
669 2777 697 2828 et
706 2767 966 2848 petuntssrequiem,
981 2769 1053 2846 quia

136 2862 286 2937 quaerunt
308 2872 387 2934 quae
409 2872 465 2913 sua
486 2858 558 2914 sunt
578 2850 647 2933 pius
669 2871 759 2931 quam
785 2851 970 2911 voluntatem
987 2846 1053 2927 Dei,

133 2940 215 3020 qnod
239 2946 286 2998 est
308 2946 415 2998 oontra
437 2938 604 2999 caritatem.

214 3022 301 3083 Haeo
328 3020 501 3102 Propositio
535 3027 582 3080 est
612 3018 705 3098 falsa,
738 3020 847 3098 impia,
885 3016 1051 3099 purgandis

132 3105 294 3168 animabus
319 3105 427 3164 iniuria
451 3111 481 3163 et
503 3103 662 3165 haeretios.

217 3191 253 3266 5)
278 3188 459 3268 Imperieota
488 3190 602 3247 sanitas
630 3205 683 3245 sen
707 3186 816 3244 oaritas
834 3186 976 3244 'morituri
1000 3204 1052 3243 ne-

134 3274 270 3334 cessario
309 3289 412 3330 seeum
446 3271 503 3330 tert
538 3289 681 3349 magnum
715 3269 872 3347 timorem,
906 3275 1053 3346 tantoque

133 3359 292 3433 maiorem,
316 3362 431 3433 quanto
454 3355 552 3414 minor
574 3354 663 3412 fuerit
683 3353 761 3432 ipsa.

216 3442 253 3515 6)
279 3439 383 3499 Poena
406 3437 574 3518 purgatorii
596 3442 643 3496 est
665 3454 762 3516 pavor
788 3442 819 3494 et
841 3435 949 3493 horror
971 3433 1052 3493 dam-

131 3525 266 3584 nationis
290 3530 319 3582 et
341 3520 461 3581 inferni.

212 3605 352 3685 Utraque
373 3604 478 3664 harum
501 3603 747 3685 Propositionnm
771 3608 818 3662 est
832 3600 932 3675 taisa,
960 3607 1052 3660 teme·
1111 3653 1113 3657 .

132 3693 213 3753 rarie
237 3696 268 3749 et
289 3691 355 3749 sine
377 3688 496 3749 ratione
518 3688 627 3768 posita.

142 3846 150 3857 ‚
215 3773 253 3851 7)
279 3771 441 3835 Probabile
464 3778 523 3854 ast,
551 3771 669 3835 animas
697 3768 864 3886 purgatopii
886 3785 1052 3847 prae-oon·
