2392 4170
403 252 439 310 ad
459 249 563 311 Fridsr.
583 252 681 310 ducam
700 244 783 308 Saxoss
995 249 1057 319 221

139 424 204 486 car.
230 425 265 489 V.
289 423 446 487 carissima
468 433 515 486 eat
535 425 618 486 satus
640 424 762 485 animae
783 441 867 504 suae,
888 441 1005 500 curare,
1027 429 1060 482 ut

140 508 210 568 talia
231 508 344 569 Missae
365 509 539 590 profanatio
561 510 591 568 in
625 505 765 568 ecclesiis
787 506 851 569 uer.
875 506 912 568 V.
933 523 1059 588 prorsus

140 590 309 669 aboleatur,
332 610 369 652 ac
390 603 496 653 contra
517 611 606 653 verus
629 593 759 672 piusque
770 591 954 650 sacramenti
976 607 1059 671 usus,

140 693 230 755 quem
253 675 390 736 Christus
412 678 540 736 instituit
573 685 604 736 et
624 672 760 755 apostoli
782 675 992 752 observarunt,
1013 672 1058 734 in·

140 766 300 820 stauretur.
345 759 395 820 Sic
417 762 497 819 enim
517 759 654 820 Christus
676 761 742 839 ipse
764 756 861 816 inille
882 758 1060 837 ipsaprima

141 842 247 903 Ooeua
270 843 372 902 inuitis
397 844 495 903 verbis
520 855 550 903 et
572 851 645 904 aute
667 853 698 902 et
720 847 791 920 post
814 841 1058 900 distributionem

140 924 350 986 Eucharistiae
372 929 573 986 concionatur
593 925 742 1006 apostolis
765 923 803 984 de
826 931 933 1004 morte,
955 923 995 985 de
1010 942 1059 984 re·

142 1011 331 1069 surrectione
354 1028 425 1088 aua,
456 1011 492 1068 de
516 1027 612 1088 regno
636 1027 692 1069 suo
714 1009 744 1067 in
767 1007 899 1067 ecclesis
920 1014 977 1072 eto.
1020 1005 1060 1080 Et

140 1094 171 1153 in
194 1093 383 1153 institutione
395 1094 586 1154 Sacramenti
598 1092 680 1152 ctare
693 1091 851 1172 praecipit,
873 1096 915 1169 ut,
939 1091 1059 1170 quoties

141 1178 329 1237 conveniant
360 1176 398 1236 ad
422 1176 501 1236 banc
523 1194 669 1254 coenam,
703 1176 750 1235 sui
771 1172 978 1235 recordentur.
1021 1173 1061 1235 Et
1177 1229 1182 1236 .

142 1261 218 1320 baec
240 1268 350 1339 postea
370 1260 426 1319 iuit
452 1260 603 1319 ecclesiae
625 1256 836 1336 consuetudo,
869 1265 911 1335 ut,
938 1258 1059 1337 quoties

141 1346 286 1404 usuvenit
306 1344 455 1423 populus,
478 1346 607 1422 primurn
629 1340 839 1422 praedicatum
862 1342 900 1400 ait
934 1339 1059 1401 verbum

142 1428 214 1505 Dei,
236 1445 305 1486 nam
340 1428 397 1486 bae
419 1428 585 1486 conciones
607 1443 728 1506 semper
756 1425 877 1484 fuerunt
896 1426 1061 1504 praecipua

142 1528 235 1570 causa
257 1518 288 1570 et
309 1529 420 1570 nervus
433 1510 574 1590 publicae
592 1508 852 1590 congregationis,
875 1517 905 1568 et
926 1509 1060 1569 ministe-

141 1598 217 1654 rium
231 1593 390 1674 Evangelii
411 1591 502 1653 debet
523 1610 593 1654 esse
615 1593 780 1674 pubiicum,
803 1590 913 1651 deinde
936 1590 1060 1651 benedi·

141 1677 289 1738 dabantur
309 1680 398 1758 panis
417 1684 448 1736 et
470 1678 575 1735 vinum
595 1682 626 1737 et
647 1675 907 1737 distribuebantur
927 1675 1058 1756 petenti·

143 1764 206 1822 bus.
232 1760 422 1822 Haecforma
444 1772 477 1820 ut
497 1761 736 1839 estrectissima,
759 1761 801 1819 ita
819 1757 899 1820 foret
920 1759 1057 1819 omnium

143 1846 310 1923 tutissima,
345 1863 403 1905 nec
435 1844 620 1922 relinqueret
652 1843 755 1903 locum
789 1849 841 1901 aut
863 1843 1060 1902 occasionem

143 1927 237 1990 alicui
258 1929 474 2008 profanationi.
519 1925 608 2002 Quod
632 1925 862 1986 considerantes
884 1926 1060 2005 Augustini-

142 2013 191 2072 ani
226 2013 447 2072 restitutionem
483 2011 593 2070 sinceri
631 2028 668 2071 ac
699 2010 811 2070 veteris
842 2027 913 2070 usus
936 2009 1062 2069 Ooense

142 2096 364 2176 expetiverunt,
386 2097 505 2174 etquis
526 2094 692 2156 abhorrent
713 2113 732 2154 a
754 2093 915 2155 Missurum
938 2092 1061 2153 nefariis

142 2179 286 2240 abusibus
327 2178 501 2257 maluntque
529 2181 596 2239 sine
627 2180 790 2239 coactione
817 2176 913 2238 libere
946 2194 984 2238 ac
1005 2192 1061 2236 sua

143 2269 254 2343 sponte
278 2260 487 2320 administrare
509 2261 588 2323 banc
610 2263 832 2340 ceremoniam,
855 2260 1062 2341 adprobamus

144 2364 250 2406 eorum
274 2347 467 2405 sententiam.

227 2426 318 2503 Quod
339 2432 441 2489 autem
459 2430 552 2488 inter
573 2428 690 2508 reliqua
715 2437 746 2489 et
767 2429 847 2489 banc
867 2447 991 2489 causam
1014 2429 1061 2489 sui

144 2514 214 2573 iacti
237 2518 406 2597 exponunt,
429 2513 582 2572 neminem
610 2512 752 2591 privatim
775 2520 806 2572 et
827 2512 926 2572 sotum
949 2510 1062 2574 debere

143 2598 386 2675 communicare,
408 2612 447 2654 ea
468 2592 556 2655 nobis
578 2594 700 2673 quidem
728 2613 792 2656 non
815 2596 889 2655 satis
910 2593 998 2654 firma
1021 2596 1061 2654 vi·

143 2680 240 2742 detur.
282 2679 348 2740 Etsi
369 2680 450 2738 enim
472 2677 526 2739 illa
545 2681 624 2740 ratio
658 2694 733 2739 vera
754 2685 812 2758 est,
833 2695 912 2757 quae
933 2676 1061 2738 scanda-

144 2765 206 2824 tum
228 2761 407 2844 amplificat,
429 2762 512 2842 quod
534 2763 608 2823 ritus
631 2763 733 2824 usitati
748 2761 908 2822 Missarum
930 2762 1061 2842 privata·

144 2867 208 2908 rum
232 2854 338 2907 tenent
368 2853 537 2927 occupatos
571 2847 690 2906 animos
712 2845 866 2906 mdiorum
889 2863 927 2905 ac
948 2843 1063 2926 simpli·

143 2934 275 3010 ciorum,
309 2940 357 3010 ut,
394 2949 463 2994 cum
484 2929 611 2991 videant
640 2930 678 2990 ab
700 2929 767 2990 aliis
796 2929 917 2990 retineri
944 2945 1061 2988 morem

68 3052 71 3058 ·
143 3016 271 3076 seorsim
295 3014 558 3093 communicandi,
592 3022 792 3093 perseverent
821 3013 852 3073 in
874 3031 931 3073 suc
953 3013 1062 3091 abusu,
1139 3080 1144 3092 ,

144 3108 246 3158 tamen
280 3106 311 3157 et
332 3097 393 3158 hoa
415 3098 638 3178 consideretur,
678 3097 760 3177 quod
782 3114 864 3157 nuuc
884 3095 1008 3176 quidam
1030 3097 1062 3157 in

144 3202 176 3241 re
198 3181 245 3241 bis
268 3181 456 3261 temporibus
468 3199 592 3262 prorsus
615 3200 697 3242 nova
717 3181 825 3242 iratres
847 3180 878 3240 iu
899 3178 960 3240 flda
980 3177 1060 3240 intir-

144 3266 184 3325 mi
206 3266 245 3326 ad
269 3273 387 3345 tempus
410 3265 527 3326 ferendi
547 3264 733 3344 fovendique
746 3265 817 3342 siut,
840 3263 1060 3325 doneameiius

143 3350 238 3408 verbo
262 3348 318 3408 Dei
341 3348 526 3426 erudiantur,
547 3351 633 3433 ipxta
655 3348 825 3409 doctrinam
837 3346 932 3408 Pauli.
975 3346 1063 3423 Quae

144 3441 300 3513 postremo
323 3430 393 3491 loco
406 3432 523 3492 addunt
543 3431 582 3492 de
596 3441 723 3512 utraque
745 3432 849 3512 spacia
865 3449 920 3492 seu
941 3433 1061 3512 integro

144 3514 360 3594 Sacramento,
396 3533 434 3575 ea
465 3517 675 3576 existimamus
707 3534 771 3576 non
807 3532 901 3595 posse
930 3514 1062 3577 refutari.

144 3596 251 3679 Neque
272 3600 352 3659 enim
377 3598 526 3675 ridemus,
550 3617 610 3678 quo
623 3599 770 3680 paotoilii
782 3604 897 3679 queant
911 3599 1061 3677 excusari,

144 3684 194 3762 qui
214 3683 390 3744 alterutram
403 3688 521 3744 tanturn
543 3691 660 3764 partem
682 3693 805 3745 sumunt
825 3689 879 3744 aut
894 3685 1063 3764 porrigunt,

143 3786 211 3829 oum
236 3767 414 3828 nominatim
438 3765 577 3828 Christus
599 3768 742 3847 loquatur
763 3766 802 3828 de
823 3766 935 3828 catice:
965 3765 1062 3829 Bibite
