2392 4170
207 249 270 315 180
559 245 603 306 Ds
621 243 787 322 abroganda

209 413 363 475 eaolesiae
384 414 530 474 mundum
552 414 707 495 replemus
728 409 959 494 operationibus
979 411 1091 474 erroris
1105 428 1138 472 ss

210 496 313 559 verbis
335 480 543 560 meidaoibus.
587 498 709 559 Utinam
738 496 812 556 mibi
835 502 917 559 esset
938 503 1058 577 tempus
1079 494 1136 557 Le

208 580 328 661 gandae
350 584 425 641 istas
454 590 485 641 et
513 582 657 663 exempla
678 578 843 659 aliquando
878 581 1053 661 castigare,
1082 588 1137 641 aut

208 665 286 726 alius
309 667 460 746 quispiam
482 667 600 725 maiore
626 667 734 746 spiritu
754 664 785 724 id
809 666 956 744 tentaret,
989 664 1136 724 monstris

208 750 290 808 anim
325 747 539 809 abominandis
571 758 642 808 sunt
672 748 870 808 refertissima
903 748 1016 813 omnia.
1059 744 1135 811 Non

208 851 282 913 ergo
305 833 483 911 ignoremus
506 832 636 912 amplius
666 833 872 912 cogitationes
897 831 1042 913 Satanae,
1065 848 1136 891 oum

208 917 302 976 simus
325 915 498 996 Christiani,
522 922 553 975 et
574 917 697 995 spiritus
718 917 795 975 istos
815 922 963 993 vagantes
985 934 1049 975 non
1071 933 1135 976 are·

209 999 317 1060 damus
340 1000 457 1058 animas
479 1000 654 1077 hominum,
678 998 732 1058 sed
755 1000 839 1078 ipsos
863 998 1031 1060 daemones
1055 1017 1135 1077 esse,

208 1084 259 1163 qui
281 1081 343 1143 hoo
363 1091 458 1163 agunt
490 1084 553 1142 suis
574 1085 731 1163 responsis
758 1092 789 1142 et
817 1083 966 1144 simulatis
995 1082 1135 1163 redemp-

208 1165 361 1243 tionibus,
392 1174 424 1225 ut
457 1166 697 1226 ssalnberrimo
736 1175 767 1226 et
795 1165 916 1227 vivifico
949 1172 1134 1228 testamento

208 1250 267 1309 Dei
289 1248 452 1309 ludibrium
482 1251 613 1329 iaciant,
641 1249 732 1310 fidem
757 1249 907 1329 perdant,
946 1257 977 1310 et
1008 1247 1134 1311 foedam

208 1332 292 1393 illam
332 1332 633 1411 abominandamquo
671 1332 924 1394 nundinationem
960 1331 1134 1411 Missurum,

208 1435 288 1496 quse
310 1417 416 1476 orbem
439 1435 521 1476 nuno
543 1425 685 1496 oeoupat,
706 1417 871 1477 stabiliant.
912 1416 1011 1477 'Penta
1033 1417 1133 1478 solum

208 1501 349 1559 animosa
382 1499 441 1559 hae
469 1499 530 1560 lide
563 1502 686 1580 spiritus
715 1502 791 1561 istos
820 1508 851 1560 st
882 1500 997 1561 senties
1031 1501 1133 1562 statim

208 1603 263 1644 eos
287 1582 435 1644 desistere
457 1585 495 1643 ab
517 1584 639 1664 ineptiis
662 1586 734 1644 suis.
795 1588 799 1595 ’
1109 1596 1116 1602 “

239 1695 244 1699 ·
291 1665 383 1740 Quod
405 1668 431 1726 si
453 1675 483 1727 te
505 1685 567 1727 non
596 1669 671 1728 satis
693 1666 841 1727 roborant
872 1666 1031 1747 praedicta
1065 1686 1133 1729 ora·

210 1750 297 1829 nula,
318 1769 380 1811 non
402 1750 495 1811 lisere
517 1752 627 1832 sequi,
651 1752 734 1829 quod
761 1752 827 1811 sine
850 1752 1012 1812 autoritate
1034 1749 1133 1832 Sarip-

209 1842 296 1895 turae
319 1836 367 1913 sit,
389 1834 499 1896 saltem
520 1833 649 1895 roboret
669 1841 700 1894 et
722 1842 820 1894 armet
849 1840 897 1914 te,
926 1835 1009 1914 quod
1032 1831 1132 1915 Serip-

210 1926 277 1977 tnra
301 1917 362 1978 hoo
382 1937 480 1998 genus
502 1917 653 1979 illusionis
676 1917 801 1978 damnat
820 1925 852 1978 et
871 1919 1024 1998 prohibet.
1067 1918 1133 1981 Mo-

208 2020 258 2062 ses
295 2003 376 2061 enim
398 2001 490 2066 Dent.
521 2002 570 2064 18.
593 2003 680 2064 dicit:
717 2002 792 2062 Cum
821 2002 982 2062 intraveris
1010 2008 1133 2083 terram,

210 2103 302 2164 quam
326 2085 477 2145 Dominus
505 2084 589 2144 Deus
624 2095 692 2144 tuus
723 2083 808 2148 dabit
831 2085 904 2164 tibi,
936 2103 998 2146 non
1032 2085 1133 2147 diseas

209 2168 312 2228 lasere
327 2169 580 2229 abominationes
602 2170 737 2247 gentium
759 2170 905 2246 istarum,
934 2188 997 2229 non
1018 2170 1133 2230 inveni·

210 2253 331 2311 storin
355 2262 402 2330 te,
433 2254 483 2331 qui
506 2253 614 2312 lustret
634 2252 730 2312 lilium
753 2264 804 2312 ant
827 2252 919 2312 liliam
942 2255 1134 2335 perignem,

210 2335 334 2415 ariolus,
357 2339 537 2413 somniator,
560 2356 671 2416 augur,
694 2356 813 2416 magus,
835 2335 1002 2417 maleficus,
1023 2338 1133 2418 pytho-

209 2419 307 2500 nicus,
330 2421 461 2500 divinus,
484 2428 514 2479 et
536 2422 586 2498 qni
604 2421 746 2480 oonsnlat
761 2428 908 2499 mortuos,
931 2422 1002 2498 quia
1018 2424 1133 2483 abomi-

209 2505 293 2564 natio
324 2512 369 2563 est
397 2504 519 2564 Domini
547 2505 663 2564 lanians
692 2503 790 2583 haeo,
814 2513 845 2564 et
864 2514 991 2584 propter
1013 2506 1132 2566 abomi-

208 2589 351 2647 nationes
372 2591 447 2647 istas
470 2587 582 2647 delebit
608 2607 662 2648 eos
685 2589 834 2648 Dominus
857 2587 941 2649 Deus
968 2594 1039 2649 tuns
1062 2597 1133 2651 ante

208 2671 317 2731 faeiem
341 2678 434 2732 tuam.
477 2671 545 2731 Hos
575 2671 709 2731 divinum
737 2681 945 2752 praeseptum,
979 2674 1059 2732 siout
1084 2670 1131 2735 In·

209 2755 288 2835 daei,
309 2758 352 2815 ita
375 2762 404 2814 et
426 2774 483 2814 nos
505 2756 690 2834 proiecimus
717 2764 905 2832 retrorsum,
937 2772 1007 2815 oum
1029 2756 1131 2816 audia-

210 2857 276 2897 mus
306 2857 374 2898 esse
402 2837 663 2898 abominationem
692 2840 750 2898 Dei
779 2859 797 2898 a
825 2839 950 2900 mortuis
982 2859 1133 2921 responsa

209 2939 366 2999 quaerere,
389 2923 475 3000 quasi
498 2941 559 2981 non
583 2925 673 2982 sitin
696 2922 784 2982 nobis
799 2923 894 3002 Deus,
916 2924 964 3001 qui
988 2942 1047 2983 nos
1070 2942 1131 2985 om-

210 3005 260 3064 nia
282 3003 395 3064 dooere
417 3007 515 3085 possit
538 3015 591 3066 aut
613 3006 701 3084 velit,
724 3025 804 3085 quae
844 3007 922 3067 seire
954 3025 1013 3067 nos
1043 3026 1132 3088 opor·

209 3095 282 3168 teat,
306 3108 363 3148 nes
387 3088 486 3149 verbis
514 3092 579 3149 eius
603 3093 739 3150 eontenti
762 3111 876 3153 sumus.
921 3089 1000 3166 Quid
1042 3093 1132 3172 igilur

210 3173 327 3254 mirum,
351 3174 377 3232 si
400 3175 430 3231 in
453 3192 588 3236 errorem
617 3175 717 3235 tradat
749 3186 779 3235 et
801 3176 924 3236 deserat
954 3176 1130 3236 deserentes

208 3264 405 3336 praeseptum
428 3258 537 3317 suum?

293 3340 386 3400 Vides
409 3343 499 3421 igitur
525 3343 648 3423 spiritus
675 3342 774 3403 bonos
797 3362 860 3403 non
888 3362 973 3426 esse,
1008 3344 1060 3422 qui
1082 3361 1131 3403 ve·

210 3421 296 3482 niunt
316 3432 347 3483 et
368 3422 406 3482 ds
428 3435 506 3484 statu
544 3435 732 3487 mortuorum
756 3447 813 3487 nos
836 3425 959 3491 docent.
1003 3427 1132 3507 Spiritus

209 3507 290 3566 enim
314 3507 412 3567 bonus
432 3508 536 3570 obedit
559 3511 704 3572 mandato
727 3512 804 3592 Dei,
836 3519 867 3571 et
888 3512 971 3571 Deus
998 3509 1132 3591 ignorari

210 3588 283 3668 vult,
305 3608 367 3649 non
390 3595 469 3672 seiri,
493 3593 565 3672 quid
577 3603 649 3673 post
671 3602 801 3657 mortem
822 3603 1011 3674 agaturoum
1035 3594 1131 3655 homi·

209 3672 306 3737 nibus.
355 3673 434 3736 Hine
461 3677 591 3758 Spiritus
618 3688 742 3742 sanetus
775 3688 836 3740 tam
859 3678 957 3761 rigide
989 3679 1133 3741 observat

208 3759 268 3819 boo
290 3761 467 3823 mandatum
481 3763 547 3841 Dal,
572 3769 604 3824 ut
620 3765 735 3825 nullum
748 3784 875 3849 prorsus
898 3764 1077 3845 exemplum
1094 3760 1132 3821 de
