2392 4170
131 205 175 272 48
390 207 432 262 De
451 207 527 278 Gapt.
545 206 644 278 Babyl.
662 208 803 265 Ecclesiae

130 370 133 375 '
218 363 357 441 Denique
380 380 433 421 cur
447 360 602 423 Abraham
624 383 685 424 non
707 382 764 444 pro
787 363 928 425 omnibus
939 362 1066 424 ludaeis

134 444 282 505 credidit?
305 464 359 505 cnr
380 447 541 525 exigitura
557 445 814 527 Iudaeissingulis
836 446 912 508 fides
934 448 965 506 in
988 466 1060 507 ean·

133 527 202 588 dem
224 529 460 608 promissionem
478 528 620 589 Abrabae
642 529 810 591 creditam?
833 530 899 592 Stet
921 549 994 610 ergo
1015 531 1059 591 in·

132 610 313 692 superabilis
345 613 478 690 veritas,
507 612 558 671 ubi
591 614 754 692 promissio
790 613 892 674 divina
920 624 983 691 est,
1017 613 1060 673 ibi

132 697 341 775 unusquisque
365 713 420 774 pro
443 713 476 754 se
499 703 568 773 stat,
590 715 647 756 sua
667 695 745 756 fides
767 698 908 776 exigitur,
930 699 1059 776 quisque

132 797 189 857 pro
212 797 246 838 se
267 779 545 855 rationemreddet,
569 786 700 838 etenum
724 799 801 840 onus
813 780 955 858 portabit,
978 781 1058 839 sieut

133 860 206 920 dicit
225 860 321 924 Marc.
344 862 412 922 ult:
442 860 500 936 Qui
529 862 691 922 crediderit
717 869 748 922 et
770 863 937 943 baptisatus
959 862 1058 940 fuerit,

132 943 235 1004 salvus
257 945 328 1021 erit,
351 945 401 1024 qui
423 951 524 1005 autem
547 964 609 1005 non
632 944 808 1023 crediderit,
842 945 1059 1007 condemnabi-

102 1086 104 1093 Α
131 1033 188 1088 tur.
230 1027 276 1087 Ita
297 1035 327 1086 et
350 1031 472 1088 missam
496 1029 704 1106 unusquisque
733 1024 855 1089 tanturn
874 1028 931 1088 sibi
954 1034 1058 1109 potest

134 1111 237 1170 utilem
250 1111 360 1187 iacere,
382 1110 443 1170 tide
457 1113 590 1191 propria,
612 1117 643 1171 et
653 1130 708 1191 pro
725 1111 815 1171 nullis
828 1131 952 1191 prorsus
975 1131 1057 1172 corn—

133 1197 304 1254 municare:
348 1196 428 1254 sicut
464 1193 609 1254 sacerdos
653 1194 726 1254 nulli
771 1214 826 1274 pro
861 1196 920 1255 alio
954 1201 1058 1274 potest

134 1284 359 1337 sacramentum
384 1278 569 1355 ministrare,
604 1278 657 1337 sed
680 1278 804 1338 cuilibet
825 1279 953 1338 seorsim
976 1278 1057 1337 idem

133 1368 357 1420 sacramentum
382 1362 538 1420 ministrat.
582 1359 658 1420 Sunt
686 1363 766 1421 enim
789 1361 965 1421 sacerdotes
987 1379 1059 1423 con·

133 1443 284 1504 sacrando
314 1450 346 1503 et
377 1443 576 1503 ministrando
606 1445 733 1504 ministri
755 1444 867 1520 nostri,
897 1464 951 1523 per
980 1462 1058 1523 quos

133 1545 196 1587 non
208 1527 362 1587 offerimus
375 1526 489 1587 bonurn
504 1545 592 1606 opus,
610 1534 663 1587 aut
675 1529 935 1587 communicamus
948 1529 1059 1601 active,

133 1609 188 1670 sed
207 1629 262 1690 per
291 1629 345 1670 eos
376 1610 596 1689 promissiones
627 1617 658 1670 et
684 1611 804 1689 signum
833 1612 1001 1689 accipimus
1029 1618 1059 1669 et

132 1694 395 1754 communicamur
416 1695 554 1772 passive,
582 1692 613 1752 id
637 1693 719 1773 quod
748 1696 777 1753 in
802 1695 886 1753 laicis
909 1693 1057 1753 haetenus

133 1778 309 1856 permansit,
333 1796 403 1836 nam
425 1776 455 1835 bi
478 1795 539 1836 non
563 1774 704 1836 dicuntur
727 1777 839 1836 bonum
862 1777 980 1854 facere,
1003 1775 1057 1835 sed

130 1861 284 1941 accipere.
336 1858 518 1920 Sacerdotes
547 1878 619 1919 vero
649 1861 787 1919 abierunt
817 1861 847 1918 in
882 1861 1055 1939 impietates

132 1962 215 2021 suae,
238 1944 319 2003 iacto
343 1941 399 2002 sibi
422 1942 504 2002 bono
528 1960 639 2022 opere,
668 1943 749 2020 quod
780 1946 1006 2002 communicent
1029 1947 1060 2002 et

134 2026 264 2087 offerant
285 2033 537 2086 exsecramenta
560 2035 590 2084 et
613 2032 795 2086 testamento
819 2025 892 2102 Dei,
922 2044 983 2104 quo
1006 2024 1058 2086 bo·

134 2129 205 2169 num
229 2117 388 2189 acceptum
412 2110 555 2188 oportuit.

216 2191 276 2252 Sed
306 2194 404 2253 dices:
435 2190 537 2267 Quid?
567 2191 701 2270 nunquid
731 2190 890 2251 subvertes
922 2192 1057 2251 cranium

133 2276 332 2337 ecclesiarum
356 2282 386 2336 et
408 2276 662 2336 monasteriorum
677 2295 764 2334 usum
786 2283 816 2335 et
837 2294 971 2347 sensurn,
994 2275 1058 2352 qui·

133 2358 190 2422 bus
214 2379 268 2439 per
291 2366 337 2419 tot
358 2359 463 2418 secula
483 2358 692 2436 invaluerunt,
719 2356 852 2418 fundatis
875 2377 967 2436 super
989 2359 1058 2417 mie·

134 2462 199 2502 sam
222 2443 451 2520 anniversariis,
475 2442 642 2521 suffragiis,
673 2441 945 2522 applicationibus,
976 2458 1058 2503 aom-

135 2525 390 2586 municationibus
412 2532 480 2603 etc,
501 2525 561 2586 boe
583 2533 640 2604 est,
661 2526 867 2605 pinguissimis
889 2523 1059 2584 reditibus?

134 2607 334 2689 Respondeo:
368 2608 437 2668 Hoc
459 2616 522 2687 est,
545 2608 627 2689 quod
651 2609 689 2669 de
711 2609 888 2688 captivitate
908 2606 1060 2667 ecclesiae

134 2693 268 2752 scribere
297 2711 346 2752 mc
373 2692 530 2772 compulit.
579 2691 629 2753 Sic
656 2693 736 2752 euim
767 2690 941 2751 venerabile
967 2697 1059 2751 testa·

134 2783 270 2836 mentum
293 2776 349 2836 Dei
372 2776 402 2834 in
413 2777 584 2856 impiissimi
607 2782 751 2856 quaestus
769 2775 944 2834 servitutem
970 2792 1060 2834 coac·

134 2865 197 2920 tum
221 2865 277 2937 est,
299 2878 354 2939 per
375 2860 537 2939 impiorum
565 2860 723 2920 hominum
756 2859 918 2938 opiniones
948 2864 978 2916 et
1000 2863 1059 2917 tra·

135 2941 283 3021 ditiones,
313 2943 364 3022 qui
392 2944 507 3003 omisso
530 2943 635 3003 'verbo
670 2943 726 3002 Dei
760 2942 807 3000 sui
840 2941 940 3000 cordis
969 2938 1059 3000 nobis

134 3027 340 3105 cogitationes
373 3033 615 3106 proposuerunt,
652 3033 683 3086 et
720 3023 825 3084 orbem
858 3023 1058 3085 seduxerunt.

135 3108 215 3184 Quid
238 3109 310 3168 mihi
332 3109 370 3169 de
393 3109 584 3170 multitudine
606 3115 637 3169 et
649 3106 858 3188 magnitudine
872 3106 1058 3168 errantium?

132 3191 241 3253 fortior
263 3193 399 3253 omnium
421 3202 467 3254 est
489 3194 611 3255 veritas.
660 3191 692 3252 ai
720 3199 808 3271 potes
832 3189 982 3250 Christum
1006 3209 1058 3249 ne·

133 3295 217 3358 gare,
240 3279 291 3357 qui
309 3277 408 3356 docet,
431 3279 554 3338 missam
577 3295 645 3336 esse
667 3282 881 3336 testamentum
905 3280 936 3334 et
957 3292 1059 3333 saera·

135 3366 280 3442 mentum,
304 3361 375 3423 volo
396 3361 466 3422 illos
489 3358 662 3420 iustificare.
707 3357 835 3439 Deinde,
857 3359 882 3416 si
904 3363 992 3436 potes
1016 3356 1060 3415 di·

135 3464 203 3505 cere
225 3466 294 3505 eum
316 3447 418 3506 iacere
439 3462 517 3525 opus
533 3444 656 3519 bouum,
678 3444 729 3522 qni
752 3443 861 3521 recipit
876 3438 1058 3501 beneficium

133 3531 318 3606 testamenti,
340 3535 393 3590 aut
416 3530 507 3589 utitur
528 3530 559 3587 in
581 3527 642 3587 hoc
661 3529 760 3606 ipsum
783 3532 975 3585 auocamento
988 3542 1059 3604 pro·

135 3615 305 3692 missionis,
333 3613 404 3673 volo
433 3631 503 3672 mea
530 3612 627 3672 libens
657 3612 812 3673 damnare.
856 3608 932 3668 Cum
954 3617 1058 3668 autem

133 3711 274 3765 nentrum
295 3700 413 3780 possis,
443 3698 515 3777 quid
538 3696 673 3773 dubitas,
701 3701 879 3774 contempta
908 3692 996 3754 turba
1017 3691 1059 3753 ad
