2392 4170
403 263 528 316 Rationis
548 261 727 318 Latomianae
745 265 797 315 atr.
1009 257 1072 323 447

151 417 361 497 concionatur,
384 425 413 477 et
436 416 687 496 narrloquaturl
673 415 790 476 fabulae
814 425 844 474 et
862 415 982 475 samnia
1004 434 1069 493 aaa,

151 518 243 580 argo,
265 502 385 579 quoties
409 502 627 577 concinnatur,
649 499 808 560 fabulatur.
853 497 933 594 Quia
955 496 1071 559 theola

150 584 229 663 ginta
253 584 383 644 verbum
407 584 462 643 Dei
490 585 671 663 praesumit,
709 583 763 642 ead
792 583 947 662 proprium
981 596 1069 641 auum

150 669 217 741 cal,
245 666 365 728 lebulaa
388 685 444 745 pro
466 684 505 726 eu
529 666 650 727 docere.
694 665 760 726 aio:
800 663 869 724 Non
892 673 940 722 eat
974 664 1069 744 lrypa

150 750 225 809 crita
243 748 380 828 Lovanii,
403 750 454 828 qui
477 751 601 809 misaam
624 750 725 826 faciat,
748 755 779 807 et
800 766 861 807 non
875 748 984 811 adorat
1004 747 1069 806 ido-

151 834 228 909 lum,
268 851 359 911 ergo,
389 835 509 911 quoties
535 834 658 892 misaam
681 832 768 906 lacit,
801 831 909 891 adorat
938 829 1067 889 idolum:

152 917 222 994 quia
243 915 457 975 antecedentia
480 919 583 975 onmia
606 922 676 974 aunt
702 915 928 974 necessaria-et
950 930 1006 992 per
1026 931 1070 991 ae,

154 1016 220 1058 aum
245 1016 307 1058 nan
340 999 459 1078 possint
486 1017 521 1057 ae
543 999 631 1059 aliter
653 996 775 1057 habere.
820 995 949 1055 Veniam
971 994 1070 1074 dabie,

151 1083 200 1160 pia
222 1080 336 1158 lectar,
359 1081 430 1140 huic
453 1099 539 1140 meae
562 1081 745 1160 nugacitati,
768 1087 797 1138 et
820 1078 949 1139 Lunna
972 1080 1066 1158 impu-

153 1163 240 1239 tabis,
262 1166 313 1243 qui
336 1181 398 1223 nan
422 1177 468 1222 eat
490 1166 602 1223 veritua
624 1165 654 1224 in
677 1182 710 1222 ra
723 1164 780 1221 iata
802 1162 887 1241 gravi
909 1163 1069 1221 veritatem

153 1248 217 1306 latia
240 1248 330 1326 augia
354 1246 542 1308 calumniari.
586 1247 750 1306 Volueram
783 1246 911 1304 tranaire
939 1243 1000 1303 lacn
1020 1261 1069 1305 aa·

154 1330 272 1405 villam,
296 1328 350 1389 aed
372 1330 552 1390 recordatur
573 1347 707 1410 pompae
729 1335 758 1388 et
781 1326 887 1386 Bullaa
907 1328 1009 1407 timui,
1032 1345 1071 1386 ne

153 1416 225 1472 latae
247 1414 375 1472 naeniae
398 1412 477 1472 belle
500 1413 603 1473 valere
624 1411 779 1491 simplices
800 1411 969 1487 crederent,
992 1427 1072 1488 quaa

155 1499 178 1555 si
202 1496 349 1573 valerent,
372 1495 543 1556 incredibili
565 1495 753 1556 absurditate
766 1493 947 1554 senteutiam
972 1510 1072 1552 meam

154 1578 358 1639 traducerent.
402 1579 474 1638 ldeo
506 1579 561 1638 luit
582 1580 609 1637 ei
631 1577 834 1656 reddendum,
866 1575 951 1656 quad
978 1595 1072 1635 mera·

128 1663 247 1731 ,batua
292 1661 330 1720 Hi
352 1671 438 1739 eunt,
470 1679 549 1741 quaa
572 1679 653 1742 papa
669 1659 857 1759 comprobat
877 1667 908 1718 et
930 1660 1076 1720 cultrices

155 1746 219 1824 agri
243 1745 388 1804 dominici
412 1744 518 1804 fideles
542 1752 642 1824 vacat,
666 1746 697 1804 in
721 1746 779 1803 mei
803 1743 901 1804 eclam
916 1744 1085 1840 invidiam,

154 1846 213 1888 nun
238 1830 267 1887 in
300 1827 421 1888 illorum
460 1830 606 1908 gratiam,
641 1827 678 1886 de
712 1844 773 1905 qua
806 1834 908 1886 tamen
942 1827 1037 1887 aula
1030 1845 1072 1886 rn-

152 1909 272 1972 flentur.

236 1992 327 2067 Quod
351 2011 424 2053 vero
448 1993 669 2074 Hieronymum
692 1992 785 2070 addit,
808 1992 858 2071 qui
882 1990 989 2053 docet:
1012 1991 1071 2050 lla

156 2080 268 2137 minem
291 2095 353 2136 nan
382 2095 513 2156 peccare
546 2096 615 2137 esee
636 2075 683 2154 id,
716 2075 796 2154 quod
826 2093 888 2136 non
925 2085 1073 2158 perpetua

155 2179 258 2220 carere
282 2167 427 2239 peccata,
451 2160 512 2220 huc
534 2169 595 2236 est,
629 2121 739 2220 ius’tum
772 2159 934 2220 facientem
958 2159 1072 2223 bonum

154 2262 220 2304 nan
237 2262 315 2320 esee,
342 2242 393 2324 qui
416 2261 478 2302 non
501 2252 618 2324 peccet,
641 2241 732 2302 debet
754 2243 799 2302 aia
819 2241 965 2322 intelligi,
987 2245 1071 2322 quad

153 2325 317 2406 aliquando
340 2333 460 2405 peccat,
483 2328 562 2386 sieut
584 2325 621 2384 de
637 2321 735 2385 David
759 2324 878 2406 legitur,
903 2326 984 2406 quad
1009 2347 1072 2388 arn·

155 2429 207 2470 nea
230 2410 404 2469 voluntates
425 2408 545 2487 fecerit,
575 2417 605 2468 et
644 2417 745 2469 tamen
775 2408 941 2489 aliquanda
963 2429 1071 2509 pecca·

154 2493 237 2554 verit.
280 2491 392 2552 lterum
414 2492 463 2551 hic
485 2491 629 2552 Latomus
652 2490 740 2552 afferi
762 2507 865 2551 auum:
900 2490 1005 2554 Pateat
1026 2497 1073 2554 sic

155 2576 230 2651 dici,
265 2582 295 2634 et
316 2594 377 2636 non
402 2582 568 2652 monstrat,
600 2576 671 2653 quia
699 2573 811 2634 debeat
832 2577 876 2634 sic
900 2574 968 2636 dici.
1012 2576 1072 2639 Ob-

155 2677 253 2735 aecro,
276 2660 343 2738 quia
366 2656 627 2719 dubitatSanataa
650 2655 815 2738 aliquanda
837 2659 989 2738 peccare?
1011 2659 1073 2721 Sed

156 2743 213 2802 hoc
235 2739 429 2822 probandum
452 2741 508 2801 fuit
528 2740 669 2819 Latomo,
691 2740 774 2821 quad
794 2741 904 2801 eadem
927 2741 1075 2804 eaaetSa-

155 2825 286 2887 iomanis
309 2825 491 2886 sententia
482 2844 513 2884 m
536 2828 690 2905 praesenti
712 2826 816 2886 verbo.
862 2818 921 2887 lam
946 2825 1073 2886 alterum

155 2912 216 2976 eiua
242 2908 347 2968 vitium
370 2908 541 3005 hocloco,
560 2908 683 2988 quoda
664 2908 794 2968 animili
817 2910 931 2988 arguit,
949 2911 1073 2970 tertium

156 2994 261 3052 vitium
284 2993 391 3071 petitia
413 2991 554 3072 principii
577 2998 633 3070 est,
655 2991 739 3071 quad
760 2991 986 3079 similitudinem
1011 3012 1074 3053 nan

155 3081 236 3158 priua
257 3076 376 3158 probat.

235 3158 304 3241 Ego
327 3157 465 3220 concedo
489 3161 671 3218 sententiam
695 3156 875 3239 Hieronymi
898 3108 1073 3239 adduct-am,

155 3245 206 3305 aed
230 3262 311 3323 nega
333 3242 508 3303 Salomonis
531 3242 659 3302 similem
688 3248 718 3301 et
749 3242 888 3305 eandem.
932 3240 1075 3318 Quidfa-

155 3328 237 3388 aiae?
280 3325 457 3386 lnclamaba
485 3333 516 3385 et
537 3344 595 3405 ego
618 3325 780 3386 Latamurn
802 3327 924 3386 iterum:
967 3326 1074 3401 Audis,

156 3409 306 3473 Latcme?
348 3409 445 3469 Tuum
469 3416 694 3488 argumentum,
722 3407 805 3487 quad
825 3411 1003 3489 anampiati,
1028 3417 1075 3470 eat

154 3494 230 3556 linc:
254 3492 340 3573 Opus
364 3483 478 3552 ionum
500 3510 561 3553 nnn
576 3500 623 3552 eat
638 3499 809 3573 peccatum,
833 3499 863 3551 et
876 3491 966 3570 hanc,
988 3491 1073 3573 Opas

155 3578 268 3639 bonurn
292 3583 339 3636 eet
360 3583 537 3656 peccatum,
569 3576 727 3637 confutare
759 3574 870 3654 deberi,
905 3593 968 3636 nan
989 3577 1074 3636 illam

155 3663 302 3742 probare,
325 3659 428 3739 Sancti
452 3660 617 3740 aliquando
638 3665 785 3741 peccant,
819 3673 877 3719 nec
896 3659 979 3721 iilam
1004 3674 1076 3722 acn-

155 3749 261 3826 fatare,
284 3745 389 3806 Sancti
411 3762 565 3823 nunqnam
589 3752 727 3825 peccant.
752 3743 798 3804 De
819 3745 855 3803 iia
870 3745 957 3804 ἰιιιιιι
982 3758 1076 3807 nanto
