2392 4170
402 262 440 324 de
458 266 487 323 S.
505 266 632 325 Antonio
649 267 778 324 menits:
992 264 1060 335 466

138 437 285 500 laetitiam
319 439 442 502 animae
461 438 550 521 tuae,
584 457 677 520 quam
712 445 794 501 totus
826 439 961 501 infernus
994 458 1055 502 uon

137 523 236 604 possit
257 521 385 585 anferre.
767 544 770 563 .
831 546 834 553 ·
871 594 875 601 ,

219 605 349 681 Quaeris
369 613 486 668 autem:
515 607 599 683 Quot
613 614 696 691 sunt
723 607 818 668 verba
843 605 1057 688 promissionis

137 689 279 750 divinae?
316 690 512 771 Respondes,
535 689 617 770 quod
642 690 745 754 multa.
778 691 910 753 Primum
934 692 1057 773 quidem

137 779 183 834 est
214 772 359 854 generale
392 780 501 836 eontra
529 793 621 836 omne
654 774 767 835 malum
801 776 867 836 sive
896 783 1056 857 peccatum

137 857 203 918 sive
226 864 354 918 mortem
377 859 443 919 sive
465 858 692 919 tribulationem
714 877 942 938 quamcunque:
986 859 1057 936 Qni-

136 959 258 1019 cunque
298 940 460 1003 crediderit
482 940 527 1003 'et
562 940 777 1025 baptisatus1)
814 942 921 1019 luerit,
954 943 1071 1004 salvus¹

137 1025 194 1084 erit
217 1031 274 1085 eto.
317 1024 386 1086 Hos
417 1044 478 1087 uno
508 1037 556 1086 est
580 1027 712 1086 maxime
742 1025 954 1106 gaudendum,
980 1027 1058 1106 -quia

136 1109 162 1167 si
184 1107 214 1167 in
238 1107 434 1170 tribulatione
456 1126 639 1189 quacunque
662 1109 750 1170 huius
771 1110 985 1190 promissionis
1000 1111 1056 1171 Dei

136 1208 254 1251 memor
276 1191 368 1252 fueris
390 1201 421 1253 et
444 1195 490 1253 sic
511 1192 625 1254 dixeris
648 1201 756 1254 contra
778 1191 1058 1256 diabolum:.llnce

136 1293 196 1354 ego
220 1274 391 1355 baptizatus
426 1296 491 1336 sum
525 1284 558 1338 et
584 1275 677 1338 credo
706 1277 736 1336 in
759 1276 930 1352 Christum,
952 1275 1056 1341 adda·

136 1357 235 1418 cende
258 1376 331 1421 mox
353 1358 444 1420 illud:
474 1359 658 1441 Quicunque
687 1359 850 1421 crediderit
871 1369 901 1421 et
922 1360 1056 1440 baptiss-

137 1448 183 1502 tus
205 1442 295 1502 fuerit
308 1449 377 1517 etc,
398 1444 460 1503 iam
483 1463 516 1504 es
539 1445 662 1514 varein
684 1443 755 1505 loco
778 1443 864 1524 pacis
877 1452 907 1504 et
920 1443 1057 1506 laetitiae

135 1530 167 1584 et
189 1526 307 1604 quietis.
336 1526 368 1587 si
390 1528 470 1586 enim
494 1528 671 1588 adhaeseris
692 1527 739 1586 his
763 1526 865 1588 verbis
886 1527 1007 1604 fortiter
1026 1536 1057 1589 et
1085 1596 1087 1600 ¹

135 1626 198 1669 non
220 1607 405 1670 dubitaveris
431 1629 470 1691 ea
492 1631 561 1672 esse
593 1630 667 1671 vera
702 1617 793 1690 teque
823 1629 895 1671 vere
924 1610 1056 1691 baptiza·⁴

136 1698 210 1770 tum,
232 1693 425 1772 impossibile
446 1701 508 1773 est,
540 1700 624 1757 utte
647 1699 807 1774 peccatum
830 1693 985 1755 velmors
1007 1695 1056 1756 vel
1151 1756 1152 1762 ,

135 1772 278 1836 diabolus
301 1782 425 1856 superet
445 1784 498 1838 aut
518 1779 686 1840 contristet.
956 1794 959 1800 ·

220 1857 270 1919 Sin
302 1858 431 1939 legimus
459 1860 497 1920 de
525 1868 631 1922 sancta
655 1858 786 1939 quadarn
810 1861 942 1940 virgine,
976 1878 1056 1943 quae

133 1941 173 2002 ad
196 1959 319 2002 omnem
343 1944 544 2004 tentationem
569 1945 778 2023 cuiuscunque
799 1944 871 2004 meli
893 1963 955 2005 non
972 1944 1056 2017 aliud

134 2027 292 2107 opposuit,
316 2044 408 2105 quam
420 2045 507 2087 sunm
524 2027 719 2108 baptismum
742 2026 847 2087 dicens
863 2025 947 2110 hreni
960 2026 1055 2088 v'erbo

134 2109 174 2169 nd
187 2108 334 2171 Satanam
358 2106 391 2170 et
409 2110 448 2171 ad
472 2111 554 2171 mala
573 2111 787 2190 impugnantia
800 2111 859 2171 sic:
882 2109 1057 2182 Christiana

134 2210 220 2270 sum3
249 2195 336 2272 quasi
359 2195 489 2255 diceret:
521 2195 681 2276 Baptizato
702 2213 769 2254 sum
792 2199 823 2254 et
845 2194 955 2275 oredo,
970 2192 1055 2268 iden

134 2273 208 2334 nihil
230 2274 316 2350 facis,
340 2275 450 2352 Satan,
480 2280 552 2357 quia
573 2284 634 2339 stat
655 2283 763 2338 contra
784 2284 814 2336 te
835 2277 1056 2338 invictissimae

134 2357 348 2438 promissionis
378 2358 516 2421 verbum:
548 2361 607 2437 Qui
636 2360 799 2421 crediderit
823 2367 880 2423 etc.
922 2359 1001 2431 Nam
1022 2365 1056 2424 et

133 2439 222 2501 nobis
244 2438 405 2520 baptisatis
439 2450 470 2503 et
496 2442 690 2505 credentibus
713 2442 797 2504 dedit
818 2444 1054 2522 promissionem

133 2523 333 2604 generaliter,
370 2543 460 2604 quam
497 2534 621 2607 oportet
654 2546 724 2588 cum
751 2525 864 2587 fiducia
895 2544 1055 2610 opponere

133 2615 244 2668 contra
264 2626 356 2668 omne
378 2607 502 2690 malum,
525 2617 556 2670 et
576 2630 650 2672 mox
673 2612 840 2672 sentiemus
862 2609 1019 2672 levamen..-

214 2691 341 2752 Praeter
377 2691 458 2752 hano
495 2694 670 2772 generalem
704 2693 951 2774 promissionem·
986 2700 1057 2755 sunt

132 2775 285 2854 quaedam
307 2774 517 2856 particulares,
541 2783 583 2858 ut,
606 2778 631 2836 si
654 2783 782 2858 peccata
804 2784 857 2837 tua
877 2782 909 2838 te
929 2779 960 2837 in
984 2775 1056 2838 con'·
1102 2818 1104 2823 ,

133 2859 263 2920 seientia
285 2864 338 2920 tua
359 2859 551 2939 perturbent,
585 2859 680 2921 habes
709 2878 765 2942 pro
789 2859 916 2941 speciali
937 2859 1056 2920 laetitia

133 2941 297 3003 excitanda
319 2941 394 3003 illud
423 2939 531 3004 Matth.
557 2945 604 3008 18.
627 2943 719 3023 cap:
755 2941 968 3023 Quodcunque
996 2943 1055 3018 sol·

134 3025 238 3086 ventis
260 3045 352 3107 super
374 3025 547 3106 terram2),
580 3027 637 3086 erit
666 3026 800 3088 solutum
823 3032 882 3086 etc.
926 3025 957 3086 Si
981 3032 1054 3106 ergo

132 3109 224 3169 fueris
247 3108 407 3171 absolutus
429 3129 449 3170 a
470 3110 605 3190 peccatis
628 3110 688 3170 tuis
710 3128 768 3190 per
791 3107 983 3170 sacerdotem
1007 3109 1055 3169 vel

132 3191 312 3272 aquolibet
331 3193 362 3252 in
385 3194 579 3256 necessitatis
607 3193 746 3270 articulo,
770 3196 802 3253 et
827 3194 858 3253 in
880 3192 961 3252 hano
986 3211 1055 3273 pro·-

133 3275 310 3337 missionem
333 3275 390 3336 Dei
413 3297 484 3337 vere
506 3279 678 3358 respexeris
687 3275 726 3357 ³),
750 3294 811 3355 qua
837 3274 1012 3336 absolutum
1036 3295 1054 3336 a

133 3359 269 3439 peccatis
297 3358 350 3420 dat
378 3365 409 3419 te
438 3368 595 3442 receptum
629 3362 659 3421 in
687 3359 817 3440 gratiam
848 3364 880 3419 et
907 3378 969 3419 nnn
991 3357 1053 3420 alid

140 3491 546 3510 Ἣ

171 3570 200 3640 1)
221 3569 252 3623 ln
271 3567 316 3625 ed.
335 3568 391 3624 len.
410 3569 456 3625 hic
475 3576 503 3626 et
520 3571 599 3627 alibi:
619 3572 785 3644 baptisatus.
822 3571 855 3635 2)
876 3570 908 3624 ln
927 3569 972 3625 ed.
981 3545 1055 3640 orig

132 3641 233 3698 desunt
251 3639 351 3696 verba:
370 3647 581 3712 superterram,
600 3645 646 3700 hic
662 3645 782 3714 repetita
800 3648 865 3700 sunt
881 3658 915 3715 ex
934 3642 979 3698 ed.
998 3642 1054 3697 Ien.

132 3713 406 3845 {plebpdelrpn'desunt
428 3713 531 3770 verba:
558 3731 623 3772 vere
641 3702 811 3828 respexeris,
823 3815 826 3821 .
839 3715 885 3772 hic
903 3712 1056 3840 redduntur
