2392 4170
362 266 731 339 nasammonas.
953 263 1015 338 107
1121 316 1124 323 .
1163 258 1166 265 '

89 434 190 498 sutori
211 431 329 516 figurae
349 430 571 496 Eucharistiae.
606 432 724 514 Mirum,
747 433 830 515 quod
853 435 1014 505 alasinarn

90 517 216 581 Balaam
240 525 271 579 et
293 516 407 579 mulam
430 514 531 577 David
554 536 617 579 non
639 518 824 597 intexuerit,
860 538 928 581 oum
951 538 1013 583 non

90 603 190 664 minus
218 608 291 681 apte
318 599 473 682 potuerint
504 596 653 683 figurare,
682 600 765 681 quod
786 602 838 664 ille
859 604 963 664 asinus
983 608 1019 671 ot

90 685 189 747 mulus
211 683 377 766 praedietis
399 682 534 745 historiis
557 683 718 763 figuratum
743 684 849 751 soluit

170 768 249 831 Tum
260 766 406 831 Pontifex
428 766 460 827 in
475 766 657 830 lectionibus
675 788 804 848 surgens
825 771 855 831 ln
880 769 1014 835 medium

89 851 297 933 sesquipedali
323 850 428 926 hiatu,
457 855 489 911 ut
509 871 615 932 speres
636 853 736 933 ipsum
760 852 906 934 Spiritum
927 871 1015 921 saac-

89 948 152 998 tum
175 954 275 997 meras
303 933 344 995 de
364 932 425 995 fide
448 939 478 996 et
500 933 538 995 de
560 941 748 999 testamento
771 935 898 999 deliciae
920 943 952 1009 et
971 937 1016 999 dt-

92 1020 180 1082 vitias
203 1019 379 1096 effusurum,
401 1017 509 1097 incipit
522 1021 682 1098 prooemio
697 1020 781 1100 Papa
803 1021 907 1101 digno.
936 1018 1016 1083 Tun

91 1123 164 1166 mox
186 1102 314 1183 proripit
336 1119 405 1162 sese
426 1099 466 1161 ad
481 1101 710 1184 philosophiam
723 1103 907 1181 Aristotelis,
930 1122 1016 1191 egra-

89 1188 171 1268 giam
206 1185 289 1248 illam
323 1191 354 1245 et
382 1183 509 1264 pulchre
544 1185 747 1249 Christianam
771 1188 954 1249 concionem
976 1186 1015 1265 de

90 1267 299 1333 accidentibus
335 1273 366 1329 et
408 1266 567 1344 subiecto,
602 1269 641 1330 de
673 1270 1015 1334 transsubstantiatione

90 1358 366 1417 consummaturus.
415 1350 474 1413 Ubi
508 1371 580 1414 vero
611 1352 809 1415 Aristotelem
837 1353 956 1430 linivit,
984 1360 1016 1415 at

91 1437 192 1499 adhuc
213 1436 349 1496 esuriant
370 1435 511 1516 enimse,
535 1437 597 1497 imo
619 1443 757 1498 stercora
778 1437 936 1499 hominum
958 1450 1015 1516 pri)

90 1519 184 1582 verbo
200 1519 257 1580 Dei
274 1524 469 1599 voraverunt,
485 1519 610 1600 largitur
626 1520 837 1583 sanctissimus
847 1521 878 1581 in
894 1519 1016 1607 Christe

90 1604 181 1666 Pater
204 1603 243 1665 de
264 1599 454 1682 plenitudine
479 1602 613 1664 thesauri
636 1603 733 1665 nubea
756 1603 1017 1685 indulgentiarum

89 1689 137 1832 ll
151 1685 459 1831 lllllltlll
474 1705 575 1832 llll
588 1685 1015 1852 llldllltllllll·

88 1873 172 1935 gere,
194 1851 252 1915 sibi
276 1851 381 1913 dulces
410 1852 552 1915 lacrimas
576 1854 691 1915 stillare
713 1874 769 1934 per
791 1854 920 1928 oculos,
941 1853 1014 1915 dum

89 1938 148 1999 ista
168 1935 292 1997 divinae
314 1935 460 1997 honitatis
482 1935 635 1999 beneficis
656 1937 829 1999 meditatur.
863 1936 910 1999 Tu
934 1956 1016 1999 nuuc

88 2020 171 2100 vide,
194 2039 233 2081 an
256 2019 439 2081 Aristoteles
462 2020 705 2095 contemnendus
728 2021 781 2100 sit,
803 2021 854 2101 qui
878 2026 1016 2083 mortuus

87 2105 202 2185 Papam
225 2109 288 2164 tam
312 2101 463 2166 eruditum
487 2111 518 2166 et
537 2106 620 2186 pium
644 2105 728 2186 lacit,
749 2111 784 2167 ut
804 2123 879 2185 prae
901 2104 1016 2184 pietate

76 2187 273 2249 'lacrimetur
315 2185 365 2246 hle
386 2187 548 2266 miserum,
577 2188 628 2268 qui
655 2189 716 2251 ieta
743 2194 886 2270 portenta
913 2194 943 2249 at
971 2186 1016 2249 lu·

88 2269 187 2332 dibria
206 2270 339 2331 Satanae
367 2269 471 2333 videre
493 2289 590 2352 cogor
624 2291 680 2351 per
709 2274 787 2335 iram
808 2271 864 2332 Dei
894 2269 1016 2332 insecti·

87 2353 232 2416 mahilem
255 2372 311 2433 pro
333 2351 420 2412 seriis
445 2360 475 2412 et
498 2353 682 2415 salutaribus
705 2354 796 2416 rebus
817 2348 950 2435 proponi
966 2353 1014 2413 iu·

87 2436 270 2498 felicissimis
294 2434 483 2498 Christianis.
526 2434 585 2505 Ubi
608 2445 678 2497 sunt
700 2437 750 2499 hio
772 2437 942 2499 lacrimae?
965 2435 1016 2497 uhi

88 2521 140 2601 qui
163 2539 197 2581 se
219 2537 338 2580 murum
360 2525 521 2599 opponant
545 2519 611 2582 Deo
633 2538 690 2600 pro
713 2519 807 2581 lsrael
830 2521 860 2581 in
883 2519 1015 2587 hoodie

88 2603 198 2666 littoris
220 2600 367 2664 Domini?
774 2664 779 2677 ι

51 2757 56 2764 ,
172 2686 215 2749 Ut
234 2685 326 2747 linem
349 2684 438 2746 huius
468 2683 527 2746 loci
549 2685 708 2749 faciamus.
753 2684 871 2757 Caveat
893 2684 1016 2747 Christi·

89 2789 179 2848 anns,
199 2768 381 2852 praesertim
402 2767 596 2848 sacerdotes,
619 2788 658 2830 ne
680 2766 862 2843 scandulum
885 2787 904 2830 e
926 2772 1017 2851 testa·

90 2861 194 2915 mento
217 2853 274 2914 Dei
295 2852 420 2914 iaciant.
454 2851 564 2931 Neque
584 2853 665 2915 enim
677 2859 765 2915 setus
775 2850 1019 2930 Testamentum,

88 2956 145 3020 per
167 2935 295 3018 angelos
309 2933 501 3016 dispositum,
524 2936 638 3016 patitur
653 2953 724 3000 sese
745 2934 927 2999 sacrificium
946 2933 1018 3012 diei,

90 3039 160 3081 cum
183 3020 223 3080 sit
243 3018 370 3080 verbum
393 3019 481 3100 legis,
503 3012 715 3082 confirmatum
747 3019 870 3100 quidem
894 3036 950 3098 per
970 3036 1017 3079 aa·

91 3102 207 3165 crificia
228 3101 393 3183 pecudum,
414 3102 469 3164 sed
493 3120 554 3163 uon
568 3102 717 3184 oblatum,
739 3102 841 3185 augeli
863 3103 944 3162 euim
967 3099 1019 3162 de·

90 3186 200 3248 darunt
221 3185 342 3266 legem,
371 3186 505 3266 populus
527 3187 648 3267 accepit
675 3186 797 3266 legem,
821 3205 884 3247 uon
905 3183 1034 3259 obtulit¹

90 3270 201 3350 legem.
245 3268 341 3330 hlulto
371 3269 471 3330 minus
500 3288 614 3332 novum
640 3268 871 3349 Testamentum
906 3265 1019 3329 sacrifl-

91 3355 171 3415 oium
194 3371 263 3414 esse
285 3356 404 3432 potest,
431 3352 608 3433 peripsum
636 3352 802 3434 Dominum
826 3351 1020 3432 dispositum,

76 3456 160 3513 ‚cum
183 3436 224 3497 sit
244 3433 371 3496 verbum
393 3435 607 3517 promissionis
629 3455 683 3497 seu
706 3435 836 3517 gratias,
859 3433 1020 3497 conflrma-

91 3526 155 3583 tum
184 3517 310 3600 quidem
338 3535 394 3599 per
421 3517 605 3581 sacrificium
632 3518 746 3583 Ohristi
770 3519 805 3587 iu
827 3518 932 3594 cruca,
964 3516 1020 3579 sed

92 3622 155 3665 non
178 3603 270 3664 etiam
293 3602 392 3682 ipsum
415 3599 562 3667 oblatum.
593 3602 692 3681 Quam
715 3602 825 3665 stultus
843 3603 950 3682 itaque
971 3599 1020 3661 vel

165 3792 198 3862 1)
217 3791 250 3848 ln
267 3790 314 3850 ad.
334 3792 408 3849 len:
427 3788 591 3862 babylones.
680 3846 683 3851 .
