2392 4170
449 283 616 342 Wonnatiae
635 284 737 341 habita.
1040 280 1061 355 7

138 456 269 518 Romani
292 451 417 537 Imperii
441 454 599 536 Ordinum,
622 456 659 517 ad
682 457 793 518 solium
821 480 895 521 suae
919 462 1059 523 Maiestas·

137 541 175 601 tis
197 539 258 599 hue
280 541 385 600 voeari
409 546 439 600 te
460 541 557 616 iussit,
581 549 613 601 ut
635 541 680 600 his
703 542 820 602 duabus
844 545 882 604 de
905 547 1004 606 oausis
1028 554 1068 606 te·

135 626 374 704 interrogarem:
398 624 539 702 primum,
561 625 724 686 fatearisne
753 626 847 687 libros
882 629 938 689 bos
970 649 1057 709 prae·
1086 660 1092 684 ·.
1179 661 1182 664 ⁴

136 719 239 768 sentes
265 706 367 786 (fasee
387 706 532 767 librorum
556 728 679 769 suorum
704 710 796 771 lutino
818 720 849 770 et
882 713 1059 792 germanias
1089 730 1092 735 ·

136 793 319 870 scriptorum
354 788 511 873 ostenso),
545 794 595 870 qui
632 800 682 851 tuo
715 795 840 854 nomine
871 796 1056 874 praetitulati

136 873 400 949 oireumferuntur,
422 879 491 934 tuos
514 894 593 949 esse,
616 874 747 953 illosque
782 896 836 957 pro
870 880 928 939 tuis
964 898 1059 958 ugno-

135 976 205 1017 seae
229 975 337 1030 neone,
361 955 482 1035 deinde,
505 976 543 1016 sn
567 958 636 1018 illos
660 972 691 1018 et
714 961 882 1023 eorundem
912 968 1073 1032 contenta

135 1047 301 1101 retractare
324 1045 355 1099 et
376 1058 533 1117 revocare,
561 1041 608 1100 vel
631 1041 789 1104 inhaerere
811 1042 926 1104 eisdem
958 1047 1057 1125 potius

135 1131 166 1183 et
187 1125 363 1184 inseverare
385 1122 483 1185 velis?
864 1158 887 1171 -·
915 1156 918 1161 ·

218 1206 285 1284 Hie,
308 1207 482 1285 priusquam
508 1207 656 1269 Lutherus
683 1209 902 1290 responderet,
932 1211 1055 1274 D.=·Hie-

135 1310 282 1371 ronyruus
306 1289 435 1367 Selrurff,
457 1291 507 1368 qui
532 1291 569 1352 D.
593 1291 723 1352 Martino
747 1292 868 1353 additus
903 1294 1058 1370 adstabat,
1091 1317 1095 1325 ¹

134 1373 336 1434 exclamavit:
358 1373 553 1433 lutitulentur
576 1374 652 1438 libri.
695 1377 751 1436 Hie
773 1374 922 1440 Offieialis
954 1377 1056 1437 Treui

134 1458 243 1533 reneis,
265 1476 306 1517 ex
328 1455 410 1517 libris
433 1456 577 1519 Doetoris
601 1458 720 1518 Martini
745 1479 818 1537 eos,
842 1461 893 1538 qui
915 1459 1057 1521 Basileae

133 1540 224 1601 simul
247 1543 317 1600 sunt
340 1540 461 1615 exemi,
485 1542 664 1601 nominatim
688 1544 840 1616 recitavit,
870 1544 953 1602 inter
979 1561 1056 1622 quos

134 1622 488 1684 etiamnumerabantur
503 1624 720 1686 Commentarii
743 1628 771 1685 in
796 1626 985 1704 Psalterinmq
1008 1625 1056 1686 lti-

134 1706 237 1779 bellus
256 1705 294 1766 de
317 1706 406 1766 bonis
430 1707 584 1786 operibus,
607 1708 852 1768 Commentarius
875 1709 904 1768 in
928 1710 1068 1768 domini·

133 1809 202 1849 eam
226 1792 412 1866 orationem,
436 1797 467 1849 et
487 1797 608 1870 prester
631 1790 687 1852 hos
706 1792 757 1852 alii
773 1792 866 1852 libelli
883 1791 1056 1870 Christiani,
1093 1829 1096 1851 2

134 1891 196 1934 non
221 1873 417 1935 contentiosi.
445 1930 448 1934 ,
741 1941 743 1944 y
1094 1872 1097 1880 ’

217 1956 292 2017 Post
314 1957 391 2017 haee
412 1961 444 2016 et
464 1955 502 2016 ad
527 1956 604 2017 haee
627 1957 661 2019 D.
685 1957 832 2018 Martinus
864 1959 923 2018 ists
958 1957 1057 2018 reddi·

134 2039 179 2099 dit
203 2038 297 2099 latine
320 2057 357 2100 se
378 2042 567 2118 germaniae:

215 2121 245 2182 A
267 2121 422 2183 caesares
450 2123 609 2183 Maiestate
640 2124 701 2185 duo
733 2124 805 2183 mihi
824 2131 1058 2204 proponuntur:

133 2207 283 2285 primum,
307 2226 345 2265 sn
367 2205 462 2265 libros
492 2225 599 2266 omnes
632 2227 745 2267 nomen
776 2226 874 2268 meum
908 2206 1057 2268 habentes

133 2307 189 2368 pro
222 2291 297 2349 meis
325 2307 496 2367 agnoscere
523 2289 636 2349 velim?
671 2291 855 2368 seeundum,
884 2311 930 2359 am
955 2291 1055 2350 delen·
1079 2314 1091 2329 ··

133 2371 222 2450 dere,
253 2391 291 2430 sn
316 2390 388 2431 vero
411 2371 575 2450 quidquam
610 2373 778 2433 reclamare
811 2373 901 2432 velim
935 2393 975 2433 ex
1008 2375 1056 2448 iis,
1096 2374 1100 2391 ⁶

132 2473 214 2533 quae
236 2454 385 2515 haetenus
414 2474 468 2534 per
496 2475 543 2514 me
573 2457 686 2534 seripta
714 2464 752 2515 et·
772 2455 854 2516 edita
883 2457 977 2516 eunti
1008 2455 1054 2515 Ad
1085 2460 1088 2464 '

133 2556 213 2616 quae
235 2537 432 2618 respondebo
457 2537 596 2615 breviter,
620 2546 652 2599 ut
673 2547 792 2617 potero,
815 2544 958 2598 streete.
986 2560 995 2594 r

216 2620 360 2702 Primum,
384 2621 477 2681 libros
500 2622 559 2680 iam
579 2623 753 2681 nominatos
770 2640 832 2680 non
849 2639 974 2700 possum
992 2641 1062 2681 noo·
1080 2640 1094 2654 ··

132 2702 277 2783 ampleeti
301 2723 356 2783 pro
381 2704 468 2783 meis,
492 2711 649 2765 eteorum
674 2703 794 2782 quidem
820 2704 892 2763 nibil
922 2720 1103 2783 nuquamr·

132 2786 266 2865 negabo.
310 2786 452 2848 Ceterum
476 2785 557 2866 quod
581 2787 732 2865 sequitur,
760 2799 792 2847 ut
814 2806 984 2866 exponam,
1016 2806 1055 2846 an
1099 2808 1103 2819 ·

132 2869 299 2931 defendere
322 2871 435 2950 pariter
457 2871 560 2934 omnia
583 2870 632 2930 vel
655 2889 803 2932 revocare
833 2870 946 2930 selim?
984 2871 1057 2948 quin
1101 2890 1104 2923 ε

133 2951 256 3013 deiide
277 2962 323 3014 est
347 2954 491 3031 quaestio.
510 2958 540 3013 et
562 2954 731 3013 animarum
769 2953 887 3028 salute,
922 2961 952 3014 et
984 2953 1055 3032 quis
1094 2952 1103 2977 ³

132 3035 270 3095 divinum
294 3035 420 3115 verbum
443 3037 611 3112 ooneernit,
635 3055 696 3115 quo
713 3036 786 3096 nihil
800 3038 899 3096 maius
914 3043 969 3111 est,
993 3046 1053 3096 tarn
1101 3099 1104 3104 ,
1170 3105 1173 3111 ,

130 3119 160 3177 in
185 3119 274 3181 eoelo
295 3138 388 3198 quarn
411 3120 442 3178 in
463 3126 559 3197 terra,
589 3119 672 3198 quod
702 3139 759 3180 nos
786 3121 893 3181 merito
917 3121 1059 3202 revereri·

132 3204 279 3274 convenit
301 3203 638 3275 omnes-temerarium
661 3222 699 3264 ae
727 3204 814 3263 iuxta
847 3202 1053 3282 periculosum
1092 3244 1095 3249 -

130 3285 230 3363 luerit,
254 3305 302 3345 me
325 3284 489 3364 quidquam
515 3286 714 3364 incogitatum
738 3285 890 3366 proferre,
922 3304 991 3346 eum
1026 3293 1056 3346 et

131 3369 233 3428 minus
256 3387 348 3447 quarn
371 3387 427 3447 pro
450 3388 491 3447 re,
516 3375 546 3428 et
569 3370 666 3429 maius
688 3386 858 3448 quanipro
885 3386 969 3429 seroi
992 3387 1053 3428 uon
1090 3390 1105 3417 ε·
1162 3395 1166 3403 ·

132 3451 372 3530 praemeditatus
396 3471 534 3515 asserere
560 3455 698 3533 possim,
729 3470 872 3530 quorum=
894 3452 1104 3531 utrumquem

132 3554 180 3595 ure
203 3535 232 3594 in
253 3533 599 3610 Sententiamaddueet,
623 3555 715 3614 quam
732 3533 961 3610 chr-istoriole,
984 3546 1063 3594 oum¹

130 3618 190 3678 sit:
226 3615 285 3692 Qui
309 3637 358 3678 ure
380 3620 539 3698 negaverit
568 3637 672 3679 eoram
705 3617 898 3699 hominibusq
933 3618 1103 3698 negsbotzr·
1133 3686 1135 3691 k

131 3720 200 3760 eum
224 3719 330 3763 eoram
351 3702 441 3763 Patre
465 3721 544 3777 meo,
568 3703 671 3781 quiin
694 3701 883 3764 eoelistestaer
903 3701 1109 3780 Peteriginnu

130 3789 179 3844 tur
200 3782 260 3845 hae
280 3782 319 3844 de
342 3803 445 3863 eausa,
469 3791 500 3845 et
522 3785 643 3864 quidem
667 3785 853 3868 suppliciter,
866 3805 886 3846 a
900 3785 1054 3845 Caesarea
