2392 4170
312 265 419 323 selum
438 265 523 322 Leon.
542 266 578 322 X.
594 265 717 322 damnet.
735 280 762 321 a
779 266 867 324 rotor.
1001 261 1064 330 208

220 419 287 481 Nec
309 420 444 486 curanda
456 421 614 486 bominum
625 420 824 502 reproborum
847 420 1001 482 distinctio
1024 419 1063 481 dc

137 503 263 566 cerebro
288 523 344 566 suo
368 504 500 566 conficta
523 504 561 565 de
582 506 690 586 poenis
713 504 902 566 medicauvis
925 511 956 565 et
977 504 1062 572 satis·

136 586 281 651 lactariis.
326 587 428 649 Verba
458 587 572 650 Psalmi
604 588 687 649 clare
714 585 842 666 docent,
877 589 1006 669 peccata
1033 592 1064 648 et

135 672 312 750 iniquitates
327 673 414 753 virga
426 673 551 732 visitari.
595 671 635 733 Et
646 688 737 734 nemo
752 673 811 732 nisi
832 672 958 732 insanus
971 676 1063 751 queat

136 766 269 836 negare,
297 757 413 835 virgam
436 755 516 818 illam
541 775 610 817 cese
630 770 763 835 poenam
784 775 841 836 pro
863 756 998 835 pecects
1020 755 1063 814 in·

136 837 262 918 ticum,
285 839 350 899 sire
372 838 454 900 hauc
473 838 692 900 satisfactionis
711 840 777 901 sive
799 839 923 900 alterius
946 837 1063 917 negotii

137 921 262 984 dixeris.
306 922 376 984 Non
398 941 472 1002 ergo
495 921 613 1000 credas,
634 923 754 984 etiamsi
770 922 897 1000 angelus
920 920 957 982 dc
973 920 1064 981 coelo

137 1004 219 1066 clud
242 1004 396 1083 docuerit,
424 1012 532 1067 contra
560 1013 622 1092 tam
651 1007 843 1068 manitestam
866 1003 1063 1085 Scriptorum,

136 1088 248 1150 nedum
271 1090 298 1149 si
320 1088 416 1150 draco
438 1089 634 1169 blasphemus
657 1087 695 1148 de
717 1088 807 1150 Curia
827 1088 968 1149 Romana
981 1086 1063 1148 aliud

136 1171 255 1233 fremat.
298 1171 367 1233 Non
390 1173 524 1234 remittet
550 1173 644 1236 homo
671 1180 726 1235 aut
747 1171 835 1234 tollet
856 1172 1062 1234 visitationem

135 1254 225 1317 buius
247 1255 361 1338 virgae.

396 1442 620 1509 Vicesimus
650 1449 811 1509 tertius:

200 1597 545 1660 Excommunicationes
557 1604 628 1659 sunt
639 1604 759 1660 tantum
773 1618 894 1680 poenae
917 1604 1064 1659 externae

198 1699 258 1740 nec
280 1683 401 1762 privant
428 1682 583 1743 hominem
615 1681 827 1743 communibus
855 1681 1062 1763 spiritualibus

198 1764 350 1825 ecclesiae
372 1765 572 1828 orationibus.
682 1836 689 1850 Ι

219 1904 307 1965 Hanc
329 1908 404 1967 saris
426 1906 551 1966 tirmiter
578 1902 706 1987 probari
733 1907 764 1966 in
787 1917 928 1965 sermone
950 1903 989 1963 ds
1012 1922 1063 1963 ex-

136 1989 432 2062 communicatione,
463 1991 552 2050 ellam
576 2004 630 2070 par
650 1990 853 2070 ipsorummet
875 1986 982 2061 verba,
1012 1986 1062 2046 ubi

135 2084 217 2150 papa
240 2070 313 2130 dicit
339 2072 392 2133 lic.
415 2077 442 2138 6.
468 2073 506 2132 de
533 2079 609 2133 sent.
633 2089 822 2137 excommu:
852 2069 1061 2130 medicinalem

135 2160 166 2212 et
187 2173 248 2214 non
274 2156 450 2228 mortalem,
480 2176 541 2217 non
565 2156 771 2216 eradicantem
794 2174 862 2214 esse
886 2168 1062 2214 excommu-

135 2237 329 2298 nicationem.
382 2239 425 2300 At
451 2240 477 2298 si
507 2241 641 2320 privaret
666 2237 873 2319 spiritualibus
896 2238 1062 2297 communi-

136 2318 192 2379 bus
215 2312 320 2396 bonis,
343 2333 425 2382 certe
449 2323 586 2383 mortalis
608 2329 705 2400 esset,
727 2324 799 2400 quia
820 2321 953 2382 animam
977 2339 1063 2400 sepa·

134 2409 216 2463 rarat
237 2423 256 2462 a
279 2403 354 2468 Deo.

218 2484 286 2566 Ego
310 2493 413 2549 autern
434 2487 610 2549 fortioribus
633 2489 723 2549 nixus
746 2507 829 2565 sum,
861 2488 932 2565 quia
955 2487 986 2546 in
1007 2505 1062 2565 po·

135 2569 389 2631 testatehominis
408 2590 469 2632 nen
492 2579 552 2649 est
571 2578 604 2632 ut
627 2572 693 2652 quis
717 2570 822 2631 credat
843 2570 892 2629 vel
913 2588 975 2629 non
999 2587 1063 2633 crea

135 2652 204 2729 dat,
233 2653 301 2714 sola
324 2660 425 2714 autem
454 2652 530 2714 fides
559 2654 607 2715 vel
635 2653 830 2715 incredulitas
866 2652 989 2731 copulat
1005 2651 1062 2728 ¹vcl

135 2741 260 2816 separat
288 2739 422 2802 animam
450 2737 601 2799 ecclesiae
623 2737 698 2813 Dei,
728 2738 807 2797 sicut
829 2735 965 2797 Christus
990 2732 1071 2821 dicit¹

135 2819 230 2880 Marci
254 2819 320 2880 ult:
347 2820 405 2895 Qui
428 2820 600 2898 crediderit,
621 2820 725 2881 salvus
748 2821 818 2897 crit,
840 2819 891 2897 qui
914 2837 976 2878 non
999 2836 1060 2878 ere-

134 2901 255 2979 diderit,
278 2902 540 2966 condemnabitur.
584 2903 691 2964 Nullus
708 2910 838 2964 estvere
853 2901 1061 2978 articulorum,

134 2987 183 3063 qni
208 2985 424 3049 manifestioris
447 2988 486 3047 sit
507 2987 655 3066 veritatis,
678 3005 770 3066 quam
784 2987 852 3063 iste,
875 2991 980 3064 utego
1000 3004 1060 3046 non

133 3066 291 3151 possim1)
316 3071 390 3130 satie
413 3068 536 3130 laudare
559 3068 691 3130 divinam
713 3067 953 3150 providentiam,
981 3086 1061 3146 quae

133 3151 302 3213 draconem
323 3153 415 3212 istum
438 3153 593 3231 antiquum
618 3172 686 3214 cum
708 3172 792 3232 papa
820 3159 851 3212 st
871 3151 985 3212 rabidis
1007 3171 1059 3230 pa·

131 3235 220 3314 pistis
233 3235 296 3295 suis
309 3236 556 3313 sieexcaecavit,
580 3242 612 3297 nt
632 3237 662 3296 in
682 3242 743 3296 tam
766 3235 880 3296 claram
902 3235 1060 3294 veritatem

132 3319 226 3378 etiam
250 3337 268 3378 a
290 3320 417 3399 seipsis
439 3326 584 3380 statutam
606 3320 823 3399 impingerent,
848 3335 907 3396 qua
930 3317 977 3377 vel
1001 3335 1067 3376 una-

133 3402 283 3461 caecitate
305 3405 400 3463 totius
421 3403 510 3463 huius
532 3402 640 3464 Bullae
659 3402 856 3463 autoritatem
878 3419 941 3462 non
963 3399 1058 3460 modo

134 3484 227 3563 mihi,
250 3484 304 3545 sed
327 3488 383 3546 toti
405 3485 471 3547 orbi
493 3486 602 3546 meritc
625 3491 832 3570 contemptam
855 3482 1060 3551 reddiderunt.

348 3651 558 3666 ——t———...

191 3766 222 3838 Ι)
242 3764 274 3819 ln
292 3765 357 3820 edit
370 3769 461 3840 'triga
487 3777 612 3839 ponuat.
