2392 4170
400 249 431 303 l).
448 247 486 304 lt-
504 249 583 303 Luth.
601 247 785 303 Praeludium.
1023 245 1064 315 25

132 410 184 462 aut
205 410 369 483 utrumqne
391 403 509 479 tollere,
532 422 589 464 nec
603 403 708 462 vinum
728 406 841 481 potest.
874 401 943 462 -Nec
961 409 1064 481 potest

133 485 249 560 haberi,
272 487 417 566 qnodhic
439 486 499 547 dici
520 494 622 566 potest
633 485 821 560 adversario,
844 503 912 545 cum
932 486 1062 547 eandem

133 570 161 628 in
183 576 268 645 atra,
305 589 385 649 quac
409 572 437 630 in
468 576 597 649 utraque
626 570 746 650 specie,
779 574 964 649 potestatem
993 589 1062 630 esse

135 659 287 731 oporteat,
311 655 336 712 si
359 673 421 714 non
442 654 624 732 inutraque,
646 671 704 714 nec
730 654 759 712 in
784 659 860 713 utra.
903 651 985 731 Opto
1007 672 1062 712 uu·

136 735 208 811 dire,
233 736 307 814 qnid
331 737 380 796 hic
403 736 578 797 adulatores
602 736 731 797 Romani
753 735 847 796 velint
870 735 980 797 dicere.

214 819 277 880 Sed
310 820 393 898 quod
425 822 558 879 maxime
588 821 728 881 omniurn.
746 824 848 898 urget,
880 819 1062 898 penitusque

134 921 181 961 me
201 903 369 978 concludit,
393 904 529 964 Christus
552 902 638 963 dicit:
671 903 728 963 Hic
749 910 795 962 est
816 902 940 981 sanguis
964 921 1060 976 mens,

136 986 184 1063 qni
207 1005 264 1064 pro
300 985 389 1048 vobis
417 993 448 1047 et
469 1006 525 1067 pro
549 988 649 1047 multis
678 985 861 1061 effundetur,
896 986 926 1044 in
961 987 1064 1045 remis·

134 1069 252 1129 sionem
275 1077 483 1148 peccatorum.
514 1071 571 1130 Hic
583 1069 749 1131 clarissime
762 1070 856 1145 vides,
879 1069 1060 1148 sanguinem

137 1151 197 1210 dari
222 1153 376 1228 omnibus,
398 1173 454 1233 pro
473 1172 601 1232 quorum
624 1156 758 1233 peccatis
780 1154 864 1214 fusus
887 1160 942 1214 est.
986 1151 1061 1227 Quis

136 1254 205 1295 vero
230 1235 342 1296 audeat
366 1236 477 1312 dicere,
502 1257 557 1315 pro
581 1237 666 1298 laicis
689 1256 750 1298 non
772 1256 841 1297 csse
862 1234 984 1297 fusum?
1014 1237 1061 1295 An

137 1337 193 1378 non
218 1318 325 1396 vides,
356 1339 435 1399 quos
469 1319 634 1398 alloquitur
661 1320 736 1380 dans
759 1319 908 1381 calicem?
951 1319 1063 1379 Nonne

137 1401 275 1462 omnibns
298 1402 371 1463 dat?
393 1404 504 1464 Nonne
526 1423 582 1483 pro
596 1404 735 1464 omnibus
756 1404 856 1464 fusum
879 1402 972 1463 dicit?
1002 1402 1061 1463 Pro

137 1484 230 1559 robis,
253 1487 361 1564 inquit.
392 1486 480 1565 usto,
503 1488 562 1547 sint
575 1488 595 1546 ii
608 1487 794 1566 sacerdotes,
818 1494 849 1547 et
870 1506 927 1566 pro
951 1486 1062 1560 multis,

136 1568 235 1630 iinon
260 1576 392 1648 possunt
414 1589 484 1630 esse
506 1570 693 1649 sacerdotes,
715 1577 869 1631 ettamen
893 1569 980 1630 dicit:
1012 1569 1062 1628 Bi-

137 1651 192 1710 bite
216 1671 257 1711 ex
283 1670 321 1712 eo
345 1672 462 1715 omnes.
493 1653 610 1714 Vellem
634 1660 664 1714 et
686 1673 744 1734 ego
766 1653 816 1713 hic
837 1655 943 1733 nugari
961 1652 1061 1731 facile,

140 1735 289 1794 etverbis
314 1737 389 1796 ineis
411 1735 538 1797 illudere
560 1736 653 1797 verba
675 1736 800 1815 Christi,
836 1745 867 1797 ut
896 1755 981 1797 meus
1012 1756 1065 1795 nu-

138 1823 224 1896 gator
252 1818 336 1880 lacit.
387 1818 447 1879 Sed
476 1821 632 1898 scripturis
660 1819 861 1898 redarguendi
891 1828 975 1893 sunt,
1011 1820 1062 1899 qui
1126 1877 1128 1882 .

137 1902 293 1979 scripturis
316 1903 452 1962 nituntur
474 1912 581 1963 contra
601 1922 666 1966 uos.
703 1903 789 1963 Haec
810 1911 891 1982 sunt,
914 1922 991 1980 quae
1015 1922 1064 1962 me

136 1984 357 2061 prohibuerunt
379 1985 533 2046 Bohernos
557 1987 717 2062 damnare,
741 1988 802 2066 qui,
825 1987 889 2046 sive
911 1987 970 2047 sint
993 1985 1063 2046 mali

135 2067 196 2127 sive
226 2066 320 2145 boni,
347 2076 431 2128 certe
461 2068 584 2129 verbum
613 2076 644 2129 ct
668 2069 781 2130 factum
810 2069 920 2131 Christi
950 2070 1064 2128 habent

135 2169 186 2227 pro
211 2169 259 2227 se,
282 2169 340 2208 nos
365 2158 466 2210 autem
489 2160 640 2228 neutrum,
662 2153 717 2213 sed
738 2159 854 2215 rantum
875 2155 968 2212 inane
990 2151 1062 2211 illud

134 2232 293 2292 hominum
317 2242 541 2297 commentum:
565 2236 703 2296 Ecclesia
726 2237 771 2294 sic
792 2235 962 2309 ordinavit,
993 2254 1061 2294 curn

135 2335 192 2376 non
216 2315 361 2387 ecclesia,
385 2317 439 2376 sed
457 2320 577 2397 tyranni
601 2319 810 2395 ecclesiarum,
834 2320 909 2378 citra
933 2337 1063 2378 consen·

133 2418 194 2458 sum
220 2398 373 2459 ecclesiae
399 2399 448 2480 (id
471 2408 535 2475 est,
558 2402 663 2483 populi
686 2399 780 2482 Dei),
802 2402 861 2461 ista
884 2401 1060 2462 ordinarint.

213 2481 356 2544 Obsecro
379 2490 491 2559 antem,
514 2493 661 2562 quaeest
683 2484 871 2544 necessitas?
893 2504 972 2564 quae
994 2483 1061 2544 reli·

135 2565 205 2642 gio?
228 2584 311 2644 quae
334 2566 468 2626 utilitas?
491 2567 576 2627 laicis
601 2587 713 2647 negare
736 2575 896 2646 utramque
916 2569 1061 2646 speciem,

132 2647 241 2724 idest,
267 2649 389 2728 signum
423 2649 559 2726 visibile,
594 2651 717 2729 quando
748 2670 855 2710 omnes
889 2650 1063 2710 concedunt

131 2732 172 2790 eis
196 2751 262 2791 rem
286 2735 470 2796 sacramenti
493 2735 560 2792 sine
580 2735 680 2814 signo.
736 2733 768 2794 Si
790 2753 852 2793 rem
877 2733 1062 2808 concedunt,

132 2832 211 2893 qnae
234 2816 335 2874 maior
358 2822 420 2891 est,
450 2835 505 2876 cur
526 2817 664 2895 signum,
687 2816 768 2896 quod
792 2818 891 2876 minus
914 2824 977 2890 est,
999 2834 1060 2876 nou

133 2895 329 2957 concedunt?
362 2900 395 2958 ln
424 2900 508 2959 omni
535 2900 615 2959 enim
647 2907 840 2960 sacramento
863 2901 1000 2978 signum,
1031 2898 1062 2957 in

134 2988 281 3057 quantum
305 2982 444 3060 signum,
475 2982 756 3062 incomparabiliter
778 2984 876 3042 minus
899 2989 946 3042 est
968 3000 1060 3060 quarn

135 3082 184 3121 res
204 3063 283 3142 ipsa.
323 3062 408 3139 Quid
432 3084 506 3144 ergo
528 3064 680 3145 prohibet,
701 3067 842 3144 inquam,
866 3067 965 3124 minus
989 3063 1064 3139 dari,

134 3145 259 3223 quando
282 3147 381 3207 maius
396 3146 494 3216 datur,
517 3149 576 3228 nisi
590 3148 674 3227 quod
696 3148 766 3208 milri
781 3149 839 3208 hac
860 3148 1063 3227 permissione

134 3229 199 3289 irati
214 3229 273 3289 Dei
287 3229 408 3290 videtur-
418 3232 594 3310 contigisse,
616 3238 649 3291 nt
661 3240 742 3291 esset
751 3232 876 3293 occasio
892 3229 1063 3289 schismatis

133 3311 162 3370 in
185 3312 334 3388 ecclesia,
360 3313 684 3393 dnasigniflcarctur,
721 3333 778 3375 nos
793 3333 844 3373 :ra
877 3310 1061 3373 sacramenti

135 3395 310 3455 iamdudum
335 3398 457 3473 amissa,
480 3406 606 3476 propter
632 3398 822 3475 signum,?·st·
841 3396 882 3471 id,
902 3394 1064 3473 quodami-

135 3496 189 3536 nns
213 3486 276 3556 est,
294 3486 413 3540 contra
441 3500 509 3540 rem·
528 3481 702 3540 ¹maximam
715 3524 718 3531 ,
730 3486 761 3539 ct
789 3479 900 3540 solam*
915 3488 1063 3557 pugnare,

135 3561 221 3621 sicuti
244 3562 454 3643 quidarnpro
478 3564 959 3642 ceremoniis.,pugnant;=oontra
988 3561 1063 3620 uari-

136 3652 237 3707 tatsrn.
266 3646 367 3706 .-1m0·
395 3653 538 3726 coaptum
575 3645 703 3707 videtur
720 3645 785 3706 troc
822 3651 990 3704 monstrum
1005 3658 1062 3705 :eo

132 3734 291 3811 tempora5
313 3734 474 3811 iquorprc
486 3727 1063 3809 ..divitiisnnnui,coepimus-copus
