2392 4170
138 265 215 359 20ss¹
495 261 537 326 De
555 261 720 341 abroganda

144 447 282 521 petuam.
326 436 362 502 In
386 441 524 505 Samaria
545 451 646 504 autem
670 444 752 522 viget
774 443 824 503 bie
845 439 953 508 nultus.
987 438 1068 520 Quid

142 529 190 585 est
212 523 273 584 boo
302 523 383 584 aliud
406 528 462 585 nisi
491 529 520 586 in
545 535 673 587 externa
696 526 896 597 ,observantia
916 527 1068 606 tonorum,

145 607 287 684 vestium,
309 607 463 689 oiboram,
488 612 575 670 aienti
600 609 738 671 videmus
764 610 793 669 in
825 610 868 669 eis
891 608 977 670 fieri?
1011 609 1069 672 Sa·

144 691 241 757 maria
262 691 343 750 enim
369 691 565 753 observantia
587 693 635 752 vei
658 692 797 752 custodia
820 693 937 754 dieitur.

224 773 354 833 Lauoeis
383 794 456 836 vero
486 784 516 836 et
538 776 641 835 cultris
664 795 731 835 sese
753 776 891 835 incidunt
916 778 974 835 ritu
998 796 1067 855 suo,

142 854 213 917 dum
237 858 390 917 statutuiis
414 867 444 917 et
466 859 599 918 artioulis
622 861 650 917 in
674 857 740 918 dies
753 859 841 918 novis
855 860 986 939 seipsos
1008 861 1068 919 dis-

143 940 290 1018 eruoiant,
313 959 434 1019 semper
458 940 621 1020 discentes,
644 949 675 1002 et
689 960 844 1020 nunquam
868 941 906 1001 ad
929 943 1067 1002 veritatis

85 1075 88 1079 .
142 1022 301 1083 seientiam
324 1024 549 1103 pervenientes.
588 1024 666 1083 Nam
689 1024 778 1086 Ahab
801 1025 882 1084 oultu
905 1025 980 1085 Raal
1003 1044 1066 1086 non
1178 1078 1181 1083 .

142 1103 271 1186 putabat
292 1107 349 1166 nisi
373 1124 445 1169 vero
468 1108 534 1167 Deo
558 1126 626 1167 sese
648 1106 794 1185 obsequi,
817 1107 899 1186 quod
922 1128 962 1168 ex
984 1108 1068 1169 Oses

142 1195 237 1268 patet,
260 1188 312 1249 ubi
334 1189 484 1250 Dominus
508 1190 669 1273 promittit:
692 1188 764 1252 Nou
788 1189 911 1250 vocabit
933 1210 982 1250 me
1004 1211 1067 1252 am·

140 1270 220 1351 ptius
253 1272 384 1351 Baalim,
414 1273 467 1333 sed
491 1273 598 1352 Baali,
630 1271 660 1332 id
684 1279 749 1354 est,
771 1273 840 1332 Non
870 1273 995 1337 vocabit
1016 1293 1066 1335 me

141 1354 207 1431 viri,
233 1355 285 1415 sed
308 1357 353 1415 vir
375 1375 471 1433 meus,
494 1357 749 1436 soiiioetsimpiioi
773 1365 804 1416 et
824 1377 884 1416 una
907 1355 978 1436 fide,
1002 1376 1065 1418 non

141 1437 243 1497 multis
266 1457 395 1517 operum
408 1440 604 1499 varietatibus
627 1459 675 1498 me
698 1439 789 1501 oolet.
833 1439 881 1500 Ita
902 1450 931 1500 et
953 1440 984 1500 hi
1001 1442 1065 1500 suis

143 1521 224 1581 votis
246 1539 310 1581 non
332 1522 452 1598 vident,
483 1532 515 1582 ut
545 1522 602 1583 sibi
623 1523 805 1602 ipsis,'non
829 1523 894 1583 Deo
918 1524 1065 1603 serviunt,

142 1621 212 1664 oum
232 1602 301 1665 Deo
333 1605 400 1665 sola
422 1604 502 1684 fide,
532 1624 594 1666 non
624 1613 725 1665 autem
757 1605 900 1686 operibus
928 1625 946 1666 a
975 1607 1066 1668 nobis

141 1685 247 1747 eleotis
270 1689 375 1748 serviri
396 1690 504 1768 possit.
548 1687 701 1768 Quidquid
724 1691 804 1748 enim
826 1690 957 1750 iite·non
982 1709 1066 1751 mau-

141 1768 194 1829 dat
216 1777 246 1831 et
269 1790 288 1831 a
309 1771 485 1852 nobisipsis
510 1771 640 1852 eligitur,
664 1772 839 1832 damnatum
854 1779 901 1833 est
923 1773 1065 1851 periliud

140 1850 230 1917 Dent.
260 1857 313 1920 12:
346 1855 416 1916 Non
453 1854 560 1934 facies,
593 1854 676 1933 quod
705 1855 759 1915 tibi
788 1864 903 1918 reatum
936 1857 1066 1918 videtur.

140 1935 274 1998 Abunde
296 1941 375 1999 enim
398 1946 566 2019 praecepta
587 1945 667 2017 sunt,
688 1958 768 2016 quae
790 1939 890 2000 faeere
907 1938 1066 2018 debemus,

140 2026 175 2081 ut
196 2021 337 2081 eleotitiis
359 2021 434 2081 nihil
455 2023 494 2082 sit
515 2042 604 2102 opus,
618 2025 691 2101 quin
714 2023 846 2083 eieotitia
868 2041 993 2102 semper
1015 2023 1066 2084 ad—

139 2112 300 2164 versantur
333 2106 506 2184 praeoeptis
536 2106 612 2183 Dei,
646 2114 770 2184 propter
796 2106 931 2186 speoiem
967 2125 1065 2185 suam,

140 2186 221 2247 siout
241 2187 316 2247 Baal
338 2186 518 2248 adversatur
541 2189 607 2247 Deo
632 2207 715 2249 vero.

224 2269 369 2330 Ultimum
401 2279 449 2331 est
470 2272 585 2331 idolum
607 2271 748 2349 Moiooh,
776 2269 857 2349 quod
886 2291 903 2331 a
933 2272 1066 2349 Malaob,

139 2352 172 2414 id
195 2361 251 2432 est,
273 2356 426 2433 regnavit,
450 2357 552 2415 venire
575 2375 637 2414 non
664 2362 710 2414 est
733 2354 865 2414 dubium.
899 2355 936 2414 Et
957 2375 1065 2416 servus

137 2436 191 2497 ille
213 2437 379 2517 Pontifiois,
402 2440 487 2498 euius
511 2439 616 2498 Petrus
634 2437 763 2497 abscidit
792 2438 969 2518 auriculam,
994 2439 1067 2498 Mai·

139 2520 213 2581 ohus
236 2530 372 2599 vocatur,
395 2522 507 2601 Regius
530 2522 647 2581 soilioet
658 2524 714 2584 καὶ
725 2520 940 2601 santanae).
968 2521 1065 2582 Huius

139 2603 252 2664 uultum
275 2604 452 2665 describunt
473 2606 575 2664 Moses
605 2613 635 2665 et
656 2605 825 2664 Hieremias
855 2605 947 2664 fuisse
983 2607 1064 2665 eius·

137 2687 240 2768 modi,
264 2697 296 2748 ut
316 2687 397 2748 titios
424 2690 451 2751 ei
477 2691 549 2767 igne
571 2697 753 2763 exurerent,
785 2687 920 2747 arbitrati
944 2689 1064 2748 seiiioet

137 2771 204 2832 Deo
218 2774 384 2832 maximum
407 2781 437 2831 et
454 2791 604 2832 summum
619 2770 799 2849 obsequium
814 2790 881 2829 sese
894 2779 1064 2851 praestare,

139 2856 221 2934 quod
246 2856 391 2935 exemplo
415 2856 557 2916 Abrahae
579 2853 648 2914 filiis
663 2854 794 2934 propriis
818 2866 1064 2933 nonparoerent,

137 2957 201 2998 non
234 2938 325 2998 modo
354 2957 414 2998 non
438 2939 556 3012 vocati,
581 2940 660 2996 siout
683 2937 852 3012 Abrabam,
885 2936 938 2996 sed
969 2938 1062 2997 etiam

137 3024 203 3082 sine
225 3020 296 3100 tide,
320 3030 351 3083 et
373 3040 442 3081 oum
467 3040 586 3080 summa
607 3021 780 3098 impietate,
801 3019 873 3079 ideo
897 3039 958 3079 non
983 3025 1062 3098 Deo,

137 3105 192 3165 sed
215 3105 385 3166 daemoniis
408 3124 461 3164 eos
483 3105 630 3163 lustrasse
651 3102 733 3162 tilios
751 3121 823 3162 suos
847 3103 958 3163 Psalm.
976 3104 1063 3181 78²),

136 3195 274 3253 testatur.
310 3187 398 3264 Quod
423 3190 502 3248 enim
526 3187 577 3249 illo
602 3195 732 3246 vooante
754 3193 785 3246 et
806 3186 971 3247 mandante
995 3207 1061 3249 nou

137 3271 181 3353 fit,
204 3291 266 3332 uon
289 3272 357 3348 sibi,
380 3269 437 3333 sed
460 3271 646 3348 daemoniis,
670 3270 719 3349 qui
743 3270 996 3348 hoosuggeruut,
1020 3271 1063 3349 iit,

138 3354 361 3435 quantumlibet
383 3375 495 3416 nomen
519 3352 575 3415 Dei
598 3361 803 3432 praetexatur.

218 3438 403 3500 Aoademias
426 3458 498 3518 ergo
521 3439 570 3496 hio
592 3437 706 3515 putabo
721 3437 875 3516 figuratas,
898 3437 1062 3516 inquibus

136 3525 253 3603 optima
274 3530 305 3582 et
327 3522 453 3581 eleotior
478 3541 547 3601 pars
570 3521 734 3579 iuventutis
756 3518 948 3579 Christianae
971 3520 1063 3581 offer-

136 3613 194 3688 tur,
217 3606 305 3686 quasi
327 3605 357 3663 in
380 3603 686 3682 holocaustum-Deo,
710 3610 742 3664 ut
763 3603 804 3663 ibi
827 3601 1009 3664 erudiantur
1033 3613 1064 3664 ot

208 3787 240 3863 1)
262 3785 292 3842 In
310 3785 353 3843 ed.
373 3785 443 3842 Iam:
465 3787 513 3841 καὶ
530 3782 685 3855 βασιλικός.
731 3787 762 3858 2)
784 3786 815 3841 In
833 3783 876 3842 ad.
903 3786 992 3859 orig:
1017 3791 1061 3848 77.
