2392 4170
184 250 228 319 98
271 232 369 309 Ludus
385 249 466 308 Lutlr
484 265 502 305 a
520 248 584 306 stol.
603 256 632 307 et
647 248 729 306 sacri.
747 246 878 307 Sorbona
894 243 1026 305 ιιιιιιιιιιι

192 423 347 503 omnibus,
370 424 442 504 quia
463 442 482 483 ι
504 421 617 503 Spiritu
639 430 747 484 sancto
770 421 892 501 dicitur,
911 420 962 484 Sic
973 420 1112 483 Obrimus

189 506 239 568 hic
262 507 348 567 dicit:
370 505 487 570 Omnes
510 515 580 566 sunt
601 507 750 567 docibiles
773 506 832 566 Dei
843 523 958 602 ,ergo
981 504 1031 584 qui
1054 522 1111 565 eos

187 608 249 651 non
271 591 372 670 audit,
395 590 515 666 Deum,
539 591 590 669 qui
624 609 678 651 eos
707 591 799 651 docet
827 597 859 650 et
878 590 1023 683 inspirat,
1046 605 1111 648 non

130 718 135 725 ,
186 674 279 751 audit,
302 673 376 734 nihil
397 691 472 753 ergo
484 674 611 753 prodest
632 674 684 734 illa
706 674 844 738 solennis
872 635 1044 751 distinctio,
1065 690 1112 732 re-

120 800 131 813 ,
186 756 371 854 spondetur:
395 757 536 817 Diximus
551 757 644 836 prius,
667 757 749 837 quod
763 756 891 817 multum
902 755 1043 817 taediosa
1064 762 1115 815 est

185 841 245 901 rata
256 841 334 900 ratio
349 848 380 900 et
391 848 493 901 tamen
517 858 580 901 non
603 841 768 917 concludit,
792 841 863 919 quia
876 837 997 981 sequilp
1014 838 1113 899 vellet

187 942 330 1002 magnum
355 932 385 984 et
407 923 560 984 multum
552 926 784 1000 inconveniens,
806 922 919 1002 quod
911 943 942 983 ιιι
945 922 1036 982 ferior
1059 923 1112 982 de-

186 1007 272 1067 beret
294 1010 406 1067 docere
433 1009 640 1086 superiorem,
668 1007 739 1068 ideo
762 1008 813 1085 qui
836 1006 1015 1087 simpliciter
1046 1005 1113 1066 vult

175 1090 297 1167 dicere,
318 1094 423 1169 potest
443 1090 555 1170 dicere,
578 1091 745 1151 secuudum
767 1091 904 1170 regulam
928 1089 1057 1170 primam
1081 1096 1114 1149 et

185 1175 362 1250 secundam,
387 1174 470 1252 quod
494 1173 650 1253 Scriptura
670 1176 730 1233 ista
751 1181 798 1233 est
820 1174 968 1250 obscura,
992 1180 1026 1233 et
1046 1190 1112 1233 non

186 1255 340 1316 credenda
361 1258 539 1337 simpliciter
553 1258 687 1337 allegata
709 1259 775 1317 sine
793 1257 909 1337 glossa.
943 1255 1110 1332 Quomodo

178 1348 288 1400 ‚autem
312 1342 350 1399 sit
368 1339 546 1420 glossando,
570 1350 696 1420 propter
707 1340 913 1420 prolixitatem
938 1339 1112 1400 etbrevita-

178 1430 247 1495 tem
268 1425 415 1502 temporis
437 1425 673 1504 supersedemus
696 1443 792 1503 usque
820 1425 851 1484 in
874 1424 956 1484 aliud
979 1428 1111 1503 tempus.

267 1506 353 1567 Haec
371 1526 427 1586 pro
451 1526 532 1567 nunc
553 1507 723 1588 sufficiant,
747 1527 802 1588 pro
825 1505 1057 1567 introductorio-
1071 1506 1111 1566 ad

179 1609 306 1661 ,sacram
319 1589 508 1670 theologiam
524 1589 718 1670 studendam,
742 1598 774 1651 ut
795 1592 873 1651 sciat
889 1591 1110 1670 unusquisque,

187 1672 237 1734 ubi
273 1672 384 1734 debeat
406 1675 562 1817 incipere,
591 1694 629 1734 ne
654 1682 744 1750 erret
768 1676 792 1733 si
816 1673 989 1770 Scripturas
1010 1674 1112 1752 primo

186 1754 433 1852 apprehenderit,
455 1765 486 1817 et
507 1766 613 1836 pereat
634 1759 664 1817 in
689 1757 924 1818 obscuritatibus
953 1759 1028 1818 eius
1071 1755 1113 1816 Et

186 1841 233 1900 sic
260 1840 418 1921 Apologia
449 1843 508 1900 ista
535 1841 667 1921 Philippi
700 1839 945 1902 Melanchthonis
977 1841 1112 1901 funditus

177 1931 235 1997 ,est
255 1924 411 1987 subversa.

268 2007 347 2067 Acta
369 2015 440 2067 sunt
462 2007 538 2067 haec
560 2007 737 2085 Sorbonae,
761 2007 875 2085 modis,
898 2007 1019 2085 animis,
1042 2025 1111 2088 per-

175 2091 280 2168 sonis,
306 2089 412 2150 studiis
447 2097 480 2151 et
511 2091 652 2152 omnibus
687 2091 923 2151 circumstantiis
952 2090 1110 2169 requisitis

186 2180 217 2233 et
238 2175 436 2250 necessariis,
467 2175 574 2253 quibus
605 2184 636 2235 et
664 2177 694 2235 in
723 2177 821 2255 prima
843 2174 1112 2240 Determinatione

188 2257 233 2315 usi
256 2276 370 2334 sumus,
393 2257 449 2317 nisi
473 2259 555 2337 quod
579 2259 710 2319 eundum
734 2260 867 2319 diamt
837 2267 867 2317 at
888 2277 1025 2318 mensem
1048 2280 1112 2322 sor-

179 2359 261 2400 -vare
283 2359 343 2401 non
375 2343 551 2420 potuimus,
581 2352 684 2404 tamen
714 2343 804 2422 culpa
832 2350 939 2404 nostra
961 2360 1025 2402 non
1047 2347 1113 2422 fuit,

187 2424 260 2502 quia
280 2426 516 2505 praeterierant,
490 2427 658 2488 tirustra
680 2429 802 2506 rogati,
830 2433 863 2486 ut
891 2439 1052 2491 manerent
1072 2389 1113 2491 ιιι

186 2505 279 2580 linem
302 2526 423 2570 causac

602 2594 693 2656 Finis.

188 2716 314 2724 ——-----
565 2717 602 2723 -.

211 2810 215 2815 .
258 2762 291 2823 l)
308 2758 391 2815 lbid.:
411 2776 538 2829 sequere.
