2392 4170
135 243 177 313 rs
371 248 409 303 os
428 246 507 319 cept.
526 247 625 319 sanyr.
645 222 785 304 metense

135 402 278 466 omnibus
299 422 478 465 communes
501 409 581 481 sunt,
604 410 634 465 st
655 422 747 484 super
767 408 899 484 peooata
912 402 1063 464 duntaxat

135 486 253 563 valent,
280 487 386 549 Matth.
411 488 458 551 18.
502 486 578 548 Cum
617 495 717 548 sutem
748 494 779 547 et
806 487 863 565 ipsi
898 487 1062 560 fateantur,

135 579 209 630 vota
230 590 298 630 esse
319 572 392 631 iuris
416 570 525 647 divini,
558 569 629 650 quid
653 572 779 632 miseras
810 569 889 631 fallit
910 577 941 630 et
962 569 1062 650 perdit

135 655 254 715 animas
275 654 456 735 dispensans
478 655 507 713 in
530 655 597 715 iure
625 654 746 732 divino,
779 653 861 732 quod
897 660 944 714 est
969 652 1063 714 indis·

135 736 317 818 pensabile?
340 738 475 798 Blaterat
497 737 618 817 quidem
637 739 682 800 tit.
706 737 817 808 dsunt.
829 738 935 797 etvoti
947 735 1070 798 nedem.-

135 841 169 880 se
191 840 297 919 posse·
307 827 425 881 mutare
446 828 537 896 vota,
565 823 644 882 sient
672 821 744 882 olim
766 822 796 880 in
819 820 888 900 lege
909 821 1062 901 primoge-

134 906 231 965 nitum
253 906 330 966 asini
353 903 526 965 mutabatur
541 924 617 981 ove,
641 906 727 984 quasi
749 904 830 964 idem
853 905 893 963 sit
909 904 1063 984 primoge-

134 989 229 1048 nitum
238 989 315 1048 asim
308 989 418 1048 'tet
365 995 418 1048 vot
419 1008 468 1046 um
472 988 574 1066 ,quod
583 997 645 1048 tam
657 993 834 1049 constanter
846 986 958 1066 ubique
966 987 1064 1067 exigit

134 1070 235 1132 reddi:
260 1078 312 1133 aut
334 1073 359 1131 si
382 1071 562 1132 Dominus
554 1091 584 1130 rn
607 1071 676 1150 lege
699 1091 755 1132 sua
779 1090 868 1130 ovem
890 1089 947 1150 pro
971 1071 1061 1131 asino

133 1161 248 1215 statuat
271 1156 395 1232 mutari,
425 1174 498 1215 mox
520 1156 611 1214 etiam
633 1156 726 1215 homo
748 1173 830 1233 papa
853 1155 883 1213 in
906 1154 975 1234 lege
997 1171 1060 1215 uon

133 1257 199 1314 sua,
216 1238 269 1298 sed
284 1237 420 1298 eiusdem
433 1239 491 1298 Dei
503 1236 631 1298 eandem
645 1237 757 1299 habeat
770 1241 962 1317 potestatem.
990 1235 1061 1297 Non

133 1340 215 1402 papa
242 1321 323 1381 hano
352 1320 536 1382 decretalem
566 1321 652 1396 feeit,
685 1322 738 1382 sed
758 1323 862 1381 asinus
891 1338 947 1400 pro
978 1339 1062 1399 papa

133 1410 284 1484 mutatus,
306 1407 351 1464 sio
372 1406 531 1484 insigniter
552 1411 582 1464 et
603 1404 714 1465 delirus
736 1409 766 1464 et
787 1405 898 1483 impius
921 1409 977 1464 est.

216 1487 387 1566 Posterior,
421 1487 503 1566 quod
536 1507 638 1548 rursus
668 1486 805 1550 deosmit
832 1487 1062 1547 matrimonium

134 1568 249 1647 dirimi,
271 1572 296 1631 si
319 1570 396 1631 alter
417 1572 513 1631 attero
537 1571 628 1631 etiam
651 1572 747 1631 invito
779 1571 998 1630 monasterium
1019 1569 1063 1628 in-

133 1651 304 1733 grediatur,
338 1653 472 1714 nondum
503 1660 717 1714 eonsummato
748 1653 952 1714 matrimonio.
1002 1651 1063 1713 Ob·

134 1754 233 1814 seoro,
256 1738 323 1815 quis
341 1745 428 1797 satan
443 1738 521 1799 haee
533 1739 661 1816 inspiret
674 1756 776 1818 popae
792 1735 956 1816 portenta?
977 1735 1062 1796 Deus

25 1816 28 1821 ’
133 1821 283 1900 praecipit
303 1820 419 1881 homini
444 1822 558 1881 servari
579 1820 681 1899 fidem,
705 1828 734 1880 et
757 1821 914 1880 veritatem
928 1819 1062 1879 invioem

135 1902 304 1980 eustodire,
339 1903 449 1963 deinde
478 1904 516 1964 ds
545 1923 600 1964 suo
630 1921 782 1982 quemque
811 1903 913 1965 faeere
935 1901 1062 1980 bonnm,

133 1985 199 2046 odit
221 1987 302 2046 enim
325 1989 464 2064 rapinam
491 1988 521 2046 in
550 1985 781 2063 holocaustum,
810 1992 844 2046 ut
873 2005 928 2065 per
948 1982 1061 2046 Isaiam

134 2067 215 2129 dioit.
260 2070 300 2128 At
327 2070 462 2129 ooninnx
490 2069 566 2129 alter
599 2070 684 2130 alteri
724 2088 778 2148 per
805 2075 928 2148 paetum
968 2066 1061 2128 fidem

135 2149 236 2230 debet,
259 2170 316 2211 neo
338 2171 410 2211 suus
433 2159 488 2232 est,
512 2171 602 2231 quam
626 2153 710 2212 nullo
739 2154 804 2212 iure
827 2157 931 2232 potest
952 2149 1061 2212 dissol-

132 2252 213 2310 vere,
237 2241 268 2294 et
288 2234 431 2313 quiequid
455 2235 492 2295 de
514 2255 548 2295 ss
569 2235 651 2311 tacit,
674 2236 712 2296 de
732 2237 840 2315 rapina
867 2234 939 2294 faoit
961 2233 1058 2295 altero

131 2317 238 2378 invito.
287 2318 349 2377 Aut
370 2336 464 2396 quare
484 2337 545 2378 non
569 2320 660 2378 etiam
682 2318 741 2378 hae
763 2316 884 2396 regula,
914 2317 966 2393 qui
989 2335 1061 2377 aere

133 2399 233 2460 alieno
256 2401 418 2479 premitur,
451 2402 629 2559 religiqrem
653 2402 744 2461 intrat
767 2408 797 2460 et
818 2399 998 2479 suscipitur,
1028 2404 1062 2459 ut

134 2481 284 2542 adebitis
306 2482 450 2544 liberetur
498 2493 529 2543 ut
574 2483 654 2543 dem
674 2484 764 2543 lineat
789 2481 923 2563 negare?
957 2482 1061 2556 Casei,

135 2567 236 2644 eaeei,
266 2566 405 2645 quidest
427 2566 548 2627 maius?
579 2565 656 2626 fides
678 2585 697 2626 a
718 2567 784 2627 Deo
807 2571 988 2646 praesepta,
1020 2585 1060 2625 an

133 2655 239 2709 votum
269 2668 323 2728 per
353 2650 506 2710 hominem
536 2651 745 2729 exoogitatnm
774 2656 806 2709 et
834 2647 987 2709 electum?
1014 2647 1062 2708 Tu

133 2750 167 2791 ss
200 2737 306 2811 pastor
339 2734 507 2792 animarum
536 2732 641 2812 papa?
674 2739 705 2792 et
732 2751 788 2793 vos
816 2733 889 2792 estis
917 2729 1061 2791 dootores

134 2833 241 2874 saorae
254 2815 440 2894 theologiae,
463 2816 513 2894 qui
535 2815 614 2877 haee
631 2815 769 2890 docetis?
792 2814 952 2890 Quaenim
966 2833 1061 2874 eausa

133 2897 179 2957 sie
200 2895 337 2958 docetis?
358 2898 477 2977 Nempe
490 2897 572 2976 quod
594 2903 698 2958 votum
712 2898 838 2958 meliore
850 2917 944 2976 opere
966 2915 1060 2975 quam

133 2981 311 3060 coniugium
333 2981 475 3055 ornastis,
498 2980 552 3041 sed
576 2999 637 3041 non
660 2980 762 3055 fidem,
785 2999 864 3060 quae
886 2979 954 3041 sola
976 2999 1062 3059 mag·

134 3061 238 3123 nifiont
261 3065 378 3140 omnia,
402 3064 457 3124 sed
491 3083 585 3143 opera
615 3064 835 3143 magnifioatis,
875 3081 954 3142 quae
987 3062 1061 3122 nihil

133 3151 204 3206 sunt
224 3164 329 3206 eoram
353 3148 439 3227 Deo,
460 3153 512 3207 aut
535 3149 640 3208 omnia
663 3146 818 3226 aequalia,
850 3154 995 3224 quantum
1020 3143 1060 3206 ad

132 3229 272 3289 meritum
294 3229 410 3292 attinet.

215 3312 284 3391 Ego
306 3313 410 3391 itaque
432 3330 492 3373 non
516 3312 632 3387 dubito,
654 3312 683 3371 in
708 3312 801 3387 votis,
825 3311 850 3370 si
870 3318 956 3371 reeta
977 3317 1060 3390 sunt,

132 3412 233 3472 neque
268 3395 408 3456 homines
441 3415 542 3474 neque
574 3394 703 3491 angelos
742 3412 836 3474 posse
871 3393 1060 3473 dispensare

133 3476 194 3538 Sed
216 3477 266 3537 hio
288 3497 349 3538 non
373 3498 440 3538 sum
462 3479 554 3559 plane
578 3477 679 3537 mihi
672 3477 729 3556 ipsi
752 3495 937 3556 persuasus,
960 3496 999 3537 an
1022 3495 1062 3537 sa

133 3558 190 3621 sub
203 3566 278 3622 voto
302 3561 415 3622 eadent
432 3563 546 3636 omnia,
570 3579 650 3639 quae
672 3559 764 3620 hodie
784 3566 945 3633 voventur,
970 3559 1062 3639 quele

131 3641 688 3718 estilludmireridioulumetstultum,
706 3643 937 3723 quodparentes
947 3650 1063 3704 vovent

131 3726 250 3808 prolem
259 3727 309 3790 vel
320 3725 457 3790 nondum
473 3733 576 3791 natam
599 3727 647 3788 vel
658 3726 803 3789 infantem
817 3724 856 3788 ad
877 3726 1061 3808 religionem
