2392 4170
362 235 523 301 amasai
541 233 577 293 Ι).
594 233 629 289 M·
651 233 799 301 Luthcrns.
988 232 1053 303 151

134 395 192 468 runt,
213 396 246 453 et
268 397 377 453 tamen
399 389 537 455 omnium
550 389 685 455 virorum
708 390 822 453 heroas
843 409 914 452 sese
928 391 1053 453 iactant.

133 473 309 555 dispeream,
332 474 443 541 sinon
467 472 745 555 compertissimum
764 473 877 551 habac,
900 473 1053 536 maximos

131 558 382 638 stantesignanos
405 557 499 619 duces
510 556 696 700 populorum
708 557 767 618 hac
783 565 793 632 (
801 577 893 638 quam
906 559 1048 633 recitavi)

131 639 185 721 plus
225 660 299 703 uam
325 640 439 721 septies
462 641 556 703 stuta
584 648 615 702 et
645 640 773 703 ridicula
795 641 968 703 ratiuncula
989 660 1054 703 mo·

133 732 170 791 tot
249 743 391 787 meorum
414 722 587 787 libellorum
619 722 859 786 damnationem.
903 722 972 804 Ego
995 723 1053 784 nisi

133 807 194 869 iram
213 807 273 868 Dei
305 826 398 889 super
424 827 483 868 nos
516 807 704 867 saevientem
734 805 812 868 flens
840 806 1054 889 intelligerem,

135 907 181 971 qua
198 890 406 957 effoeminatis
427 891 529 972 pueris
565 896 596 950 et
622 889 701 953 faeci
726 891 771 953 illi
792 890 953 953 homiuum
985 889 1054 950 ulti-

136 991 190 1037 mo
209 994 249 1041 cx
281 975 368 1041 omni
388 980 469 1036 terra
508 992 566 1035 nos
595 972 739 1053 subiecit,
768 993 842 1055 prae
870 972 1054 1053 indignitate

138 1057 169 1117 rai
184 1056 381 1139 dirumperes.
424 1057 494 1119 hlea
516 1057 670 1119 sententia
691 1058 746 1118 luit
767 1064 798 1117 et
820 1063 867 1118 est
884 1057 977 1117 haec:
1000 1054 1054 1121 Sa-

140 1138 327 1205 manaem
349 1161 435 1221 eam,
463 1160 557 1224 quam
580 1140 684 1201 claves
707 1147 821 1220 queant
843 1138 968 1216 tollere,
991 1157 1054 1200 non

141 1240 192 1289 aas
209 1225 281 1289 iuris
305 1224 416 1302 divini,
437 1225 484 1285 sin
507 1232 598 1298 esset,
621 1242 682 1284 non
705 1242 799 1304 posse
821 1243 889 1287 eam
912 1221 978 1285 tolli
1022 1239 1055 1283 er

142 1303 233 1373 claves.
277 1306 310 1379 st
332 1307 405 1389 quid
427 1307 509 1375 aliud
533 1305 606 1367 mihi
634 1307 696 1369 hoc
723 1306 852 1395 articulo
883 1304 979 1373 istiB
1044 1338 1054 1348 -

142 1391 205 1451 toras
224 1390 397 1473 imponunt,
419 1409 475 1454 suo
498 1409 584 1453 more
606 1389 731 1469 iaciunt;
755 1388 828 1469 quid
851 1389 932 1463 enim
953 1386 1056 1466 reiert,

143 1470 364 1543 simliohristus
385 1470 570 1543 mentiatur?

507 1637 666 1703 Sextus:

88 1770 93 1852 ᾗ
192 1764 346 1848 Ocntritio,
369 1786 449 1848 qnae
470 1775 596 1847 paratur
617 1786 672 1847 per
687 1765 921 1841 discussionem,
945 1763 1054 1825 collec-

88 1858 95 1923 .'
194 1849 301 1911 donem
330 1858 362 1912 et
391 1851 625 1913 detestationem
648 1855 865 1930 peccatorum,
897 1865 960 1928 qna
988 1847 1055 1927 quis

88 1926 97 1953 ”
192 1936 336 2014 recogitat
357 1953 456 1996 annos
479 1953 552 1995 suos
564 1935 595 1994 in
608 1931 810 1994 amaritudine
827 1934 949 1992 animae
971 1949 1055 2007 snae,

192 2017 388 2096 ponderando
425 2027 622 2098 peccatorum
656 2017 853 2097 gravitatem,
891 2011 1056 2074 multitudi-

194 2118 267 2179 nem,
290 2100 488 2177 foeditatem,
518 2101 715 2161 amissionem
749 2105 893 2159 aeternae
927 2096 1057 2158 heatitu-

192 2181 281 2261 dinis‚
321 2201 359 2242 ac
394 2190 538 2244 aeternae
572 2182 779 2244 damnationis
813 2181 1057 2261 acquisitionem,

88 2319 90 2326 ,
188 2264 261 2327 haec
290 2267 436 2327 contritio
457 2267 530 2344 iacit
552 2266 760 2346 hypocritam,
782 2267 845 2326 irno
868 2265 966 2344 magis
988 2281 1057 2344 pec·

88 2417 98 2454 b
190 2356 336 2412 satorem.

204 2467 289 2531 Proh
316 2464 527 2528 incredibilem
552 2465 733 2528 caecitatem
763 2472 793 2529 et
819 2464 972 2527 inscitiam
995 2462 1058 2524 bul-

88 2608 98 2636 ,
151 2543 219 2623 hrum
242 2551 384 2627 istarum,
407 2568 492 2610 meus
515 2557 598 2609 certa
622 2557 669 2610 est
690 2549 835 2615 articulus
858 2554 889 2609 et
911 2534 1055 2608 Christia-

88 2638 97 2725 ξ
147 2632 285 2713 inimus,
309 2653 401 2714 quam
420 2632 492 2693 mihi
514 2631 787 2697 innumerabilibus
809 2631 898 2713 papis
921 2638 952 2691 et
972 2630 1058 2711 papi·

88 2730 91 2801 f
142 2716 180 2779 ds
199 2737 263 2787 non
295 2717 396 2800 patiar
427 2717 612 2796 extorqueri.
655 2715 723 2776 Hoc
751 2716 831 2776 enim
861 2733 898 2775 sa
920 2712 1060 2774 doctrina

142 2801 188 2885 agi,
209 2801 435 2884 poenitentiam
459 2798 569 2859 nullius
594 2818 662 2860 esse
684 2799 841 2874 momenti,
863 2798 922 2856 nisi
943 2796 974 2857 in
997 2793 1058 2867 fide

137 2885 307 2951 doadtate
329 2882 432 2960 fieret,
456 2881 539 2962 quod
561 2883 683 2962 ipsimet
705 2882 817 2943 docent
839 2898 979 2960 quoque,
1001 2879 1059 2939 nisi

137 2966 209 3047 quod
231 2985 292 3029 nec
315 2965 387 3049 quid
409 2964 497 3043 fides,
520 2985 578 3026 nec
601 2965 672 3046 quid
684 2965 796 3026 caritas
819 2965 867 3042 sit,
889 2972 941 3024 aut
960 2966 1061 3025 sciunt

135 3058 178 3113 nt
198 3050 326 3112 docent.
371 3048 445 3111 Ideo
475 3048 546 3109 dum
578 3068 648 3110 mea
670 3049 818 3110 damnant
845 3067 900 3109 sua
922 3048 1059 3128 ipsorum

134 3133 316 3216 imprudenti
341 3131 585 3194 contradictione
607 3131 763 3193 damnant.
800 3131 879 3193 Dico
902 3150 987 3212 ergo,
1010 3131 1061 3211 qui

131 3217 350 3360 poenitentiam
375 3217 420 3275 sic
443 3214 548 3293 docet,
579 3221 611 3276 nt
638 3216 810 3296 promissae
830 3214 1059 3277 misericordiae

155 3303 184 3363 ei
205 3310 239 3362 et
260 3298 334 3360 fidei
355 3300 385 3359 in
409 3298 539 3359 eandem
561 3318 623 3360 non
643 3301 789 3361 maiorem
809 3297 923 3360 habeat
945 3318 1060 3379 curam,

131 3400 218 3464 quam
259 3380 426 3451 carnifinae
465 3382 571 3461 istius,
619 3382 668 3442 hic
709 3383 930 3464 poenitentiam
966 3383 1060 3444 Iudae

130 3463 347 3548 ischariotisl)
373 3464 472 3542 docet,
486 3464 632 3545 pestilens
646 3473 702 3546 est,
725 3465 865 3529 diabolus
879 3467 1060 3546 animarum,

182 3739 217 3809 1)
240 3739 272 3801 la
291 3737 334 3804 etl.
354 3738 440 3810 erip:
460 3735 616 3795 scariothis.
