2392 4170
389 256 513 309 Rationis
534 257 708 309 latomianaa
727 259 778 310 ete·
989 246 1049 320 421

131 408 199 469 Non
224 415 271 469 est·
293 409 343 489 qui
361 409 488 472 invocet
508 428 620 472 nomen
643 418 739 489 tuum,
762 409 812 490 qni
835 417 1001 490 consurget
1023 415 1053 471 et

132 500 237 553 teneat
258 501 296 554 te.
613 507 630 540 0
721 545 729 561 ,
805 562 808 568 ,
1047 504 1049 509 “

172 614 174 618 -
215 575 411 637 Abscondisti
434 576 542 637 laniem
573 584 656 637 tuam
686 576 834 652 anobis,
869 584 899 638 et
933 576 1052 638 allisisti

131 672 187 718 nos
211 660 240 718 in
265 679 356 719 manu
377 661 545 737 iniquitatis
568 668 699 722 nostras.
744 660 782 721 [ot
796 678 887 736 nuno,
910 660 1053 740 Domine,

131 751 218 822 pater
241 751 345 803 noster
367 762 401 802 ea
425 752 476 818 tu,
509 763 565 803 noo
595 743 690 803 lutum
720 750 751 803 et
774 743 863 804 fictor
884 751 989 804 noster
1010 751 1053 821 tu,

131 833 161 886 et
182 844 279 906 opera
303 845 446 886 manuum
462 834 581 887 tuarum
596 844 704 886 omncs
727 845 794 888 noa.
838 825 886 887 Ne
900 827 1053 906 irascaris,

132 908 280 987 Domine,
316 906 408 988 eatis,
441 917 471 969 ct
502 929 541 969 ne
567 910 741 970 memineris
773 909 852 970 ultra
885 910 1052 992 iniquitatis

132 1000 265 1067 nostrae,
290 1011 363 1053 ecce
386 992 514 1072 respice,
537 992 668 1076 populus
691 1000 761 1053 tuus
784 1011 893 1054 omnes
914 1011 981 1058 oos.
1005 993 1053 1056 Ol*

133 1077 209 1136 ritas
232 1079 330 1136 sancti
355 1077 397 1136 tui
420 1076 501 1136 iacta
521 1085 567 1136 est
581 1076 713 1155 deserta,
737 1075 811 1136 Sion
826 1075 948 1138 deserta
969 1077 1050 1139 lauta

132 1167 186 1231 eat,
208 1159 379 1220 Jerusalem
404 1159 543 1219 desolata
565 1168 620 1220 est.
665 1160 782 1220 Domus
801 1158 1053 1222 sanctificationis

132 1249 256 1303 nostrae
279 1250 308 1301 et
322 1242 439 1322 gloriae
462 1248 596 1319 nostrae,
620 1242 670 1303 ubi
688 1242 890 1303 laudaverunt
910 1251 1063 1324 tepotres*

134 1327 238 1399 nostri,
260 1325 340 1386 lacta
364 1327 462 1385 estin
489 1326 680 1386 exustionem
704 1326 795 1405 ignis,
819 1332 850 1386 et
871 1327 976 1388 omnia
1000 1326 1053 1388 de·

133 1406 308 1469 siderabilia
339 1416 444 1468 nostra
477 1428 565 1468 veroa
598 1418 669 1468 sunt
699 1410 729 1468 iu
753 1410 867 1470 ruinas.
910 1408 1052 1490 Nunquid

133 1510 224 1572 super
246 1491 294 1552 his
317 1491 488 1552 continebis
511 1500 551 1567 te,
575 1491 721 1571 Domine,
745 1490 861 1552 tacebis
884 1498 915 1553 et
936 1491 1054 1574 aliliges

133 1588 188 1634 nos
212 1574 429 1635 vehementer?

213 1657 359 1719 Latomus
372 1657 506 1737 quidem,
528 1656 758 1718 robustissimus
776 1656 915 1738 saltator,
937 1657 1054 1720 fortiter

132 1741 273 1801 transiliit
295 1761 428 1817 murum,
452 1742 502 1818 qui
526 1759 600 1800 suae
622 1741 793 1801 sententiae
817 1741 1001 1803 occurrebat
1022 1743 1053 1802 in

132 1822 239 1884 verbo:
269 1824 308 1884 Et
332 1823 532 1901 salvabimur,
556 1824 638 1903 quod
662 1822 700 1885 de
721 1823 842 1883 Iudaeis
863 1825 930 1884 istis
952 1844 1053 1905 repro·
1134 1845 1135 1850 ¹

134 1905 178 1967 bis
200 1907 328 1986 intelligi
344 1924 403 1967 non
427 1914 539 1987 polest,
560 1906 614 1966 sed
637 1906 754 1986 absquo
772 1906 864 1968 dubio
875 1909 906 1967 in
920 1926 1065 1988 persona·

131 1989 297 2050 electorum
314 1989 422 2049 dicitur
435 1998 463 2048 et
479 1989 631 2067 fidelium,
653 1989 763 2050 deinde
775 1989 866 2052 illud:
887 1989 1054 2052 Occurristi

133 2072 273 2143 laetanti,
297 2074 466 2152 attingens,
490 2072 538 2132 ubi
562 2072 707 2136 dixisset:
742 2071 817 2149 Quis
839 2080 887 2134 est
908 2074 981 2152 iste,
1003 2076 1053 2154 qui
1082 2129 1088 2135 .

132 2154 203 2216 iacit
224 2155 387 2229 iustitiam,
426 2157 472 2214 cui
497 2156 624 2216 laetanti
651 2158 784 2216 occurrit
806 2156 978 2218 Dominus?
1023 2155 1054 2218 Si

132 2237 190 2299 hoc
213 2237 356 2311 verbum,
392 2245 424 2298 ut
446 2239 511 2299 vult
532 2239 586 2315 M,
611 2239 648 2298 de
672 2257 855 2319 quocunque
877 2239 958 2301 fideli
981 2258 1055 2319 quo·

132 2339 252 2401 cunque
274 2330 412 2401 tempore
424 2320 612 2401 intelligitur,
634 2341 708 2383 mox
724 2321 862 2401 obticuit,
885 2324 973 2404 quasi
995 2323 1054 2384 oal-

133 2405 232 2465 culum
257 2404 489 2482 momordisset,
517 2413 550 2463 ut
572 2405 710 2483 nescias,
733 2404 805 2483 quid
827 2411 970 2485 quaerat,
994 2425 1055 2467 me·

133 2492 220 2548 tuens
242 2486 330 2564 forte,
352 2507 391 2548 nc
412 2487 518 2547 infelix
538 2485 625 2547 fieret
646 2489 816 2567 interpres·

215 2569 362 2630 Latomus
385 2589 454 2630 cum
477 2571 538 2629 suis
562 2570 650 2649 dicit,
683 2570 761 2630 haee
789 2570 848 2631 dici
869 2573 900 2632 in
923 2589 1056 2652 persona

134 2669 256 2727 eorum,
295 2655 345 2734 qui
378 2653 416 2713 nd
449 2651 636 2713 Hierusalem
669 2661 700 2713 et
726 2653 872 2734 templum
907 2660 1057 2735 spectent,

137 2736 217 2815 quod
242 2735 397 2816 optant1)
420 2737 572 2816 reparari,
597 2752 657 2815 quo
681 2737 854 2797 sacrificare
877 2743 907 2797 et
929 2736 1056 2798 laudare

111 2819 232 2898 ,Deum
257 2821 337 2880 sicut
358 2820 518 2900 patressui
542 2819 670 2900 possint.
713 2819 782 2882 Hoc
798 2840 903 2880 verum
927 2819 1057 2896 alflrmo,

135 2923 195 2964 non
219 2903 293 2982 quia
313 2902 356 2962 illi
379 2902 500 2979 dicunt,
531 2902 640 2982 quibus
670 2901 743 2963 nibil
765 2903 876 2975 credo,
909 2903 962 2963 aed
986 2905 1058 2983 quin

137 2993 255 3060 textus,
294 2986 343 3064 qui
367 3004 421 3045 eos
444 2988 567 3066 coegit,
600 2994 631 3045 et
657 3005 707 3046 me
731 2989 830 3065 cogit3
866 2987 981 3065 alioqui
999 3005 1058 3046 cur

137 3075 221 3128 tanta
245 3070 335 3147 copia
356 3070 511 3147 querelam
531 3075 666 3148 augeret,
689 3075 720 3128 et
731 3070 861 3130 civitatis
886 3071 1057 3131 vastitatem

138 3159 221 3212 tanta
257 3151 416 3230 diligentia
449 3170 552 3211 coram
584 3152 650 3211 Deo
687 3160 871 3233 exponeret,
909 3153 966 3215 nisi
998 3152 1059 3213 hoc

136 3244 268 3313 peteret,
302 3240 335 3293 ut
357 3234 439 3294 Deus
463 3235 603 3295 misertus
637 3255 704 3296 eam
729 3235 905 3315 repararet?
940 3235 1058 3297 Vulnus

139 3317 252 3398 detegit
278 3316 409 3396 medico,
433 3320 536 3396 utiquc
558 3320 658 3378 sanari
683 3326 800 3398 petens.
845 3319 985 3399 Denique
1008 3317 1058 3379 ubi

137 3400 279 3460 dixisset:
314 3400 351 3459 Et
381 3403 483 3459 omnia
507 3401 720 3462 desiderabilia
750 3408 855 3463 nostra
877 3421 967 3462 versa
989 3410 1058 3462 sunt

136 3485 165 3544 in
189 3486 303 3561 ruinas,
327 3482 452 3542 adiecit:
478 3483 621 3563 Nunquid
644 3503 736 3565 super
752 3484 798 3545 his
820 3484 991 3546 continebis
1016 3492 1055 3563 te,

192 3754 222 3818 1)
244 3750 275 3804 ln
295 3750 337 3804 ed.
356 3749 432 3807 iem:
452 3757 555 3822 optent.
