2392 4170
340 261 435 321 Barth.
455 263 591 322 Bernardi
612 262 841 323 Veitkirohensis.
928 336 931 340 ,
997 265 1059 333 109

137 456 210 496 num
233 442 351 519 natura,
375 445 405 497 et
415 456 507 517 quam
530 442 687 517 praestare
709 436 775 498 sine
791 435 949 499 horrendis
972 437 1059 520 flagi-

136 521 187 581 tiis
208 539 271 581 non
293 520 421 601 possis?
464 520 527 582 iarn
560 523 628 600 quis
650 521 711 582 boe
732 540 794 580 non
819 523 964 601 miretur,
992 523 1059 582 eius

136 605 273 665 aoonsari
308 602 421 684 fidem,
459 606 510 684 qui
538 623 665 665 uxorem
694 604 798 685 duoit,
828 625 890 666 nou
918 609 1059 667 aoousari

136 686 229 748 tidem
252 706 358 750 eorum
369 734 379 768 ,
402 690 454 767 qui
476 707 530 768 per
552 689 658 749 omnia
679 706 794 768 genera
822 687 981 752 libidinum
1003 689 1057 749 im·

135 770 300 854 purissime
322 771 549 852 degrassantur.

219 853 254 914 Iu
284 854 527 915 Deuteronomio
556 873 624 934 eap.
648 858 698 919 23.
723 853 901 916 mandatnm
923 863 991 936 est,
1020 874 1059 916 ne

137 937 283 998 offeratur
296 955 414 1000 meroes
430 938 601 1018 prostibuli,
625 940 855 1016 quantominus
876 937 935 1003 sibi
957 939 1059 1000 offerri

137 1021 222 1082 volet
246 1021 329 1081 Deus
351 1019 536 1082 coelibatum
561 1022 734 1101 impurum?
1028 1044 1030 1048 ’

220 1103 310 1178 Quod
333 1106 358 1163 si
371 1105 632 1166 abominationem
652 1111 744 1166 vooat
760 1104 931 1166 meroedem
954 1106 1059 1186 morti,

136 1187 399 1248 abominationem
422 1207 491 1248 esse
518 1189 585 1266 quis
607 1188 725 1249 dubitet
751 1189 836 1249 ilium
865 1189 946 1252 male
968 1190 1058 1250 simn-

137 1271 231 1332 latnm
253 1271 464 1332 coelibatum?

220 1354 270 1414 Sia
292 1355 512 1434 igitur-exouso
534 1356 709 1435 periurium,
731 1356 872 1436 primurn,
896 1354 979 1434 quod
994 1374 1056 1416 uon

137 1437 232 1516 siml)
258 1439 330 1499 mihi
354 1441 496 1499 oonsoius
518 1439 636 1499 iurasse
659 1438 697 1499 de
720 1439 873 1500 ooelibatn
896 1440 1056 1520 oonoeptis

137 1519 247 1599 verbis,
269 1522 381 1583 deinde
393 1523 485 1583 iurari
501 1540 564 1582 non
582 1521 736 1602 debuisse,
758 1530 926 1602 postremo,
948 1529 981 1583 ut
996 1540 1058 1583 nra·

135 1605 370 1665 xime·iuratum
387 1607 436 1687 sit,
459 1605 677 1685 praestandum
701 1618 764 1667 non
786 1624 865 1686 esse,
887 1606 970 1685 quod
992 1607 1059 1667 sine

135 1696 266 1768 peooato
288 1708 350 1749 non
371 1691 483 1770 possis.
517 1687 586 1764 Qua
606 1691 637 1749 in
659 1707 692 1750 re
713 1688 952 1751 Christianarum
976 1708 1059 1750 men·

135 1774 209 1831 tium
232 1770 376 1833 iudioium
397 1772 541 1852 imploro.
964 1820 968 1827 s

219 1855 268 1914 Ex
296 1855 343 1915 his
372 1859 445 1917 satis
474 1862 619 1936 apparet,
645 1857 775 1936 primurn
808 1863 917 1918 eontra
939 1855 1058 1917 divinas

135 1938 221 2018 leges
251 1939 322 1998 nihii
352 1959 420 2000 esse
448 1939 632 2018 admissum,
655 1939 765 2000 deinde
787 1939 930 2000 debuisse
950 1939 1059 2001 violari

135 2023 286 2082 humanas
296 2023 486 2103 traditiones,
508 2023 539 2082 in
562 2033 623 2083 tam
647 2031 731 2084 oerto
749 2023 958 2084 eonscientiae
978 2023 1057 2102 peri-

135 2105 217 2184 oulo,
239 2116 396 2186 postremo
414 2109 486 2167 mibi
507 2108 618 2168 frustra
633 2114 738 2168 votum
752 2107 853 2187 obiioi,
871 2124 1057 2186 quoeunque

135 2189 259 2249 tandem
284 2192 376 2252 modo
400 2192 439 2250 ait
460 2193 599 2252 iuratum.

218 2273 287 2332 Non
311 2282 357 2334 est
377 2276 478 2354 igitur,
502 2293 555 2334 our
575 2275 688 2334 foetum
712 2291 813 2334 meum
836 2281 981 2352 tanquam
1004 2272 1057 2334 im-

134 2358 218 2436 pium
242 2356 411 2433 damnetur,
434 2366 525 2436 atque
553 2359 596 2417 ita
617 2358 775 2437 proposui,
796 2364 828 2419 ut
848 2355 1057 2434 intelligeretis

94 2487 97 2492 .
134 2448 279 2500 constare
299 2442 450 2501 rationem
473 2441 545 2500 t‘aoti
565 2442 775 2500 oonaeientiae
796 2457 894 2518 meae,
913 2441 951 2499 ad
974 2437 1058 2519 quod

134 2541 268 2583 menon
302 2523 419 2602 iibido,
447 2544 510 2584 non
544 2525 715 2601 temeritas,
743 2522 797 2583 sed
821 2525 992 2583 eommunis
1013 2524 1057 2584 in-

132 2605 261 2666 firmitas
285 2615 315 2666 et
337 2609 503 2668 neosasitas
521 2609 590 2688 plus
613 2624 705 2685 quarn
726 2605 919 2666 Diomedaea
942 2605 1057 2686 adegit,

134 2685 222 2764 Quae
244 2692 305 2750 sint
326 2697 357 2752 et
382 2710 474 2770 quarn
497 2697 581 2751 oerta
602 2690 759 2770 peribula,
788 2707 867 2769 quae
898 2689 1056 2769 vulgarem

132 2774 319 2834 coelibatum
353 2783 541 2855 sequuntur,
569 2793 631 2834 non
664 2773 764 2833 babeo
793 2782 922 2834 neeesse
951 2771 1053 2831 multis

131 2858 246 2917 reterre
257 2877 321 2918 rem
336 2861 459 2918 minime
482 2857 665 2934 obscuram,
687 2875 778 2936 quam
801 2858 827 2917 si
840 2854 1054 2936 expenderint,

132 2942 185 3020 qui
207 2959 257 3001 me
278 2950 435 3022 aoousant,
458 2960 520 3004 non
545 2939 638 3002 modo
657 2959 720 3001 non
741 2939 932 3002 damnabunt
953 2957 1055 2999 meum

132 3025 325 3107 exemplum,
359 3025 414 3086 sed
437 3026 611 3106 probabunt
639 3024 746 3104 etiam,
777 3024 870 3085 modo
893 3023 1057 3084 Christiani

132 3109 203 3168 sint.
245 3109 395 3170 iudicabit
424 3112 461 3170 de
482 3111 572 3171 nobis
594 3108 748 3188 Christus,
768 3108 823 3186 iili,
845 3108 919 3169 nibil
941 3106 1057 3187 dubito,

132 3193 205 3271 quin
228 3192 373 3271 probetur
395 3213 496 3254 meum
520 3194 643 3274 sautum,
665 3192 757 3271 idque
769 3211 862 3253 uuum
885 3210 944 3273 ego
968 3209 1057 3272 spao-
1165 3247 1168 3254 .

132 3277 205 3355 tavi,
230 3285 261 3336 ut
283 3276 403 3338 Christo
425 3277 630 3359 probaretur..

215 3360 323 3440 Neque
346 3381 427 3422 nuno
448 3365 477 3422 in
501 3363 560 3423 bae
573 3361 721 3441 apologia
742 3360 802 3421 hoo
814 3361 874 3441 egi,
896 3369 930 3420 nt
950 3359 1057 3422 adver·

132 3462 184 3503 sus
208 3446 267 3504 vim
290 3448 505 3528 episcoporum
529 3466 577 3509 me
600 3451 686 3505 tuear
712 3444 759 3505 his
786 3443 973 3521 rationibus,
1001 3443 1057 3505 sed

133 3535 166 3588 ut
187 3527 381 3591 ostenderem
413 3534 515 3613 potius
545 3533 597 3615 pia
629 3546 723 3590 eausa
746 3546 802 3593 ‚me
829 3527 994 3594 adductum
1016 3525 1057 3588 ad

132 3614 255 3692 nuptias
282 3633 372 3696 esse,
404 3635 472 3677 oum
494 3618 539 3678 ita
566 3614 676 3676 deoeet
706 3612 835 3677 reddere
863 3622 894 3677 et
921 3613 1003 3673 vitae
1025 3617 1057 3673 et

208 3809 236 3875 t)
258 3807 287 3860 Iu
308 3804 352 3863 ed.
371 3805 454 3878 origa
473 3805 521 3862 sio.
