2392 4170
300 248 412 305 Bullarn
430 248 514 304 Leon.
526 249 560 305 X.
579 247 702 304 damnat.
721 265 748 304 a.
761 249 840 309 1520.
977 248 1039 317 173

136 410 194 467 sn
213 405 497 486 concupiscentiam
520 406 793 486 etprocacitatem,
814 423 874 485 qua
897 407 1040 468 ncsassi·

135 488 176 551 bc
192 487 339 549 sollicitat
357 488 399 549 ad
419 496 599 570 peceatum,
629 507 688 550 nec
709 488 874 568 aliquando
899 491 1039 569 quiescit,

96 564 100 731 b
133 590 194 633 rme
212 573 269 652 ira,
291 590 374 633 nunc
388 571 524 652 libidine,
547 571 795 653 nunesuperbia,
817 574 1041 653 nuncaveritia

131 672 173 717 sos
188 656 373 737 inquietans.
402 712 414 723 ,

96 738 99 771 ²
191 740 237 815 lta
264 746 299 800 nt
317 738 357 801 D.
379 737 552 819 Cyprianus
584 738 624 798 ob
651 737 713 799 boc
740 738 840 819 ipsum
871 737 1039 818 optandam

131 830 237 885 meat
269 826 407 884 mortcm'
427 821 592 882 accelerari
620 821 761 901 Epistola
788 820 827 881 de
855 822 1040 883 mortalitate

95 924 98 949 ¹
131 904 230 967 limus:
260 904 341 967 Cum
364 905 492 966 avaritia
513 906 619 984 nobis,
648 922 717 965 cum
740 904 948 985 impudicitia,
970 923 1039 964 curn

132 988 171 1069 br,
188 1006 257 1051 cunr
280 988 450 1051 ambitione
472 988 652 1069 congressio
677 994 739 1064 est,
773 1005 841 1047 cum
873 988 953 1047 vitiis
976 1005 1039 1048 car·

95 1082 99 1193 ι
132 1070 246 1151 dibus,
275 1091 347 1133 cum
367 1072 519 1133 illecebris
541 1071 729 1132 secularibus
757 1070 882 1131 assidue
909 1081 940 1130 et
960 1071 1040 1151 iugis

95 1196 97 1205 ι
131 1155 298 1217 etmolesta
324 1157 450 1216 luctatio
479 1169 541 1234 eat,
575 1156 704 1215 obsessa
738 1173 824 1214 mene
854 1153 987 1214 bominis
1010 1161 1041 1213 et

131 1238 365 1319 uliqueZabuii
386 1238 613 1299 intestinatione
626 1238 739 1298 valleia
753 1239 804 1297 vix
827 1238 959 1297 occurrit
980 1238 1040 1296 sin·

130 1322 284 1485 blus}
299 1332 448 1466 tilii.
464 1320 651 1485 {illiti}
668 1330 1041 1483 titillatorii,

95 1528 97 1577 ι
131 1489 288 1551 aismbitio
317 1496 496 1568 contempta
523 1496 586 1568 est,
618 1490 665 1548 ira
687 1496 866 1567 exasperat,
898 1486 1042 1566 superbia

132 1568 211 1651 inflat,
232 1573 401 1634 vinolentia
421 1572 541 1652 invitat,
564 1570 677 1631 invidis
699 1571 896 1631 concordiam
920 1570 1042 1650 rumpit,

133 1656 281 1717 anidticm
302 1655 386 1716 selus
408 1655 570 1732 abscindit,
591 1655 711 1735 cogeris
734 1654 936 1732 maledicere,
958 1652 1041 1732 quod

133 1736 175 1799 lex
192 1738 292 1800 divina
318 1738 477 1820 probibet,
512 1740 705 1818 compelleris
738 1739 840 1798 iurare
868 1737 951 1816 quod
979 1754 1041 1797 non

134 1818 201 1900 licet,
220 1828 265 1885 lot
286 1824 518 1903 persecutiones
540 1826 660 1883 animus
683 1820 819 1900 qnotidie
840 1822 970 1901 patitur,
999 1824 1045 1878 tot

136 1905 259 1983 periculis
279 1913 389 1987 pectus
410 1913 544 1986 urgetur,
566 1914 597 1965 et
618 1904 750 1965 delectat
771 1903 821 1964 bic
841 1906 921 1964 inter
936 1900 1044 1965 Zabuli

138 1987 239 2067 dodim
269 1988 321 2050 diu
348 1988 453 2050 stare?
481 2008 551 2050 curn
579 1991 677 2069 magis
706 1987 985 2068 concupiscendum
1014 1996 1045 2046 et

138 2072 285 2151 optandum
322 2073 363 2133 sit
401 2072 441 2133 cd
478 2072 632 2133 Christum
672 2072 874 2133 subveniente
907 2071 1044 2131 velocius

139 2162 217 2217 corte
237 2174 414 2237 properare.

203 2238 232 2301 si
258 2248 361 2300 tantus
384 2246 498 2320 martyr
529 2242 566 2299 de
596 2256 630 2298 se
659 2238 778 2317 sibique
799 2237 947 2299 similibus
971 2238 1044 2298 talia

94 2380 98 2405 ,
143 2318 251 2383 tffirmat
298 2323 366 2403 quis
395 2321 545 2383 dubitabit
573 2329 603 2380 et
625 2321 766 2382 omnibus
788 2320 909 2384 Sanctis
936 2319 1046 2381 ecdem

102 2442 107 2451 ·
147 2370 271 2467 muare}
299 2414 353 2467 aut
381 2405 491 2467 saltem
517 2423 581 2466 uon
602 2405 729 2484 negabit
757 2405 788 2464 in
810 2405 941 2466 Sanctos
973 2422 1045 2484 qua-

150 2485 219 2569 line,
240 2490 324 2570 quod
335 2488 496 2570 spostolus
508 2487 597 2549 dicit:
621 2487 826 2550 condelector
847 2487 909 2568 legi
921 2489 978 2548 Dei
999 2505 1046 2546 ee·

150 2571 253 2633 aarum
288 2575 465 2634 interiorem
494 2572 667 2651 hominem,
702 2571 793 2632 video
822 2583 924 2632 entem
954 2571 1047 2631 aliem

146 2650 221 2735 legem
241 2658 272 2716 in
293 2658 439 2717 membris
468 2658 560 2737 meir,
594 2674 633 2716 ne
659 2659 691 2716 in
720 2673 855 2735 persona
882 2656 1046 2735 impiorum

144 2734 187 2799 leta
202 2741 338 2802 rideatur
358 2740 490 2802 locutus.
534 2737 621 2815 Quae
633 2740 738 2799 omnia
751 2738 822 2798 ideo
836 2756 941 2818 urgeo,
963 2737 1047 2817 quod

144 2822 193 2882 trio
210 2823 246 2886 D.
267 2823 501 2905 Hieronymum,
525 2822 708 2903 Origenern,
731 2830 761 2882 et
782 2823 859 2883 alios
881 2823 1047 2903 impulsum

93 2932 97 2975 ς
144 2904 234 2967 tlicubi
255 2910 368 2969 sentire
389 2907 565 2989 apostolum
593 2909 654 2966 boc
685 2908 755 2967 loco
777 2908 807 2966 in
830 2906 958 2967 eliorum
982 2925 1047 2987 per-

144 3003 205 3050 ecua
221 2990 374 3072 locutum,
404 2992 477 3052 licet
504 2991 571 3051 aliis
599 2990 676 3050 locis
699 2991 902 3051 econtrarium
926 2993 1047 3053 sentiat.

144 3066 174 3131 Et
189 3072 224 3138 D.
245 3077 436 3156 Augustinus
458 3073 509 3134 diu
533 3073 640 3135 eadem
654 3075 806 3134 sententia
827 3077 966 3155 captivus
984 3083 1047 3136 tan·

93 3164 95 3223 ἶ
144 3152 197 3247 len
215 3159 244 3218 in
263 3156 526 3238 Retracticnibus,
563 3174 593 3217 ct
619 3157 672 3221 lib.
695 3160 723 3222 6.
752 3166 861 3219 contre
889 3159 974 3221 lulia.
999 3162 1048 3222 11.

93 3244 96 3261 ¹
143 3245 177 3298 ris
192 3250 326 3323 revocat,
354 3253 387 3303 nt
413 3249 544 3322 uegeta
572 3259 607 3301 se
628 3241 723 3302 fuisse
744 3241 932 3303 intellectum
956 3251 1049 3304 antea

145 3325 309 3405 tpostolum,
332 3326 403 3387 dum
424 3332 455 3387 in
477 3325 606 3386 aliorum
629 3344 762 3406 persona
789 3326 926 3388 locutum
954 3328 1049 3387 fuisse

146 3410 315 3473 mcubset
358 3408 433 3486 Quis
466 3428 528 3471 non
559 3417 720 3471 moveatur
747 3412 910 3474 autoritate
935 3412 1048 3492 priuci-

162 3506 203 3551 unr
220 3491 326 3555 borum
349 3495 481 3554 virorum
504 3493 649 3554 Petrum?
670 3493 753 3555 Nihil
763 3493 916 3575 indignor,
937 3497 1049 3576 siquis

163 3589 191 3632 os
208 3574 307 3638 Patres
329 3577 471 3639 alicunde
491 3596 548 3658 pro
577 3597 611 3639 se
635 3577 799 3639 adduxerit
819 3579 967 3640 adversus
989 3598 1050 3640 mc·

149 3663 394 3747 ¹torrenteutiom,
423 3663 449 3721 ai
471 3667 587 3724 temere
609 3680 670 3723 uuo
694 3663 766 3724 loco
788 3681 843 3724 ecs
865 3663 990 3745 legerit,
1018 3668 1050 3723 et

149 3752 172 3797 ¹³
187 3759 265 3807 ecam
285 3747 469 3810 sententiam
488 3766 601 3809 sonere
622 3747 740 3815 viderit.
782 3748 897 3811 Verum
910 3745 1050 3827 necillis,
