2392 4170
180 245 243 314 332
393 252 550 322 Responsio
571 252 599 306 Ι).
617 250 652 306 ll
671 251 700 306 lt
719 251 754 305 ad
773 250 874 305 librom

180 406 299 479 unisse,
330 424 392 486 quo
424 406 544 467 coelum
577 411 758 469 mercantur.
801 404 881 482 Quid
911 412 1013 466 antem
1041 402 1104 464 hoc

181 487 275 564 aliud,
297 507 388 569 quarn
411 491 505 569 impia
538 490 633 551 iacies
667 488 736 550 est?
779 487 817 548 de
849 488 958 568 quibus
989 485 1103 548 Paulus

181 572 333 652 praedixit
356 576 384 635 1.
407 573 484 633 Tim.
506 574 542 634 4:
575 573 775 633 thibentes
799 571 952 631 abstinere
974 592 990 631 a
1015 570 1103 650 cibis,

181 672 258 733 quos
281 655 363 714 Deus
386 657 517 732 creavit,
539 662 569 715 et
591 655 692 716 Galat.
715 656 750 716 4:
772 654 856 727 Dies,
874 673 1007 732 menses,
1028 661 1103 713 tem·

180 756 257 818 pora
280 747 309 798 et
339 758 436 798 annos
460 738 646 814 observatis,
676 741 780 813 timeo,
803 758 841 796 ne
863 739 928 797 sine
952 755 1048 797 causa
1069 737 1102 805 ia

183 819 269 880 vobis
292 821 505 882 laboraverim.

264 904 385 964 Nonam
408 905 490 964 illam
515 905 696 964 sceleratam
720 904 800 964 lacio
815 903 961 964 festorum
985 901 1103 962 dierum

180 987 465 1066 multiplicationem
501 997 531 1047 et
563 988 764 1067 iniquitatem.
813 987 864 1046 Sic
896 988 977 1046 enim
1010 985 1104 1045 hodie

180 1068 398 1131 Sanctissimae
422 1071 515 1132 docet
536 1071 676 1132 homines
699 1090 753 1149 per
776 1071 871 1130 otium
886 1070 953 1130 Deo
976 1069 1104 1145 servire,

180 1152 210 1212 id
235 1161 291 1225 est,
314 1161 347 1214 ut
367 1155 434 1234 ipse
456 1156 594 1233 exponit,
615 1154 842 1213 intermissione
865 1171 991 1232 operum
1010 1152 1103 1212 servi·

181 1236 264 1313 lium,
287 1256 356 1296 cum
380 1257 487 1298 omnes
510 1237 574 1296 dies
598 1236 683 1296 liberi
706 1238 766 1296 sint
787 1246 817 1294 et
838 1235 877 1295 ad
899 1235 1102 1295 laborandum

181 1326 214 1378 et
233 1319 412 1381 feriandum.
457 1320 489 1379 ln
517 1320 576 1379 hac
598 1326 700 1379 autem
724 1320 802 1379 lucie
828 1319 977 1400 insignius
1000 1317 1104 1378 lucent

181 1403 285 1481 magni
316 1402 360 1462 illi
380 1403 449 1462 festi
479 1403 544 1462 dies
566 1403 771 1480 visitationis,
807 1401 952 1482 Corporis
979 1401 1104 1478 Christi,

180 1484 411 1564 Apostolorum,
425 1486 645 1564 conceptionis
668 1494 698 1544 et
719 1484 873 1545 similium.
916 1485 956 1545 Et
974 1502 1104 1544 nonense

182 1575 230 1627 est
250 1587 381 1647 peccare
403 1576 433 1627 et
460 1572 559 1648 perire
581 1570 716 1644 animas,
744 1569 768 1627 si
791 1587 871 1646 qnae
893 1586 954 1626 non
978 1573 1105 1627 servant

181 1650 229 1710 vel
251 1651 348 1710 invite
370 1658 495 1711 servant
516 1651 593 1710 haec
615 1650 716 1728 stulta,
738 1649 857 1710 inutilia
879 1657 911 1710 et
925 1668 1103 1729 vanaprae-

181 1751 217 1792 oe
240 1741 281 1793 la.

218 1752 239 1813 p
265 1816 392 1877 Decima
415 1824 463 1876 est
490 1817 697 1890 insignisille
730 1815 899 1875 coelibatus
933 1822 964 1875 et
998 1833 1105 1875 mona·

178 1898 277 1958 eticae
299 1901 447 1960 castitatis
471 1899 642 1972 multitudo,
664 1899 756 1978 plane
775 1899 917 1978 angelica
928 1898 1033 1970 iacies,
1048 1896 1104 1957 sed

180 1979 334 2041 diabolica
359 2002 416 2056 res,
446 1983 484 2042 de
511 2001 571 2060 qua
595 1987 609 2046 1
634 1981 712 2042 Tim.
735 1985 769 2043 4:
799 1981 1026 2040 Prohibentium
1049 2000 1104 2040 nu·

181 2062 265 2138 ltere,
279 2064 328 2123 ubi
339 2065 459 2139 iterum,
468 2064 550 2142 qnod
563 2064 700 2125 Christus
713 2064 837 2123 liberum
850 2063 931 2138 fecit,
944 2063 1104 2124 Sanctissi-

182 2164 251 2205 mus
274 2149 479 2206 necessarium
502 2149 583 2208 lacit.
627 2148 673 2207 De
696 2166 756 2225 quo
771 2147 848 2208 Dan.
872 2147 927 2209 11:
950 2147 989 2206 Et
1001 2145 1040 2205 ad
1053 2145 1104 2205 de-

181 2226 293 2288 sideria
316 2231 474 2289 mulierum
497 2238 528 2289 et
549 2230 586 2290 ad
611 2250 733 2290 omnem
757 2231 854 2290 Deum
868 2229 1102 2308 nonintelliget.

182 2309 271 2387 Quod
295 2330 352 2371 nos
375 2312 554 2372 affirmative
577 2322 609 2374 et
630 2313 709 2372 male
723 2312 886 2374 habemus:
910 2312 975 2372 Erit
989 2314 1104 2372 incon·

180 2394 377 2472 cupiscentiis
412 2397 601 2456 seminarum.
645 2395 752 2455 Daniel
787 2396 860 2468 vult,
884 2395 966 2473 quod
988 2413 1103 2455 uxores

181 2476 258 2536 nolit
279 2479 383 2556 specie
405 2480 537 2557 pietatis,
560 2498 620 2539 non
644 2497 749 2538 amore
774 2480 929 2537 castitatis.

265 2559 435 2620 Undecima
457 2570 505 2621 est
526 2562 719 2639 reliquiarum
734 2562 901 2639 veneratio,
918 2558 998 2619 bella
1012 2559 1104 2637 plane

180 2652 212 2702 et
233 2643 307 2702 lucri
329 2646 517 2704 feracissima
544 2645 647 2706 lacies.
692 2644 770 2703 Hinc
795 2645 991 2723 excogitatae
1018 2661 1105 2723 pere·

182 2727 372 2805 grinationes
394 2728 582 2804 innumerae,
605 2727 714 2805 quibus
737 2727 860 2786 stultum
892 2726 1001 2804 vulgus
1031 2744 1104 2805 ope·

179 2827 254 2884 ram,
277 2811 437 2889 pecuniam
461 2821 491 2869 et
513 2817 633 2889 tempus
656 2809 807 2887 perderet,
829 2829 897 2868 cum
922 2808 1004 2867 domi
1028 2827 1104 2868 suae

181 2892 300 2951 interim
332 2893 377 2950 vel
406 2895 499 2972 impie
522 2911 625 2951 curam
649 2893 790 2971 negligit,
811 2892 925 2951 relictis
955 2892 1104 2950 uxoribus

183 2979 215 3031 et
235 2973 313 3050 liliis,
337 2984 444 3035 contra
466 2975 643 3034 mandatum
666 2975 740 3050 Dei,
762 2975 809 3033 vel
823 2973 1105 3054 incomparabiliter

181 3054 310 3115 meliora
333 3059 452 3137 operari
474 3060 625 3135 potuisset
639 3076 713 3137 erga
727 3059 900 3137 proximum
924 3076 1023 3116 suum.
1047 3055 1105 3116 Hic

182 3136 262 3197 anim
286 3138 343 3199 Dei
366 3139 553 3215 mandatnm,
577 3142 606 3199 in
631 3141 764 3219 reliquiis
786 3141 969 3200 venerandis
992 3147 1046 3199 aut
1062 3139 1105 3199 vi·

182 3220 309 3280 sitandin
332 3242 447 3282 merum
478 3222 609 3282 studium
638 3224 804 3285 hominum.
848 3222 971 3282 Habent
993 3222 1044 3282 hic
1073 3220 1103 3283 S.

182 3300 400 3384 Hieronymum
424 3313 598 3385 patronum,
629 3307 772 3387 quicum
796 3306 943 3364 adversus
965 3304 1104 3385 Vigilan-

182 3383 257 3445 tinm
278 3386 339 3447 hoo
360 3387 459 3449 solum
483 3391 587 3468 egerit,
610 3407 649 3448 ne
672 3388 816 3467 reliquias
845 3389 1005 3467 quisquam
1028 3389 1105 3448 vitu·

180 3475 342 3547 perstant
363 3477 555 3544 contemnat,
578 3473 636 3551 ipsi
659 3473 724 3531 eius
754 3473 917 3532 autoritate
938 3489 977 3531 eo
1007 3489 1105 3551 usque

181 3549 356 3627 abutuntur,
378 3559 411 3612 ut
431 3555 620 3614 venerationi
643 3555 837 3634 reliquiarum
862 3553 934 3615 nihil
949 3556 1104 3635 patiantur

180 3631 309 3711 deuehi,
330 3652 429 3714 neque
452 3637 577 3698 modum
599 3639 629 3697 in
669 3657 707 3698 ea
741 3638 852 3717 teneri,
885 3655 985 3716 neque
1021 3638 1103 3699 alind

68 3674 264 3928 Ὺ
287 3718 316 3778 ei
343 3719 483 3799 aequari,
518 3718 630 3782 nedum
660 3720 814 3801 praeferri.
857 3718 937 3797 Quin
970 3720 1106 3783 advola
