2392 4170
396 261 430 318 D.
449 262 483 315 ll.
502 261 585 317 Lutli.
604 261 789 316 Praeiudinm.
1018 262 1066 331 21.

135 436 161 476 re
187 416 364 477 felicissime
395 424 600 498 occupantur:
640 435 699 496 ego
727 417 910 496 procedam,
940 426 970 477 et
998 421 1060 481 iam

135 499 268 560 conabor
291 500 465 576 ostendere,
490 519 596 562 omnes
610 520 678 560 esse
690 501 812 580 impios,
835 501 884 579 qui
904 502 1060 582 utriusque

134 585 242 662 speciei
277 587 526 644 communionem
561 585 646 645 laicis
681 583 843 664 denegant.
901 582 991 660 Quod
1027 594 1062 647 ut

134 666 323 727 commodius
347 668 471 744 faciam,
498 667 674 748 praeludam
699 665 737 726 de
760 667 938 746 captivitate
962 669 1059 728 eccle·

132 751 192 810 siae
214 751 392 820 Romanae,
420 770 477 811 suo
506 759 644 831 tempore
675 750 798 810 daturus
829 749 976 829 plurima,
1009 751 1059 812 ubi

133 835 271 914 papistae
296 833 463 894 doctissimi
488 834 569 894 bunc
591 834 697 893 librum
721 833 939 912 superaverint.

211 917 282 976 Hoc
304 926 405 976 autern
421 917 511 993 facio,
535 938 582 992 ne,
605 920 629 977 si
651 917 719 996 pius
742 916 851 994 aliquis
874 915 972 976 lector
987 915 1060 976 mihi

132 1001 219 1060 luerit
260 999 387 1080 obvius,
430 999 602 1060 offendatur
633 999 816 1059 stercoribus
860 999 925 1058 istis
961 1018 979 1059 a
1012 1017 1060 1058 me

133 1085 287 1159 tractatis,
310 1091 341 1143 et
362 1084 441 1144 inste
464 1090 622 1163 queratur,
651 1101 719 1143 sese
742 1082 813 1142 nihil
838 1082 955 1162 legere,
970 1080 1060 1161 'quod

131 1177 180 1227 ant
202 1167 363 1247 ingenium
386 1167 470 1228 colat
497 1175 526 1227 et
556 1166 673 1226 erudiat
695 1173 747 1226 aut
778 1166 886 1226 saltem
918 1165 1058 1226 occasio·

132 1269 199 1310 nem
230 1250 284 1310 det
313 1251 437 1310 eruditis
461 1248 707 1330 cogitationibus.
752 1247 817 1310 Scis
839 1250 938 1326 enirn,
967 1266 1060 1327 quam

132 1334 236 1413 iniquo
268 1335 372 1393 animo
403 1334 504 1393 ferant
536 1334 641 1409 amici,
674 1352 723 1392 me
751 1333 895 1412 occupari
932 1332 1059 1392 istorum

132 1416 290 1477 hominum
314 1415 445 1476 sordidis
458 1416 600 1496 strophis,
624 1435 699 1495 quas
721 1416 789 1495 ipsa
805 1416 935 1476 lectione
958 1414 1062 1474 dicunt

135 1499 255 1560 abunde
284 1500 453 1574 confutari,
487 1519 505 1559 a
535 1518 583 1559 me
616 1517 688 1559 vero
718 1498 845 1558 meliora
877 1498 1060 1579 exspectari,

134 1601 210 1662 quae
233 1591 326 1643 satan
360 1602 415 1662 per
437 1601 492 1643 eos
521 1588 618 1642 tentet
645 1580 800 1662 impedire.
844 1581 960 1642 Horum
990 1599 1061 1642 con·

135 1666 198 1726 siba
220 1665 350 1726 tandem
373 1672 519 1726 statutum
543 1672 589 1726 est
611 1667 707 1744 sequi,
729 1671 759 1724 et
781 1664 901 1725 rixandi
918 1664 1061 1725 invehen-

137 1749 218 1829 dique
242 1751 404 1828 negotium
429 1748 628 1809 crabronibus
651 1749 715 1807 istis
737 1747 918 1827 relinquere.

211 1833 263 1892 De
290 1831 346 1891 illo
377 1830 455 1892 Italo
495 1832 586 1892 tratre
615 1831 812 1901 Cremonensi
845 1830 919 1891 nihil
953 1830 1062 1911 dicam,

132 1915 211 1994 quod
232 1916 332 1974 homo
356 1915 490 1994 simplex
511 1921 542 1974 et
555 1914 649 1974 idiota
672 1914 787 1993 aliquot
808 1913 881 1973 loris
903 1913 1062 1974 rhetoricis

135 2017 181 2057 me
204 2005 341 2058 conatur
362 1996 400 2056 ad
424 1999 677 2059 sanctamsedem
698 2015 854 2074 revocare,
877 2015 968 2076 aqua
990 2015 1063 2058 non-

131 2081 198 2141 dum
230 2100 282 2141 me
316 2081 483 2140 recessisse
512 2081 585 2141 mihi
612 2083 752 2142 conscius
775 2100 858 2159 sum,
891 2099 948 2140 nec
986 2081 1063 2141 ullus

111 2164 400 2245 commonstravit.
458 2166 531 2244 Agit
561 2165 640 2224 enirn
674 2164 864 2243 potissimum
900 2164 975 2224 loeis
1004 2163 1063 2223 illis

132 2248 283 2321 ridiculis,
318 2245 400 2325 quod
431 2248 530 2325 gratia
553 2247 750 2327 professionis
774 2266 860 2306 meae
892 2253 922 2306 et
944 2247 1063 2326 imperii

136 2330 170 2390 ad
199 2329 381 2391 Germanos
408 2329 547 2390 translati
576 2329 703 2390 debeam
734 2331 931 2391 commoveri.
974 2329 1065 2389 Vide·

138 2423 241 2494 turque
267 2413 412 2486 omnino,
446 2432 507 2473 non
538 2421 598 2473 tam
629 2416 686 2474 mei
715 2414 942 2474 revocationem
973 2431 1064 2492 quam

141 2496 238 2558 laudes
262 2495 425 2557 Gallorum
457 2503 488 2556 et
509 2496 640 2557 Romani
664 2496 818 2556 Pontificis
849 2495 982 2556 scribere
1009 2513 1063 2556 vo·

141 2578 234 2641 luisse.
282 2578 339 2639 Oui
363 2578 599 2659 permittendum
622 2585 683 2655 est,
716 2585 748 2639 ut
768 2579 827 2640 hoc
860 2579 1063 2658 qualicunque

139 2663 287 2744 opusculo
323 2661 504 2741 obsequium
534 2682 620 2723 suum
642 2669 778 2723 testetur.
831 2661 897 2721 Nec
932 2668 1063 2722 meretur

137 2745 205 2807 dure
228 2746 374 2822 tractari,
396 2746 471 2821 {cum
495 2745 579 2805 nulla
607 2746 722 2807 malitia
748 2744 885 2805 videatur
907 2745 972 2824 agi,
1006 2763 1063 2804 nce

137 2830 251 2890 erudite
279 2829 449 2904 contutari,
482 2848 550 2888 cum
588 2848 671 2889 mera
703 2829 824 2888 inscitia
852 2835 883 2887 et
909 2828 1062 2908 imperitia

137 2923 269 2993 ungetur
292 2913 405 2972 omnia.

218 2995 378 3075 Principio
401 2994 544 3074 neganda
555 2995 625 3054 mibi
649 3001 718 3054 sunt
740 3002 856 3074 septem
872 3001 1064 3055 sacramente

138 3086 165 3137 ct
196 3085 318 3138 tantum
352 3079 409 3137 tria
442 3097 497 3157 pro
521 3084 659 3158 tempore
681 3077 843 3158 ponenda,
882 3076 1062 3158 baptismus,

139 3160 338 3239 poenitentia,
360 3161 458 3240 panis,
481 3168 511 3220 et
533 3160 723 3222 haecomnia
742 3180 810 3220 esee
823 3159 1061 3241 perRomanam

142 3247 253 3304 curiam
292 3242 380 3302 nobis
412 3245 442 3302 in
478 3242 680 3303 miserabilem
723 3244 931 3322 captivitatem
971 3237 1088 3304 ducta‘

140 3327 362 3404 ecclesiamque
390 3344 446 3384 sua
478 3331 544 3386 tota
564 3326 703 3387 libertate
730 3326 904 3407 spoliatam.
951 3325 1062 3402 Quam·

141 3426 239 3486 quam,
261 3408 288 3468 si
310 3427 365 3466 usu
389 3409 556 3487 scripturae
577 3410 661 3488 loqui
686 3410 792 3488 velim,
816 3428 877 3471 non
901 3410 1063 3469 nisiunum

141 3497 362 3551 sacramentum
385 3490 531 3566 habeam,
561 3498 591 3552 et
620 3495 677 3552 tria
706 3494 795 3573 signe
816 3492 1062 3568 sacramentalia,

142 3572 175 3632 de
203 3592 264 3653 quo
299 3572 388 3632 latius
418 3592 473 3633 suc
504 3582 656 3655 tempore,
688 3595 768 3635 nunc
797 3575 835 3636 de
864 3581 1060 3637 sacramento

144 3658 237 3734 panis,
260 3657 394 3716 omnium
416 3658 523 3736 prime.

221 3739 328 3801 Dicam
351 3741 467 3822 itaque,
489 3740 560 3822 quid
583 3747 614 3801 et
635 3742 664 3802 in
689 3740 748 3801 hoc
769 3741 952 3802 sacramenti
977 3740 1050 3805 mini
