2392 4170
131 241 174 308 80
384 244 425 336 Iis
444 243 524 314 capu
542 243 643 313 Bcbyl.
660 245 803 303 Ecclesiae

131 398 341 459 substituerint
361 399 391 457 in
414 398 516 458 iocum
538 417 653 459 earum.
685 399 760 459 Tres
782 405 885 478 partes
908 397 1061 463 dederunt

131 484 349 563 poenitentiae,
372 483 597 561 contritionem,
621 482 857 563 confessionem,
875 483 1060 544 satisfactio·

132 585 213 645 nem,
237 565 291 625 scd
313 566 368 643 sic,
391 570 423 624 ut
437 567 466 624 in
490 566 619 645 singulis
633 568 657 624 si
681 565 753 644 quid
776 564 850 625 boni
865 568 980 626 inesset
1002 566 1060 627 tol·

132 649 243 727 lerent,
273 657 303 707 et
330 650 361 707 in
384 649 499 708 eisdem
522 667 645 727 quoque
667 667 755 708 suam
778 648 932 717 libidinem
956 656 989 710 st
1009 655 1058 729 ty·

130 732 289 793 renuidem
311 733 540 794 constituerent.

213 815 382 894 Principio,
410 815 623 875 contritionem
647 815 692 874 sic
714 815 900 896 docuerunt,
927 822 960 875 ut
989 832 1060 877 sam

131 898 192 958 fide
214 899 427 978 promissionis
450 901 584 977 priorem
616 898 767 976 fecerent,
797 907 829 957 et
849 898 943 978 longe
974 898 1062 961 viiic

131 1002 194 1041 rem
210 982 259 1062 ¹),
282 987 316 1040 ut
337 999 416 1059 quae
438 1001 499 1041 non
522 989 604 1041 esset
624 979 696 1040 fidei
718 1000 806 1060 opus,
829 982 882 1041 sed
907 982 1060 1064 medium,

131 1065 194 1126 imo
217 1084 278 1125 non
304 1073 511 1131 memorantur
532 1083 610 1125 eam,
654 1064 705 1124 stc
732 1067 813 1122 enim
843 1064 988 1144 operibus
1016 1066 1061 1125 in·

132 1148 296 1208 haeserunt
309 1154 340 1206 et
352 1148 500 1227 exemplis
514 1147 747 1228 Scripturarum,
768 1149 798 1207 in
822 1149 932 1227 quibus
954 1148 1061 1228 legun·

132 1238 180 1290 tur
203 1232 286 1291 multi
309 1233 429 1290 veniam
453 1232 610 1291 consecuti
632 1241 758 1310 propter
780 1230 881 1290 cordis
903 1232 1066 1293 contritio-1

132 1316 246 1375 tionem
274 1325 305 1374 et
332 1313 550 1390 humilitatem,
586 1315 640 1373 sed
670 1331 732 1373 oon
764 1314 926 1375 advertunt
954 1311 1060 1393 fidem,

131 1416 210 1476 quae
232 1399 447 1457 contritionem
474 1406 504 1458 et
537 1396 675 1456 dolorem
706 1396 808 1459 cordis
839 1404 969 1477 operate
1001 1403 1059 1473 sot

132 1484 212 1541 sicut
234 1482 272 1542 de
294 1480 435 1540 Ninivitis
457 1481 552 1541 Ionee
574 1483 603 1544 2.
626 1479 780 1539 scribitur:
803 1480 843 1540 lit
865 1479 1066 1543 crediderunt

131 1565 188 1624 viri
209 1564 363 1624 Ninivitas
384 1565 413 1622 in
429 1563 574 1641 Domino,
597 1569 627 1623 ct
636 1563 892 1642 praedicaverunt
913 1565 1059 1625 ieiunium

132 1654 191 1711 etc.
234 1647 289 1706 His
311 1647 492 1706 audaciores
526 1657 556 1706 et
582 1649 704 1727 peiores
727 1645 882 1707 finxerunt
903 1645 1059 1725 quandam

36 1754 39 1759 ·
133 1731 335 1809 attritionem,
364 1749 444 1808 quae
466 1732 574 1790 virtute
602 1731 732 1790 clavium
763 1737 873 1808 (quam
895 1731 1058 1810 ignorent)

132 1813 219 1874 fieret
240 1815 399 1890 contritio,
422 1833 489 1874 eam
513 1814 629 1874 donent
650 1814 749 1892 impiis
774 1823 805 1873 et
825 1814 1012 1891 incredulis,
1029 1818 1062 1875 ui

133 1900 178 1957 sic
196 1896 339 1957 universa
360 1898 502 1957 contritio
527 1896 710 1956 aboleretur.
754 1895 780 1956 Ο
802 1898 876 1956 iram
899 1897 957 1957 Dei
979 1897 1064 1959 insu.

132 1980 335 2060 stentabilem,
357 1980 503 2039 haeccine
525 1981 555 2038 in
568 1980 698 2039 ecclesia
714 1978 824 2039 Christi
848 1978 975 2040 doceri?
1009 1978 1060 2041 Sis

133 2065 232 2124 securi
255 2074 285 2123 et
306 2062 366 2123 lide
395 2071 426 2122 et
452 2082 546 2141 opere
568 2065 634 2122 eius
657 2062 809 2123 abolito
802 2083 833 2123 m
862 2063 1011 2124 doctrinis
1029 2070 1063 2125 st

133 2146 329 2227 opinionibus
343 2146 498 2206 hominum
512 2146 715 2240 incedimus,
708 2164 770 2207 imo
781 2150 926 2243 perimus
948 2147 1061 2243 Magps

132 2249 182 2290 res
204 2239 251 2290 est
274 2248 326 2290 cor
349 2231 529 2308 contritum,
560 2248 618 2289 uec
646 2231 703 2289 nisi
724 2229 887 2290 ardentis
880 2250 910 2289 m
933 2229 1062 2309 promis·

135 2315 255 2375 sionem
277 2322 307 2372 et
330 2314 598 2373 comminationem
622 2311 755 2372 divinam
762 2313 859 2456 ,fidet
881 2331 961 2392 quse
984 2313 1060 2373 veni·

133 2403 226 2457 istem
250 2397 306 2455 Dei
330 2396 517 2456 immobilem
540 2397 646 2457 intuite
665 2395 844 2474 tremefacit,
867 2405 1010 2472 exterret,
1030 2400 1062 2459 sl

134 2481 179 2540 sic
200 2481 331 2540 conterit
357 2480 595 2557 conscientiam,
623 2497 725 2539 rursus
748 2480 865 2540 exaltat
886 2490 917 2540 et
946 2479 1061 2541 solatur

133 2574 297 2641 servatque
327 2564 505 2638 contritam,
538 2572 570 2622 ut
599 2563 711 2622 veritos
743 2565 991 2624 comminationis
1021 2562 1061 2623 sis

133 2665 228 2708 causa
251 2648 452 2725 contritionis,
475 2647 585 2706 veritas
607 2648 818 2726 promissionis
841 2649 880 2707 sit
901 2646 1014 2723 solatii,
1035 2643 1064 2707 si

133 2731 289 2808 credetur,
325 2738 356 2790 et
389 2730 448 2790 hac
476 2729 537 2790 fide
569 2733 662 2790 bomo
685 2738 836 2791 mereatur
862 2738 1060 2811 peccatorum

133 2815 357 2875 remissionem.
397 2812 529 2874 Proinde
551 2813 627 2872 fides
650 2820 720 2873 ante
743 2815 847 2874 omnia
870 2812 1012 2874 docende
1032 2818 1062 2875 cl

134 2896 334 2977 provocanda
361 2903 425 2975 est,
468 2897 530 2957 tide
560 2905 661 2956 autem
696 2897 821 2958 obtenta
854 2897 998 2958 contritio
1031 2901 1063 2957 st

134 2981 307 3041 consolatio
330 2980 498 3040 inevitabili
520 2981 645 3058 sequcls
666 2999 722 3040 sue
744 2987 854 3080 spo*
875 2982 1010 3041 venient.

216 3063 328 3140 Quare,
350 3065 408 3123 etsi
430 3064 567 3124 nonnihil
591 3063 713 3142 docent,
735 3066 786 3144 qui
809 3083 849 3124 ex
861 3069 1065 3145 peccatorum:

133 3165 259 3208 suorum
284 3151 334 3226 (ut
356 3149 486 3225 vocant)
513 3147 642 3208 collecto
668 3157 698 3208 et
720 3159 888 3228 conspectu
905 3146 1063 3208 contritio·

134 3250 204 3291 nem
226 3230 395 3311 parandam
418 3232 540 3310 docent,
561 3232 735 3311 periculose
750 3242 851 3293 tamen
875 3238 905 3291 ct
916 3247 1064 3311 perverse

135 3313 256 3391 docent,
280 3315 351 3375 dum
363 3334 425 3376 non
438 3322 509 3375 ante
520 3317 670 3396 principia
685 3324 715 3376 et
732 3334 841 3377 causas
854 3316 968 3376 docent
989 3331 1062 3375 con·

135 3399 275 3477 tritionis,
298 3418 409 3480 nempe
430 3399 553 3460 divinae
576 3402 821 3462 comminationis
833 3405 865 3460 et
885 3399 1064 3478 promissio·

134 3484 181 3543 nis
215 3483 374 3543 veritatem
409 3483 596 3544 immobilem
626 3484 664 3543 ad
697 3485 789 3546 fidem
816 3481 1062 3564 provocandam,

134 3573 168 3628 ut
189 3565 376 3649 intelligant,
403 3566 498 3627 multo
528 3569 635 3629 maiori
665 3571 790 3650 negotio
819 3568 878 3628 sibi
900 3567 1063 3628 veritatem

189 3759 222 3826 1)
242 3759 273 3812 ln
291 3757 334 3812 sd.
352 3756 430 3812 Jeme
448 3757 602 3812 meliorem.
