2392 4170
140 236 162 311 21
291 300 292 304 a
422 230 456 303 u.
469 247 554 302 uara
573 247 651 302 unu.
670 247 791 319 oureus,

140 400 267 462 devoret
287 400 445 484 iustiorem
472 420 515 480 sc,
540 408 571 463 et
593 403 632 463 sit
652 402 746 464 iacies
768 402 916 479 hominis,
937 408 970 464 ut
991 400 1063 464 Pro-

138 484 232 565 pheta
253 484 312 564 ait,
335 486 422 564 quasi
444 487 544 566 pisces
567 488 674 558 maris,
704 492 735 546 et
755 489 842 566 quasi
863 487 983 567 reptilia
999 505 1063 548 nou

137 568 283 629 habentia
305 567 431 648 ducem,
462 570 532 629 dum
562 571 600 629 sit
628 568 772 631 iudicium
802 577 833 639 et
860 570 1062 632 contradictio

132 653 300 733 potentior.
343 653 390 713 Ita
411 670 460 713 me
475 653 669 725 commendo,
689 653 734 713 ita
758 651 891 731 conlido,
908 655 957 715 ita
969 664 1062 734 spero

136 737 168 796 in
195 742 278 796 tua‘m
306 737 544 797 sacratissimam
567 737 775 814 Maiestatem,
797 755 889 816 quam
911 737 1062 798 Dominus

137 819 226 880 Jesus
249 818 339 880 nobis
361 826 462 880 servet
483 824 514 880 et
537 819 728 901 magnificet,
751 820 789 880 ad
812 820 940 900 gloriam
961 822 1062 882 Evan-

138 903 210 1046 gelii
232 904 278 963 sui
293 905 519 984 sempiternam,
538 905 647 965 Amen.
686 903 796 964 Datum
811 904 1061 986 Wittembergae,

136 987 188 1047 'ie
213 990 259 1050 15.
281 987 427 1056 ianuarii,
450 1006 532 1048 anno
554 985 719 1063 MDxxl).

222 1069 439 1131 Serenissimae
468 1072 635 1131 Maiestatis
663 1077 733 1130 tuae
762 1089 799 1130 ac
825 1070 942 1151 Regiae
963 1070 1061 1153 Impe-

137 1156 267 1213 tatoriae
289 1154 449 1214 clientulus
473 1153 600 1215 devotus
626 1152 772 1216 Martinus
795 1153 996 1232 Luthsrus2).

33 1408 37 1417 .
139 1305 188 1410 D.
218 1313 399 1411 Martini
429 1313 611 1412 Lutheri
626 1315 797 1412 Oblatio
824 1317 930 1414 *Sive
953 1317 1060 1414 ¹Pro·

297 1515 299 1519 ·
498 1428 695 1650 triti·

139 1689 286 1749 Martinus
309 1688 457 1749 Lutberus
480 1689 723 1770 Augustinianus
749 1696 891 1770 precatur
919 1689 1061 1752 omnibus

139 1772 219 1833 bane
241 1773 492 1855 protestationem
520 1773 569 1833 vel
597 1765 719 1834 lecturis
748 1773 796 1835 vel
818 1773 964 1835 audituris
994 1776 1061 1856 'gra-

214 1855 288 1916 tiam
310 1856 378 1937 oei,
401 1855 532 1917 offerens
556 1859 710 1918 orationes
733 1876 805 1917 sues
827 1857 979 1936 indiguas.

131 2000 144 2015 ·‘
217 1990 315 2052 Editis
343 1991 460 2070 aliquot
492 1993 566 2052 meis
599 1975 864 2053 lucubrationibus
893 2002 922 2052 et
949 1961 1060 2053 libellis

138 2075 285 2136 hactenus
308 2081 339 2134 ut
352 2076 525 2152 multorum,
546 2077 589 2137 ita
611 2078 793 2157 magnorum
808 2076 1061 2155 indignationem,

129 2158 256 2235 odium,
282 2159 408 2218 stiram
431 2162 580 2238 contraxi,
603 2160 693 2236 adeo,
717 2169 748 2219 ut
770 2178 869 2244 paene
891 2178 973 2219 nunc
994 2166 1061 2220 toto

138 2243 269 2302 triennio
292 2260 347 2322 pro
378 2242 481 2302 divina
509 2251 539 2302 et
560 2243 741 2324 evangelica
771 2243 899 2303 veritate
927 2239 1060 2303 infinitas

137 2331 167 2385 et
188 2334 352 2405 perpetuas
373 2328 618 2407 persecutiones,
641 2326 853 2399 contumelias,
877 2324 1060 2407 discrimina,

136 2415 167 2468 et
188 2407 331 2488 quicquid
355 2409 501 2470 malorum
532 2430 550 2470 a
580 2411 654 2470 meis
685 2409 866 2469 adversariis
889 2410 1061 2488 excogitari

136 2493 245 2572 potuit,
268 2510 392 2571 passus,
422 2511 461 2552 ne
483 2493 573 2554 hodie
595 2492 718 2574 quidem
746 2493 909 2555 evaserim.
952 2490 1061 2572 Neque

137 2575 220 2635 enim
244 2574 316 2634 mibi
340 2576 462 2656 proluit,
488 2578 569 2657 quod
590 2578 703 2637 invitus
726 2582 756 2634 et
777 2575 886 2636 nolens
910 2576 941 2636 in
962 2575 1060 2656 publi-

137 2677 207 2718 cum
230 2672 422 2738 progressus,
445 2679 544 2740 neque
571 2679 659 2721 secus
682 2678 773 2739 quam
799 2678 935 2720 meorum
958 2672 1060 2720 aemu-

136 2742 233 2802 lorum
247 2743 286 2819 vi,
305 2742 460 2803 fraudibus
474 2752 504 2803 et
516 2745 632 2804 insidiis
644 2743 772 2804 adactus
786 2744 903 2822 scripsi,
914 2741 1059 2822 quicquid

136 2825 253 2905 scripsi,
276 2826 349 2886 nihil
372 2827 452 2887 aliud
466 2845 597 2907 unquam
621 2828 669 2888 vel
691 2832 832 2907 precatus
855 2824 903 2884 'vel
926 2834 1060 2903 secutus,

31 2949 34 2954 -
136 2927 227 2988 quam
242 2916 274 2969 ut
283 2910 465 2970 veluthomo
475 2911 592 2971 alienae
607 2910 754 2970 voluntati
767 2908 895 2968 devotus
907 2909 938 2968 in
945 2908 1059 2990 angulo

134 2993 237 3072 aliquo
260 2992 358 3053 latens
381 3002 411 3053 et
433 2992 579 3054 obscurus
602 2993 696 3053 latere
718 3009 853 3072 possem.

219 3075 284 3137 Nec
308 3077 379 3137 mihi
401 3077 456 3136 fuit
478 3078 576 3156 saluti,
598 3075 757 3155 quodDeo
780 3076 898 3155 optimo
911 3077 1060 3157 maximo,

135 3167 165 3220 et
187 3160 256 3221 mea
279 3161 470 3221 conscientia
493 3167 568 3220 teste
590 3165 661 3220 'vere
686 3159 800 3234 testari,
824 3158 877 3219 sed
900 3168 930 3220 et
952 3161 1061 3221 multo-

134 3263 200 3303 rum
224 3243 407 3324 proborum,
429 3246 584 3324 gravium,
606 3242 866 3319 Christianorum,
896 3243 1060 3303 eruditissi-

135 3346 265 3403 morum,
288 3333 319 3388 et
334 3327 586 3407 peritissimorum
598 3325 712 3387 iudicio
726 3335 756 3387 et
768 3329 921 3387 sententia
942 3328 1059 3408 possim

188 3507 217 3567 1)
241 3505 272 3559 ln
296 3504 339 3560 ed.
366 3506 436 3573 orig.
463 3503 654 3560 tantummodo
686 3505 801 3575 legitur:
830 3509 928 3562 Datum
950 3509 1062 3563 Witten·

134 3578 244 3647 bergas.
281 3575 367 3632 Anno
388 3577 496 3631 Domini
515 3577 550 3631 lll.
570 3577 603 3632 D.
624 3577 681 3630 XX.
719 3579 750 3642 2)
772 3578 842 3633 Ibid.
870 3581 970 3634 desunt
994 3581 1063 3636 haec

134 3651 234 3704 verba:
263 3648 463 3703 Serenisstmae
487 3679 521 3688 -
541 3650 688 3716 Lutherus,
717 3654 833 3720 repetite
861 3658 926 3707 sunt
959 3670 996 3708 ex
1019 3653 1063 3708 ed.

135 3722 222 3775 Auris.
241 3725 268 3774 at
286 3720 349 3776 Jen.
382 3722 414 3788 3)
436 3722 504 3778 lbid.
523 3722 613 3778 deest:
632 3722 725 3778 Jesus.
