2340 4162
188 252 252 326 142
441 226 446 232 ’
468 278 475 292 ·
541 250 585 314 De
603 247 770 329 abroganda

184 428 222 484 'et
242 421 301 482 Dei
322 419 490 483 adversarii
501 428 582 500 sunt,
604 440 665 481 nna
687 438 756 481 cum
767 420 905 501 principe
927 426 959 482 et
973 426 1114 483 mestore
1147 424 1150 429 '

187 523 245 567 suo
267 504 352 586 Papa
372 505 552 586 propediem
581 503 758 564 destruendi
780 522 835 583 per
857 504 1022 566 adventum
1048 504 1114 566 sal-

75 614 78 619 ·
189 589 305 650 valoris
335 591 446 669 nostri,
480 589 589 651 Amen.
651 587 737 648 Haec
770 587 875 647 omnia
908 607 976 648 cum
1011 588 1116 667 certis,

189 674 322 754 apertis,
356 670 496 733 fidelibus
525 673 660 732 nitantur
683 671 840 751 scripturis
869 678 900 730 et
921 671 1023 733 verbis
1047 672 1114 747 Dei,

189 762 313 838 oportet
334 757 400 835 pias
424 756 631 816 conscientias
653 773 778 814 securas
801 762 832 819 et
854 753 965 816 liberas
988 774 1056 815 esse
1076 755 1114 815 ad

189 838 448 901 contemnendum
479 856 546 899 cum
568 837 682 898 fiducia
703 845 799 898 totum
829 837 889 898 hoc
918 856 1029 919 corpus
1058 839 1115 898 Ba·

189 922 366 1004 bylonicum
391 941 459 982 cum
482 940 598 1003 pompa
619 927 651 981 et
671 923 776 1002 specie
797 940 862 984 sua.

272 1005 418 1085 Superest
444 1006 532 1066 tertia
566 1024 637 1085 pars
666 1004 753 1064 huius
785 1007 917 1065 sstauici
939 1004 1115 1084 sacerdotii,

190 1088 274 1169 quod
296 1097 342 1148 est
355 1089 432 1149 silva
454 1095 591 1149 etarcna
605 1088 837 1169 monachorum,
859 1107 956 1168 genus
976 1091 1115 1164 mixtum,

189 1192 248 1234 nec
267 1172 456 1250 sacerdotes,
479 1190 538 1233 nec
559 1171 638 1252 laici,
661 1189 718 1231 nec
740 1172 894 1248 monachi,
916 1192 955 1231 ne
978 1173 1051 1232 nihil
1065 1172 1116 1232 de·

190 1258 240 1336 sit,
262 1256 344 1336 quod
361 1262 566 1317 monstrorum
583 1257 661 1315 ratio
674 1254 819 1335 postulet,
842 1255 896 1315 sed
920 1275 959 1317 ex
972 1255 1114 1316 omnibus

190 1349 221 1402 et
242 1339 370 1419 singulis
399 1338 569 1400 confusum.
613 1338 726 1398 Verum
749 1344 899 1416 quatenus
921 1344 992 1402 suut
1014 1358 1115 1400 sacer·

190 1424 279 1484 dotes
312 1421 352 1483 sd
374 1441 429 1483 eos
458 1422 547 1483 simul
569 1423 740 1503 pertinent,
763 1440 844 1500 quae
867 1422 906 1483 de
928 1423 1114 1497 sacerdotio,

188 1468 341 1568 sacrificio
369 1512 401 1567 et
428 1506 596 1566 ministerio
625 1505 811 1567 dictasunt.
855 1504 1014 1581 Quatenus
1041 1524 1115 1568 vero

191 1589 338 1652 monachi
359 1595 445 1669 sunt,
466 1589 593 1671 proprio
628 1589 785 1651 volumine
817 1608 896 1671 opus
924 1589 1039 1651 habent
1065 1589 1118 1650 de·

188 1674 281 1735 scribi
310 1692 380 1735 cum
401 1673 464 1734 suis
492 1672 603 1751 stultis,
631 1674 749 1753 impiis,
771 1672 1012 1753 impossibilibus
1045 1680 1116 1734 eta

190 1757 275 1819 nullo
304 1775 440 1837 unquam
468 1757 599 1819 servatis
627 1759 714 1820 votis.
759 1753 835 1818 Ideo
862 1774 901 1817 ne
931 1757 1116 1836 prolixiores

190 1841 297 1921 simus,
319 1840 494 1902 differemus
517 1857 572 1905 eus
593 1841 624 1900 iu
647 1859 735 1901 suum
757 1847 894 1921 tempus,
916 1840 977 1901 hcc
999 1840 1115 1901 dixisse

192 1926 344 2004 contenti,
378 1923 582 1984 Christianum
607 1924 754 2004 populum
778 1942 847 1984 esse
868 1924 1066 2005 simplicem,
1087 1924 1116 1983 in

191 2026 251 2089 quo
273 2026 399 2089 prorsus
417 2006 502 2069 nullo
517 2012 611 2089 secta,
624 2007 708 2068 nulla
721 2005 891 2068 differentia
907 2025 1118 2088 personarum,

191 2091 293 2153 nullus
322 2091 439 2170 laicus,
467 2090 566 2152 nullus
596 2090 740 2170 clericus,
768 2091 869 2151 nullus
893 2110 995 2170 rasus,
1015 2090 1118 2152 nullus

191 2182 310 2254 unctus,
333 2175 433 2234 nullus
456 2174 626 2236 monachus
650 2193 719 2235 esse
742 2173 862 2254 debeat,
885 2174 939 2235 sed
962 2176 1029 2236 sine
1052 2174 1117 2235 ullo

191 2258 366 2319 discrimine
389 2276 497 2319 omnes
513 2258 561 2319 vel
586 2260 742 2338 coniugati
758 2258 808 2318 vel
822 2258 968 2338 coelibes,
991 2259 1117 2321 arbitrio

192 2343 304 2422 quique
326 2361 393 2423 suo,
414 2343 490 2402 sicut
515 2341 659 2402 modain
683 2342 821 2402 civilibus
844 2342 1113 2404 communitatibus

190 2424 329 2487 videmus
352 2426 529 2486 naturaliter
550 2424 626 2488 fieri.
669 2425 816 2506 Episcopi
838 2445 931 2505 vero,
953 2445 1007 2487 seu
1031 2444 1113 2506 pres-

190 2508 306 2590 byteri,
342 2528 397 2570 seu
418 2511 572 2589 seniores,
590 2528 644 2570 seu
667 2509 805 2588 diaconi,
827 2529 950 2591 prorsus
973 2510 1059 2571 nulla
1081 2528 1114 2569 re

191 2593 311 2654 differre
335 2613 354 2654 a
376 2595 485 2654 ceteris
497 2592 676 2655 Christianis
700 2592 822 2672 debent,
846 2595 901 2653 nisi
917 2593 984 2655 solo
1008 2592 1114 2654 officio

191 2676 276 2738 verbi
298 2686 329 2738 et
352 2676 552 2755 Sacramenti,
575 2678 654 2736 sieut
675 2683 800 2737 senator
822 2678 906 2738 nulla
928 2697 960 2737 re
984 2676 1115 2738 differta

190 2761 308 2823 civibus
330 2761 403 2839 suis,
425 2762 482 2821 nisi
505 2760 609 2822 officio
631 2760 785 2840 regendae
808 2762 948 2824 civitatis.

274 2843 333 2920 Qui
355 2851 457 2904 autem
481 2846 573 2905 sectis
585 2845 767 2904 introductis
789 2845 870 2905 hanc
886 2846 1114 2927 simplicitatem

191 2928 347 2989 sciderunt
368 2929 398 2988 in
422 2927 518 2988 laicos
541 2934 572 2989 ei
595 2929 744 3004 clericos,
768 2929 796 2987 in
820 2947 908 2989 rasos
931 2936 963 2990 et
983 2947 1046 2990 noo
1070 2945 1115 2988 ru·

191 3029 254 3092 sos,
277 3009 389 3072 deinde
406 3029 493 3072 rasos
515 3013 545 3071 in
569 3012 740 3073 monachos
769 3022 800 3072 et
822 3012 1022 3088 sacerdotes,
1046 3018 1117 3093 post

80 3162 84 3170 ,
192 3096 363 3157 monachos
385 3096 416 3155 in
431 3103 532 3155 vestes
555 3103 586 3156 et
602 3095 688 3156 cibos
710 3093 836 3156 infinitis
855 3096 958 3161 modis¹
973 3098 1117 3173 variatos,

190 3179 329 3240 similiter
350 3185 382 3239 st
394 3178 570 3239 sacerdotes
584 3181 614 3238 io
625 3181 726 3240 varias
747 3179 880 3240 culturas
903 3180 1117 3255 etdiocoeses‚

191 3261 222 3322 hi
245 3271 325 3344 sunt,
348 3264 398 3342 qui
421 3270 529 3324 autore
551 3262 667 3323 Bataua
689 3263 851 3324 ecclesiam
875 3273 904 3324 et
928 3264 1115 3344 Scriptorum

191 3344 249 3405 Dei
271 3348 478 3425 violaverunt,
510 3353 541 3406 et
563 3348 675 3407 astutia
705 3348 877 3427 serpentina
902 3366 1010 3408 sensus
1033 3345 1116 3406 Chri-

191 3430 360 3491 stianorum
382 3436 584 3511 corruperunt
605 3450 624 3490 a
646 3430 858 3510 simplicitate,
892 3449 973 3511 quae
1009 3436 1057 3491 est
1084 3430 1116 3488 in

192 3512 324 3594 Christo,
354 3519 388 3573 ut
408 3514 577 3594 Apostolus
599 3515 643 3574 ait
663 3513 700 3574 ad
727 3513 912 3577 Corinthios.
955 3513 1030 3576 Ideo
1057 3513 1117 3593 epi·

192 3597 279 3677 scopi
292 3606 324 3657 et
340 3597 509 3678 presbyteri
532 3597 648 3658 nullum
666 3604 769 3659 sectae
792 3616 903 3658 nomen
922 3597 1046 3674 habent,
1063 3593 1117 3655 sed

191 3685 309 3741 tuntum
333 3680 437 3762 officii,
460 3688 493 3742 ut
514 3672 673 3763 presb'yter
695 3683 776 3743 enirn
799 3683 969 3764 seniorem,
991 3682 1036 3743 ita
1056 3678 1116 3760 epi·

188 3780 304 3853 scopus
325 3766 512 3832 visitatorem
535 3765 702 3851 significat,
723 3786 764 3830 ex
785 3766 895 3849 quibus
916 3784 1000 3829 nuos
1020 3762 1117 3847 digui-
