2392 4170
410 238 494 299 Missa
514 236 624 313 privata
642 239 675 299 D.
696 240 729 299 ii.
750 242 779 298 L.
1003 242 1065 317 14⁷

140 404 324 484 sapientiam
356 404 411 468 Dei
440 408 631 488 instituisse,
665 407 812 488 quidquid
847 407 898 468 ille
927 408 1065 470 instituit.

139 487 257 548 Stultus
281 496 311 548 et
334 489 478 551 ridioulus
502 492 618 570 videor,
641 493 691 569 qui
714 492 773 551 ista
784 497 898 570 petam,
921 490 975 551 sed
993 490 1064 555 stul-

139 571 236 631 titiam
262 590 330 632 eam
357 573 428 633 mihi
452 582 615 654 extorquet
638 574 803 634 indomitus
824 575 908 635 furor
930 573 1064 654 Papista-

137 673 224 734 rum,
248 658 279 715 et
300 653 462 736 deplorato
483 659 616 718 amentia
639 657 793 737 luparum,
815 657 845 718 id
869 669 931 738 est,
955 654 1064 735 Parisi·

138 740 269 814 ensium,
293 737 544 820 Lovaniensium,
567 748 597 801 et
619 739 746 801 aliarum
769 740 958 802 Soholarurn.
1002 739 1062 817 Qui

138 839 208 881 oum
230 821 407 883 iamdudum
432 825 492 884 sint
513 823 644 885 indurati
675 831 706 884 et
727 824 886 885 inveterati
922 823 1063 885 diuturno

138 910 170 964 et
204 908 356 985 perpetuo
391 914 571 988 contemptu
607 906 739 984 Christi,
777 905 999 988 Apostolorum
1033 914 1065 969 et

137 986 405 1070 Evangelistarum
430 992 652 1072 universaeque
675 988 849 1072 scripturae
871 997 1010 1052 sanetum
1033 998 1065 1052 et

137 1070 323 1132 oatbolioum
345 1075 539 1152 arbitrantur,
561 1081 594 1134 ut
621 1091 690 1133 oum
712 1074 834 1136 furiosis
855 1072 1010 1152 iuramus,
1032 1083 1062 1136 et

137 1153 320 1235 posthabitis
343 1157 444 1218 verbis
475 1157 586 1218 divinis
614 1159 762 1217 iaotemus
791 1176 858 1218 anm
893 1159 937 1218 eis
969 1157 1063 1219 verba

137 1238 311 1299 bominum:
336 1241 450 1322 Patres,
472 1247 585 1322 patres,
609 1246 712 1320 patres
746 1240 894 1318 Ecclesia,
918 1240 1061 1320 ecelesia,

136 1321 279 1400 ecelesia,
292 1322 442 1402 Consilia,
464 1323 606 1401 oonoilia,
617 1286 759 1404 oonaiiia,
772 1324 914 1403 Decreta,
930 1323 1064 1402 deoreta,

137 1406 272 1486 daorsis,
296 1407 530 1485 Universitates,
552 1406 779 1486 universitates,
803 1407 1024 1470 universitates.

219 1489 344 1550 Scilicet
366 1490 412 1550 his
434 1490 561 1551 terrenis
585 1488 676 1551 fumis
699 1491 761 1550 suis
790 1488 905 1551 audent
927 1492 1062 1570 exigere,

136 1579 169 1631 ut
190 1574 301 1633 oedant
324 1575 467 1635 universa
490 1573 544 1634 illa
573 1572 676 1633 divina
698 1581 728 1634 et
750 1572 898 1634 eoelestia
919 1571 1059 1653 fulmina,

135 1658 244 1736 parati,
266 1656 317 1718 ubi
332 1675 392 1718 non
412 1657 684 1736 oesserint,omnia
697 1658 844 1718 damnare
865 1662 896 1718 et
923 1674 1061 1720 exurere.

136 1736 206 1816 Quo
228 1739 331 1800 surore
354 1741 426 1821 quid
449 1739 531 1801 eliud
554 1739 728 1821 moliuntur,
752 1758 843 1818 quam
866 1746 900 1800 ut
922 1739 1060 1804 Christus

135 1840 204 1882 oum
236 1824 385 1903 apostolis
413 1825 476 1885 suis
509 1822 600 1884 inerit
628 1823 658 1883 in
694 1822 794 1884 verbis
822 1831 853 1885 et
880 1823 969 1883 laetis
998 1824 1060 1885 suis

135 1907 245 1966 stultus
267 1913 320 1967 eut
341 1908 493 1987 ebriosus,
516 1913 550 1967 ut
571 1905 623 1986 qni
654 1924 692 1967 ea
713 1906 835 1985 dixerit,
862 1923 941 1986 quae
962 1905 1062 1967 homi·

138 1989 226 2050 nibus
248 1990 342 2071 longe
363 1991 424 2051 sint
444 1989 587 2052 inferiora
626 2008 664 2051 ao
692 1989 787 2050 multo
825 1988 946 2051 fidelius
969 2007 1061 2070 super

138 2072 252 2151 Patres,
277 2073 431 2151 Oonailia,
454 2073 600 2153 Soholas,
622 2073 769 2150 Decreta,
802 2073 834 2134 in
863 2072 974 2154 quibus
997 2090 1060 2135 uon

139 2175 208 2217 raro
241 2175 360 2219 errores
391 2159 484 2219 luisse
516 2158 639 2238 ipsimet
660 2157 813 2235 fatentur,
840 2176 898 2218 nos
921 2163 1063 2232 oporteat

136 2238 308 2317 oonlidere,
339 2258 429 2320 quam
463 2260 555 2320 super
582 2240 744 2304 Christum.
789 2241 970 2320 Quanquam
999 2259 1062 2301 non

137 2324 197 2385 hoo
218 2343 258 2384 ex
276 2326 378 2386 animo
394 2333 499 2405 agant,
520 2332 552 2384 ul
566 2323 700 2404 Patrum,
725 2323 942 2403 Consiliorum,
965 2324 1061 2385 eoele-

136 2407 201 2468 siae
223 2409 369 2489 pietatem
392 2407 523 2485 firment,
545 2406 600 2467 sed
623 2414 656 2467 ut
676 2426 748 2467 suas
763 2409 903 2489 propriae
925 2408 1061 2469 insanias

137 2500 167 2551 et
205 2491 450 2554 abominationes
485 2509 503 2550 e
536 2489 659 2550 Petrum
700 2497 732 2550 et
765 2490 973 2552 Conoiliorum
1012 2488 1061 2553 vel

136 2576 259 2655 proprio
282 2575 330 2636 vel
353 2575 436 2636 male
455 2573 680 2636 intellectorum
703 2591 806 2635 errore
829 2572 976 2655 aaoeptas
999 2582 1061 2634 sta·

139 2657 245 2719 biliant
267 2668 297 2721 et
318 2658 481 2719 veritatem
504 2658 711 2737 exstinguant.

220 2742 452 2803 Adhaereamns
474 2743 580 2820 itaque
600 2738 647 2800 his
670 2739 770 2801 verbis
784 2738 893 2801 divinis
905 2758 975 2800 oum
987 2735 1060 2799 flou-

135 2826 193 2902 oia,
215 2828 280 2887 sive
302 2824 332 2887 id
354 2845 447 2907 aegre
474 2824 573 2885 ferant
593 2822 697 2904 Papae
725 2825 790 2884 sive
817 2841 960 2904 poppae,
993 2821 1059 2882 sive

137 2908 297 2988 lupanaria
319 2910 386 2970 sive
410 2909 511 2989 lupae.
556 2907 602 2968 Ao
624 2906 834 2987 observemus,
856 2926 896 2967 an
919 2904 997 2966 haee
1018 2903 1060 2992 di,-

136 2995 208 3052 vina
248 2994 374 3054 oraoula
406 2992 583 3073 permittant
621 2988 730 3051 Missas
764 2987 916 3051 saoriiioia
949 2989 1061 3052 disere.

136 3076 267 3137 Primum
300 3073 465 3156 religiones
498 3075 567 3135 illas
604 3073 792 3153 irreligiosas
826 3073 1062 3150 contemnimus,

135 3177 211 3239 quas
232 3161 291 3221 beo
312 3161 343 3220 in
366 3179 398 3221 re
421 3159 505 3220 stulti
524 3157 709 3220 invenerunt
730 3166 760 3217 et
773 3155 1060 3238 multiplicaverunt.

135 3241 249 3318 Quales
271 3249 358 3321 sunt,
387 3243 470 3323 quod
502 3242 595 3302 verba
616 3240 695 3302 haee
718 3248 770 3312 (ut
792 3237 919 3321 vooant)
950 3257 1060 3300 eonse-

135 3328 281 3388 orationis
304 3326 428 3386 minime
451 3326 577 3406 vulgata
598 3324 715 3405 volunt,
738 3341 793 3383 oeu
823 3323 897 3384 solis
919 3319 1061 3384 saeerdo·

135 3410 214 3470 tibus
225 3458 234 3490 ,
257 3428 315 3470 neo
335 3411 371 3469 iis
393 3410 451 3470 nisi
472 3409 503 3470 in
522 3409 630 3468 intimo
653 3425 809 3469 saetarum
821 3424 921 3467 rerum
941 3414 1060 3467 seoreto

134 3492 296 3574 agentibus
319 3491 493 3567 traotanda,
516 3490 626 3572 quibus
658 3491 689 3551 in
721 3496 786 3551 toto
823 3490 898 3551 orbe
921 3489 1059 3572 oportuit

134 3576 208 3639 nihii
230 3595 299 3638 esse
321 3577 424 3637 notius
446 3593 546 3656 neque
568 3574 742 3657 vulgatius,
763 3592 832 3635 oum
857 3571 934 3633 tides
956 3580 989 3633 et
1010 3591 1056 3633 sa·

134 3660 180 3721 lus
203 3659 340 3721 omnium
362 3657 497 3740 pendeat
517 3659 547 3719 in
571 3657 641 3736 illis,
665 3657 706 3719 oti
728 3654 976 3723 monstrabimus.
1096 3701 1099 3704 -

217 3741 312 3827 Item,
341 3741 424 3825 quod
459 3741 654 3805 severissimo
690 3741 855 3824 supercilio
895 3737 1059 3801 deliniunt:

785 3814 848 3892 ro·
940 3838 943 3843 .
