2392 4170
296 257 405 311 Batiam
425 256 511 314 lason.
533 260 563 312 Χ.
587 258 700 314 damnat·
728 276 753 315 s.
775 260 853 321 ΜΟ.
975 258 1037 329 177

132 432 171 493 pin
190 432 261 474 vero
290 420 438 493 peeosto,
469 420 523 474 aut
551 413 710 475 studemus
738 418 833 479 totius
861 417 1037 501 Scripturas

131 498 312 559 ineuntem.
337 496 406 557 Non
431 504 479 556 est
495 499 698 578 enimpoena,
722 499 888 582 sedautpa,
911 502 1035 583 quando

131 578 240 655 turp:
262 579 554 661 Oonoupiseentiam
581 583 755 642 nesciebam
774 602 843 645 esse
863 594 1036 665 pensatum,

130 664 169 723 nisi
209 663 259 724 tex
298 662 431 724 diceret:
488 662 557 723 Non
600 667 818 746 eoncupisaem
865 686 939 747 ergo
985 670 1035 747 qui
1146 664 1150 671 “

130 748 300 827 sonoupisoit
329 748 428 822 (siout
456 748 556 806 omnis
584 745 658 808 iaoit
688 749 875 830 baptisatus)
911 752 967 809 soit
1002 770 1035 810 se

130 828 179 911 tege
198 833 356 911 magistre,
379 838 487 890 eontra
508 848 599 909 quam
623 832 706 907 feeit,
728 850 800 893 vere
823 850 960 911 pessare.

188 912 227 973 m
250 915 327 974 mire
349 913 460 993 plaeet,
483 914 679 994 abapostoio
695 914 859 976 adduntum
882 918 1036 977 orassissi·

132 1014 177 1057 Ιιι
194 1014 295 1077 &nus
316 992 553 1078 peoosti,⁸quod
576 999 604 1056 in
630 999 798 1059 novissimo
821 1017 912 1059 seusu
936 1005 1036 1059 taetus

130 1094 215 1141 flues
236 1081 383 1142 sentiunt.
426 1079 591 1155 Quomodo
608 1082 688 1139 enim
704 1083 917 1161 persuasisset,
938 1082 1036 1141 inten-

130 1162 206 1225 tiones
217 1170 248 1223 et
260 1162 424 1243 opiniones
436 1162 537 1223 sordis
551 1172 680 1243 peecata
691 1182 760 1224 esse
771 1165 818 1242 iis,
833 1165 883 1242 qui
900 1166 1036 1224 nondum

129 1246 284 1325 munderi
307 1247 430 1320 volunt,
460 1248 740 1327 oonaupiseentiam
770 1265 839 1306 esse
863 1254 1034 1326 pennatum,

130 1336 267 1391 etsontra
289 1331 510 1390 crassissimum
523 1349 647 1390 sensnm
665 1330 875 1410 experientiae
898 1336 929 1389 et
950 1349 1035 1411 aper-

129 1410 255 1473 t'rtimam
278 1413 378 1493 legem
402 1414 533 1494 sapiunt.
576 1412 757 1492 Namquem
781 1430 842 1473 non
856 1411 929 1472 iaoit
949 1432 1035 1472 reum

129 1494 172 1556 'nit
189 1496 253 1557 tex:
279 1496 396 1576 Diliges
407 1496 572 1557 Dominum
597 1516 636 1557 ex
659 1503 725 1556 toto
748 1496 841 1557 eorde
864 1494 937 1555 tuo?
960 1494 1035 1569 Quis

132 1596 177 1639 ion
204 1586 291 1660 parte
322 1581 425 1659 aliqua
452 1598 564 1659 magna
586 1581 741 1661 seipsum
765 1578 884 1659 ditigit?
921 1578 1033 1638 Verum

130 1661 226 1723 emar
246 1663 406 1743 apostotus
435 1663 495 1724 hoo
530 1670 729 1743 praecepium
766 1663 925 1737 sublimine
958 1680 1036 1733 esse,

129 1760 203 1823 quam
223 1754 256 1806 ut
275 1748 469 1806 inexercitati
491 1764 602 1827 aspere
615 1754 752 1827 possent,
773 1745 845 1805 ideo
859 1745 1034 1824 assumpsit,

130 1842 191 1907 tuos
209 1831 414 1911 praesumpsit
443 1847 504 1890 non
526 1848 619 1909 posse
641 1830 746 1909 negari
769 1828 807 1888 ab
829 1829 921 1909 ipsis,
952 1828 1037 1887 nimi·

131 1928 181 1971 un
199 1914 334 1973 omnium
356 1932 448 1973 sensu
470 1913 636 1993 eogniturn.

195 1995 360 2057 Videamus
381 2004 500 2075 autem,
534 2014 594 2075 qua
624 1998 743 2056 ratione
772 2001 969 2071 moveantur,
1006 2000 1039 2054 ut

86 2122 90 2147 ,
132 2088 223 2157 negem
242 2086 404 2159 peooatum
428 2079 488 2139 diei
514 2080 661 2158 reliquam
693 2078 846 2159 baptismo
872 2077 1037 2139 tibidinem.

86 2192 89 2197 ·
133 2158 223 2223 timui
243 2165 324 2224 enim
348 2163 489 2245 baptismi
512 2164 652 2223 iniuriam
676 2180 756 2239 esse,
778 2163 803 2221 si
826 2180 887 2221 non
901 2163 1037 2221 omnium

86 2258 92 2319 ζ·
134 2253 307 2321 putosiorum
322 2248 453 2307 tribuere
476 2247 594 2306 dicatur
606 2248 827 2325 remissionem,
850 2246 929 2304 siout
946 2245 1038 2304 habet

87 2332 90 2337 '
137 2322 192 2389 itte
211 2330 364 2391 oathoiioa
385 2331 536 2390 ecelesiae
559 2338 589 2389 et
611 2337 749 2388 sanatum
773 2329 984 2407 evangelium,
1013 2329 1038 2385 si

139 2424 189 2491 qo
207 2415 337 2475 remissa
358 2424 429 2473 sunt.
457 2414 560 2473 omnia
591 2420 737 2493 peecata,
774 2412 856 2490 quod
889 2411 1038 2490 reliquum

140 2496 448 2660 ttttttttt
472 2515 538 2639 :tt
553 2493 1040 2658 ,trististristis

136 2672 256 2737 putente
285 2663 459 2742 Pelagianis
486 2664 677 2742 Augustinus
700 2662 793 2740 dixit,
826 2662 944 2721 seilicet
970 2680 1040 2741 peo-

135 2752 215 2806 titum
236 2748 350 2807 remitti
373 2747 474 2826 quoad
498 2756 626 2824 reatum,
649 2745 703 2806 sed
727 2764 788 2806 uon
803 2744 905 2824 quoad
928 2755 1040 2825 aetum,

134 2842 173 2887 teu
190 2838 220 2889 ut
239 2831 335 2911 ipsius
350 2830 450 2891 verbis
466 2836 547 2890 utar:
570 2830 734 2890 Peccatum
747 2828 826 2889 istud
844 2835 928 2889 reatu
943 2840 1042 2890 trans·

135 2908 162 2989 i,
187 2922 254 2973 aotu
283 2921 396 2975 manet
439 2913 524 2975 Siout
545 2914 626 2973 enim
649 2919 702 2987 (ut
722 2913 802 2973 idem
825 2914 885 2991 ait)
917 2910 1039 2990 aliquod

135 3004 273 3070 munium
306 2999 415 3057 transit
449 3004 519 3058 netu
555 3007 586 3057 et
619 3006 722 3056 manet
752 3006 838 3056 reatu
872 2992 970 3078 (siout
993 3001 1040 3054 est

136 3090 207 3139 omne
226 3080 383 3162 aetneis),
416 3083 458 3141 its
480 3088 607 3142 econtra
639 3081 699 3140 hoo
732 3081 858 3159 originis
880 3087 1039 3159 peceatum

137 3164 222 3223 aanor
242 3174 329 3225 reatu
352 3172 383 3224 et
405 3173 509 3225 manet
531 3172 610 3227 autu.
656 3164 738 3222 ane
766 3182 826 3224 non
857 3170 949 3243 negat
970 3181 1040 3222 esse

88 3294 90 3301 .
137 3256 284 3328 neutum,
308 3267 367 3308 neo
378 3247 451 3307 dioit
466 3248 565 3307 sotum
580 3246 731 3307 detentum
745 3255 797 3307 aut
819 3266 950 3328 poenam
962 3266 1041 3322 esse,

139 3324 178 3385 ted
196 3340 352 3410 peecatum
376 3340 446 3391 aotu
470 3339 500 3391 et
517 3350 593 3391 'vers
615 3350 692 3390 esse.

200 3412 326 3474 Rursum
358 3414 475 3475 dicant:
507 3416 548 3475 At
575 3434 632 3474 uos
661 3421 777 3474 reetum
808 3414 889 3474 huno
917 3415 1040 3495 proprie

141 3506 262 3558 'omnus
283 3506 463 3579 peoestum,
492 3518 554 3559 non
585 3498 656 3557 iilud
681 3497 763 3576 quod
787 3507 932 3561 remanet.
986 3497 1041 3558 se-

183 3765 207 3826 't
225 3767 319 3824 Ιίοωι.
339 3770 362 3826 7.

164 3862 235 3910 hum
247 3885 297 3923 opp.
312 3875 338 3915 v.
355 3874 382 3912 s.
397 3873 433 3913 su.
450 3871 491 3910 rer.
507 3870 556 3913 uia.
571 3872 585 3910 r,
598 3882 620 3919 ρ.
636 3871 684 3912 vor.
701 3871 727 3915 ν.
921 3844 959 3909 12
