2392 4170
128 256 192 327 190
479 256 523 314 De
542 252 706 330 abroganda

130 428 196 482 tota
217 419 312 482 libido
333 423 521 502 prohibetur.
563 424 606 484 Ut
626 422 846 483 sanctissimus
873 423 935 484 hoc
965 442 1050 485 man·

129 506 234 566 datum
257 515 393 585 enervet,
416 508 541 586 longum
570 508 659 566 luerit
690 525 868 587 recensere,
900 526 1052 588 nusquam

130 590 212 649 enim
234 588 280 647 sic
301 590 416 650 insanit
438 590 570 652 Satanae
593 609 647 670 per
670 587 787 669 Papam
814 600 907 670 atque
940 591 971 651 in
1000 608 1052 652 ca-

129 674 233 733 ntitata
253 679 285 731 et
305 672 431 733 libidine
453 674 622 734 tractanda.
665 672 808 750 Primum,
829 676 887 734 etsi
902 693 964 736 non
979 694 1053 756 pro·

129 754 212 815 bibet
235 754 329 816 verbo
351 759 522 818 castitatem
546 776 605 816 nec
626 759 754 816 scortari
777 758 879 838 docet,
901 760 987 838 cogit
1007 767 1053 819 ta·

26 840 42 865 '
129 858 199 899 men
223 842 363 917 scortari,
387 841 510 901 decreto
535 861 591 900 suo
614 840 799 901 intolerabili
821 850 853 901 et
884 843 1053 923 perditissi-

129 941 180 985 mo
202 923 241 983 de
264 924 418 984 coelibatu
441 927 533 985 totius
555 926 602 984 sui
623 925 798 1005 sacerdotii,
820 932 882 985 tam
900 926 967 992 late
997 945 1053 1007 ps·

129 1009 230 1083 tentis,
253 1025 323 1066 cum
347 1015 408 1067 tam
430 1027 499 1068 rara
523 1014 553 1068 et
581 1015 712 1088 angusta
739 1008 779 1067 sit
806 1009 954 1068 castitatis
984 1028 1051 1088 gra·

128 1092 181 1151 tia.
224 1088 304 1163 Quid
326 1109 401 1170 ergo
423 1092 496 1151 lacit
517 1091 609 1171 aliud,
634 1091 704 1150 dum
727 1091 785 1151 fert
807 1093 905 1172 legem
929 1097 1051 1154 castita

129 1175 168 1234 tis
190 1192 282 1254 super
304 1193 369 1250 eos,
392 1177 443 1254 qui
460 1177 617 1235 continere
634 1194 692 1234 nec
705 1182 836 1255 possunt
852 1195 909 1235 nee
927 1176 1050 1255 debent,

128 1276 219 1337 quam
241 1259 310 1338 ipso
332 1277 427 1338 opere
448 1259 534 1325 dicit:
556 1259 611 1338 lte,
633 1260 826 1337 scortemini,
848 1258 933 1339 qnod
955 1268 987 1320 et
1007 1260 1050 1320 ia·

130 1342 222 1421 ciunt,
243 1349 274 1401 et
296 1344 363 1422 ipse
385 1345 533 1422 permittit
552 1341 701 1422 impune?
734 1341 760 1402 0
779 1346 846 1421 quis
863 1351 956 1422 queat
970 1343 1052 1404 hanc

131 1444 222 1485 unam
245 1424 360 1486 rabiem
384 1427 518 1486 Satanae
548 1427 577 1484 in
607 1424 771 1504 perdendis
799 1426 959 1487 animabus
993 1427 1052 1487 hac
1116 1448 1119 1453 ·

128 1508 199 1589 lege
221 1509 290 1588 plna
313 1527 403 1588 quarn
425 1509 577 1589 sacrilega
598 1510 672 1568 satis
696 1509 854 1589 cogitare?
887 1509 957 1569 Non
975 1528 1051 1591 ergo

127 1591 220 1652 docet
242 1591 410 1670 libidinem,
433 1592 486 1652 sed
510 1591 630 1658 duobus
653 1594 809 1672 peioribus
843 1591 943 1653 modis
978 1613 1049 1653 eam

127 1681 229 1755 auget,
251 1675 393 1755 cogendo
416 1677 455 1737 ad
481 1674 673 1755 impossibile
707 1694 763 1755 per
796 1676 1049 1757 prohibitionem,

129 1765 160 1819 et
194 1759 399 1839 permittendo
438 1778 568 1840 peccare
604 1778 658 1839 per
694 1759 923 1840 indulgentiam.
979 1760 1050 1840 Ego

79 1859 82 1863 ·
129 1842 233 1922 credo,
255 1844 281 1902 si
303 1845 432 1903 scortari
454 1844 655 1924 praeciperet,
678 1860 741 1902 non
773 1851 873 1904 tantas
907 1843 1049 1903 libidines

130 1926 352 2007 multiplicaret.

209 2011 334 2070 Praeter
354 2010 433 2070 baec
454 2011 484 2070 ln
507 2007 688 2089 quibusdam
711 2009 849 2088 casibus,
873 2029 891 2069 a
913 2029 947 2070 ae
981 2012 1050 2091 ipso

127 2095 288 2174 tyrannice
309 2092 459 2174 confictis,
481 2093 594 2152 dirimit
615 2094 773 2173 coniuges,
808 2093 884 2153 alios
914 2092 1050 2174 copulat,

129 2176 183 2237 sed
205 2178 260 2256 sic,
284 2185 316 2236 ut
337 2177 414 2236 alter
435 2179 599 2258 coniugum
628 2175 722 2235 debiti
745 2176 870 2257 petendi
904 2179 969 2237 iure
1003 2196 1051 2238 ca·

129 2266 204 2341 reat,
228 2268 290 2320 tum
314 2261 434 2340 aliquos
452 2280 510 2321 nec
533 2260 660 2320 reddere
682 2279 776 2340 posse
809 2260 961 2339 decernit,
996 2260 1050 2320 sed

129 2347 192 2424 pati
216 2344 338 2424 debere,
362 2354 393 2404 ut
415 2345 491 2405 alter
514 2345 655 2423 accipiat.
698 2344 862 2429 Hocnihil
885 2345 967 2405 aliud
1005 2353 1052 2405 est

130 2447 222 2508 quam
245 2431 466 2489 conscientiam
489 2428 640 2488 adulterio
662 2426 846 2506 illaqueare,
881 2429 932 2489 ubi
965 2427 1051 2489 adul·

129 2513 236 2572 terium
260 2530 322 2572 non
346 2521 402 2575 est.
446 2512 498 2572 Sic
521 2513 592 2573 dum
616 2530 670 2571 eos
694 2516 828 2591 copulat,
851 2511 979 2571 alterum
1006 2532 1050 2571 ur·

129 2603 182 2675 get
203 2597 240 2655 ad
264 2595 456 2674 adulterium,
478 2605 509 2656 et
530 2614 586 2677 pro
609 2594 720 2654 solatio
751 2596 858 2671 docet,
892 2615 931 2654 ne
965 2602 1052 2675 petat

130 2698 188 2740 nec
208 2679 317 2740 reddat
339 2700 378 2740 ex
400 2683 513 2742 animo.
557 2680 584 2738 Ο
606 2679 752 2738 furiosum
775 2680 921 2757 furorem,
956 2698 1050 2738 sexus

129 2765 273 2844 copulate
295 2754 404 2845 nu'dos,
427 2774 458 2823 et
479 2763 637 2840 mandare,
660 2782 698 2821 nc
721 2770 827 2842 petant
841 2769 893 2822 aut
912 2761 1050 2833 reddant,

129 2850 183 2906 aed
216 2849 370 2927 patiantur
402 2848 546 2911 debitum.
605 2847 730 2907 Scilicet
763 2847 809 2904 hie
843 2845 1051 2924 impossilibus

130 2931 247 3011 legibue
271 2931 366 2992 Satan
389 2930 573 3009 delectatur,
608 2934 639 2989 in
668 2929 838 3009 perditione
870 2931 1049 2992 animarum.

130 3013 209 3088 Quid
232 3034 305 3095 ergo
328 3017 387 3075 ista
404 3016 454 3075 lex
476 3015 557 3074 aliud
582 3014 686 3091 docet,
711 3032 817 3091 quam,
848 3014 891 3073 lte
913 3021 944 3072 et
966 3012 1048 3073 adul-

130 3100 283 3178 teremini‚
311 3099 365 3158 sed
387 3098 609 3158 involuntarii‘l
649 3097 781 3156 Satanae
810 3099 839 3155 in
874 3097 935 3156 hoc
962 3116 1051 3175 prae·

130 3191 221 3261 cepto
245 3183 339 3243 deluit
361 3184 538 3262 operculum
563 3188 594 3241 et
616 3182 745 3260 species,
768 3199 835 3238 cum
858 3179 926 3239 sola
955 3180 1050 3240 libido

130 3266 170 3324 sit
191 3269 323 3326 crassior
345 3274 375 3326 et
398 3266 596 3343 manifestior,
617 3284 707 3343 quam
732 3272 764 3322 ut
784 3266 882 3342 possit
898 3264 960 3323 ulla
982 3282 1052 3343 spe-

130 3350 176 3408 cie
199 3351 343 3429 praecipi.
386 3348 460 3409 Ideo
486 3351 576 3410 vertit
597 3368 630 3408 se
658 3350 688 3407 in
727 3349 816 3407 aliam
849 3354 986 3426 partem,
1022 3355 1052 3406 et

130 3432 322 3513 prohibendo
346 3433 551 3513 negandoque
574 3452 640 3492 eam
665 3431 759 3491 multo
789 3430 990 3511 vulgatiorem
1021 3439 1051 3490 et

131 3517 304 3577 liberiorem
326 3516 406 3578 lecit.
450 3516 644 3577 Certissimus
667 3516 748 3573 enim
771 3513 840 3591 luit,
874 3512 1051 3593 impossibi-

130 3601 188 3661 lem
213 3618 283 3659 esse
305 3608 366 3659 tam
389 3600 544 3679 vulgatam
568 3600 753 3677 castitatem,
778 3598 847 3657 ideo
870 3597 953 3676 quod
975 3615 1053 3678 prae

130 3683 254 3767 publica
276 3682 462 3764 turpitudine
483 3685 662 3764 praecipere
684 3701 745 3743 non
763 3680 906 3747 audebat.
924 3698 978 3760 per
994 3681 1052 3740 im-

129 3769 308 3853 possibilem
331 3771 431 3849 legem
454 3769 659 3848 praesumpsit
680 3775 711 3828 et
733 3764 844 3827 effecit.
879 3762 959 3840 Quid
978 3784 1051 3827 vero
