2392 4170
307 257 425 312 Exustio
444 257 604 312 Antichrist.
624 257 813 312 Decrstsllum.
837 324 838 329 ἵ
961 252 1025 321 2151)

183 412 333 472 Postridie
356 415 421 472 eius
445 412 502 472 diei
526 413 643 473 Doctor
666 412 828 485 Martinus,
852 433 919 472 cum
946 413 1025 472 Psal-

96 499 207 557 terium
230 495 412 576 praelegert,
435 496 656 575 praemonebat
677 513 784 557 omnes
809 495 973 569 auditores,
996 503 1027 555 ut

95 580 156 640 sibi
179 588 363 639 caverenta
394 581 551 659 papistiris
574 580 706 639 statutis.
749 580 859 656 Parum
878 599 946 656 esse
967 579 1027 638 hoc

102 661 333 742 deflagrationis
355 661 565 741 negotiuml),
589 681 682 721 exre
705 662 779 740 iore,
804 671 835 722 ut
849 682 931 743 papa
954 680 1026 741 quo

98 766 170 826 que,
189 747 252 805 hoo
272 752 327 823 est,
350 745 440 805 sedes
455 745 573 825 papalis
596 755 857 824 concremaretur3
880 747 1027 826 gravique

99 828 266 909 supercilio
290 829 455 906 affirmans,
479 831 553 905 uisi,
575 829 686 906 inquit,
709 837 774 887 tuto
797 831 890 889 corde
914 829 1027 888 dissen-

97 913 182 973 tiatis
205 931 224 971 a
245 931 341 992 regno
364 913 476 991 papali,
499 930 559 970 non
576 913 705 990 potestis
723 914 846 992 assequi
858 921 1025 972 vestrarum

97 997 269 1056 animarum
282 995 424 1054 salutem.
467 996 617 1072 Adeoque
640 994 790 1056 diversum
809 1014 876 1055 esse
900 1015 1026 1075 regnum

97 1097 202 1159 papae
224 1099 243 1138 a
264 1097 360 1158 regno
383 1078 493 1138 Christi
513 1085 544 1137 et
566 1079 627 1136 vita
650 1077 838 1154 Christiana,
872 1088 904 1138 ut
936 1080 1028 1137 tutius

98 1163 180 1223 toret
202 1164 231 1221 in
255 1180 358 1222 eremo
383 1162 504 1239 agendo
528 1160 641 1221 nullum
665 1164 790 1220 omrrino
807 1161 910 1221 videre
932 1162 1027 1221 homi-

98 1265 190 1319 nem,
225 1263 316 1323 quam
345 1247 458 1304 versari
493 1247 523 1303 in
560 1261 656 1323 regno
695 1246 752 1303 istc
786 1245 1027 1306 antichristiano.

100 1329 219 1389 Caveat
239 1329 331 1408 igitur
352 1328 426 1405 sibi,
456 1329 592 1406 quisquis
615 1329 736 1386 animae
758 1346 832 1387 suae
856 1329 1044 1387 consultum·

100 1412 183 1484 velit,
207 1431 246 1470 ne
268 1410 466 1470 assentiendo
484 1410 635 1490 papastris
650 1409 800 1470 Christum
817 1418 925 1489 neget3
946 1411 1028 1469 ideo·

101 1513 164 1574 que
185 1501 242 1554 aut
263 1495 312 1554 hic
337 1502 389 1553 aut
412 1496 474 1554 vita
495 1495 595 1553 futura
616 1493 804 1573 pereundum
829 1513 897 1553 esse
920 1496 1030 1571 cuique

101 1577 141 1638 ad
160 1596 247 1636 sacra
262 1575 431 1637 hodiernae
445 1578 595 1637 eeclesiae
608 1579 763 1656 aspiranti,
777 1579 827 1655 qui
840 1577 909 1636 huie
924 1596 1030 1657 opera·

101 1662 178 1723 tioni
201 1661 312 1721 erroris
335 1661 546 1720 contradicere
568 1678 630 1719 non
653 1661 755 1740 sudet,
777 1663 935 1720 sinautem
959 1678 1030 1719 con·

90 1908 156 1954 'nus
177 1905 249 1955 vires
270 1901 393 1954 nondum
414 1904 559 1964 amiserat,
589 1900 725 1968 siquidem
745 1908 832 1964 erant,
851 1901 898 1968 qui
917 1898 1033 1951 scandu-

102 1975 161 2029 lare
181 1979 283 2026 tectum
304 1973 403 2028 domus
426 1972 569 2025 cuiusdam
589 1975 647 2025 sive
667 1973 794 2024 officinae
812 1972 953 2025 latericias
972 1986 1034 2040 spo·

101 2047 202 2098 liantes
220 2048 249 2096 in
267 2047 360 2114 ignem
380 2043 527 2097 scandulas
547 2044 644 2098 sedulo
664 2046 860 2114 suggerebant.
899 2044 947 2096 Ubi
967 2042 1031 2096 bue·

104 2121 213 2171 sinatur
233 2117 379 2170 classicum
400 2118 507 2184 cecinit,
527 2114 920 2184 conglomerantibusinterim
942 2128 1032 2168 assec-

103 2191 241 2242 tatoribus
263 2189 414 2256 relictoque
433 2188 558 2257 plaustro
583 2204 719 2256 personae
743 2192 813 2240 istae
841 2205 940 2256 pyram
966 2204 1027 2239 eum

105 2262 215 2314 vexillis
234 2261 393 2313 Bullaribus
409 2260 522 2326 (eodem
544 2263 606 2324 ritu,
628 2274 683 2328 quo
702 2261 760 2313 deri
778 2261 850 2314 solet
867 2264 896 2311 iu
916 2260 1032 2312 domini·

103 2349 153 2386 eae
178 2334 390 2385 resurrectionis
420 2331 529 2400 vigilis)
549 2333 700 2385 ambibunt.
739 2334 840 2384 Partim
868 2331 1033 2384 audiebatur

102 2409 198 2458 tritum
218 2404 289 2456 illud
308 2407 458 2457 canticum:
477 2403 516 2457 Te
534 2403 623 2457 Deum
644 2402 804 2469 laudamus,
825 2407 939 2471 partim:
961 2402 984 2456 0
1003 2411 1031 2454 tu

103 2493 209 2546 pauper
228 2477 322 2542 ludas,
355 2479 511 2544 partimque
530 2477 652 2544 requiem
684 2484 823 2529 aeternam
853 2493 885 2528 ac
913 2479 936 2528 si
960 2479 1033 2529 iusta

104 2548 263 2618 perdendae
292 2551 347 2601 iam
366 2547 462 2600 Bullae
483 2548 671 2613 celebrarent,
702 2556 730 2600 et
759 2549 895 2601 canticum
915 2551 1032 2616 quisque

95 2639 183 2679 ‚saum
206 2621 296 2688 eoepit
315 2619 487 2688 depromere.
525 2620 631 2672 luteres
660 2623 758 2688 auriga
788 2627 950 2688 suggestum
976 2621 1033 2672 illie

104 2701 232 2762 paratum
255 2690 416 2751 conscendit
435 2691 610 2744 audientibus
631 2695 784 2744 cunctisne
805 2690 1032 2758 cachinnantibus

105 2766 214 2817 Bullam
233 2767 417 2832 interpretans
436 2764 577 2815 recitabat.
617 2769 706 2831 Atque
726 2770 789 2832 post
805 2763 912 2816 Bullam
935 2764 1031 2815 librum

103 2839 201 2906 legens
220 2832 448 2888 Ochsossrdicum
469 2850 524 2887 non
546 2837 606 2887 sine
623 2838 680 2887 risu
701 2838 873 2900 auditorum,
897 2838 962 2887 item
984 2834 1032 2886 Ec-

103 2913 213 2962 eisuum
234 2916 262 2960 et
279 2907 350 2960 alios
362 2907 520 2972 nonnullos,
539 2922 610 2975 qnos
629 2909 944 2977 evasedepromebant.
964 2907 1033 2958 'l'sn-

104 2983 168 3034 dem
189 2995 318 3032 nummos
336 2979 493 3031 deisssm
514 2981 778 3032 concremandorum
799 2982 921 3038 sontium
943 2995 1033 3032 emea-

105 3054 201 3107 dicana
221 3051 363 3104 descendit
382 3051 416 3104 de
435 3059 569 3119 suggesto
589 3059 615 3104 et
627 3051 717 3104 Bullss
738 3061 764 3105 et
779 3053 866 3106 libros
886 3069 946 3107 eum
968 3067 1033 3104 vase

105 3133 132 3179 et
152 3122 257 3179 vexillo
276 3125 392 3176 coniecit
423 3124 572 3192 inignem.
610 3124 680 3175 Tum
701 3124 811 3192 quidem
842 3123 902 3176 aliis
934 3139 1032 3197 pyram

104 3195 302 3267 proruentibus
315 3196 383 3247 folia
392 3194 525 3247 librorum
542 3212 603 3247 cum
623 3195 724 3248 favillis
737 3196 888 3264 surgebant
899 3199 927 3246 in
938 3197 1034 3262 altum,

105 3270 168 3322 aliis
188 3268 258 3320 hace
277 3267 362 3335 Papae
383 3281 413 3318 ae
431 3270 564 3335 papastris
585 3269 713 3320 missitari
733 3262 954 3332 vociferantibus,
975 3266 1034 3320 aliis

104 3343 156 3392 alia
174 3347 256 3408 atque
274 3338 325 3390 alia
344 3341 504 3392 canentibus
525 3346 553 3391 et
571 3341 656 3391 cineri
667 3338 856 3393 illudentibus.
893 3345 930 3390 Ae
950 3341 1034 3392 finitis

105 3413 162 3466 illis
182 3412 309 3464 abierunt
327 3413 442 3478 quisque
462 3410 575 3464 domum
597 3426 682 3464 suam.
1016 3441 1018 3445 v

177 3481 312 3537 Postridie
334 3485 392 3534 eius
412 3480 467 3535 diei
480 3482 512 3534 D.
524 3484 664 3550 Martinus,
684 3499 767 3551 quum
782 3483 939 3536 Psalterium
962 3498 1035 3552 prae·

105 3555 211 3625 legeret
230 3557 290 3623 (qui
315 3562 406 3607 tamen
426 3555 627 3624 pomeridianas
653 3558 793 3608 exustioni
813 3571 869 3608 non
890 3557 1035 3622 interluit),

104 3629 302 3697 praemonebat
320 3642 417 3679 omnes
435 3626 641 3693 auditoresffete.

178 3701 211 3765 1)
233 3700 261 3751 ln
282 3699 324 3752 ed.
343 3701 413 3768 orig.
431 3699 524 3752 deest:
543 3700 695 3767 negotium.
