2392 4170
380 251 526 308 Ambrosii
545 254 654 310 Gathar.
673 269 699 308 e.
717 254 820 311 mlta·
996 251 1059 317 305

130 424 196 486 que
222 413 323 467 nestra
344 415 488 487 portenta
509 407 685 487 stabiliatis,
713 407 906 491 appellantes
940 415 1057 487 petram

129 488 289 551 homiaem
312 492 454 570 impium,
478 491 639 550 ecclesiam
663 492 802 551 homines
824 491 955 571 impios,
977 499 1006 551 et
1028 491 1059 550 in

130 574 191 633 has
214 571 338 633 cloacas
353 573 498 655 Spiritum
522 584 662 634 sanctum
680 575 888 652 incarceratis,
912 573 963 652 qui
985 575 1060 633 iner-

133 654 248 715 rabiles
271 655 373 735 laniat,
396 658 448 736 qui
469 655 725 733 aedificationem,
748 664 933 736 potestatem
947 657 1060 716 etobe-

132 739 281 799 dientiam
303 739 460 800 hominum
483 741 645 819 impiorum
669 739 840 820 statuatl),
869 741 956 819 quasi
978 739 1061 800 chri-

132 830 200 881 stus
223 820 284 882 hoo
306 824 419 882 curant
439 841 495 883 suo
518 833 625 882 sancto
648 824 801 900 instituto,
836 829 869 881 ut
890 824 973 902 impii
996 842 1060 902 reg-

132 911 246 965 narent
268 911 299 965 et
320 904 540 966 subiicerentur
562 907 592 965 in
615 906 747 966 ecclesia
768 925 833 968 sua.

218 986 262 1047 Te
283 996 385 1048 autem
416 1007 493 1067 rogo
526 990 733 1048 acutissimum
767 987 975 1066 dialecticum,
1009 989 1060 1066 qui

133 1071 233 1146 scias,
272 1078 358 1130 extra
390 1073 581 1151 propositum
614 1091 682 1131 esse
719 1070 853 1131 dandum
883 1069 1060 1150 exemplum

134 1152 236 1230 aliud,
266 1153 367 1232 profer
390 1154 460 1213 mihi
492 1155 591 1214 locum
616 1155 806 1234 Scripturas,
841 1156 871 1214 in
894 1171 955 1233 quo
978 1153 1060 1213 idem

136 1235 322 1297 vocabulum
345 1237 435 1297 simul
457 1236 609 1317 significet
635 1237 790 1298 hominem
822 1237 853 1295 iu
882 1245 978 1296 totum
1008 1237 1061 1296 im·

134 1321 220 1400 pium
244 1326 274 1379 et
295 1320 384 1379 simul
407 1321 490 1399 pium
518 1339 555 1381 ac
577 1330 732 1396 sanctum,
762 1320 841 1379 siout
868 1319 918 1378 hic
945 1320 1061 1379 insanis

134 1405 166 1462 io
190 1403 343 1463 vocabulo
365 1403 464 1480 Petra,
487 1403 702 1482 quodPetrum
726 1411 876 1478 sanctum,
899 1410 1062 1462 etsucces·

136 1504 240 1547 sorem
269 1486 395 1564 impium
427 1486 517 1546 simul
544 1484 597 1546 tibi
627 1485 790 1566 significat.
842 1484 898 1545 Ubi
930 1484 1060 1544 didicisti

135 1569 216 1629 haec
236 1569 398 1649 sacrilegia
420 1572 452 1629 et
472 1569 626 1629 haeretica
649 1579 799 1646 monstra,
828 1569 886 1627 nisi
915 1569 945 1627 in
969 1567 1061 1645 Magi-

134 1659 201 1712 stro
224 1659 276 1711 tuo
299 1650 330 1712 S.
352 1650 495 1712 Thoma?
525 1650 635 1711 Nonne
664 1650 742 1711 haec
772 1670 867 1731 agens
889 1651 934 1710 sio
955 1657 1062 1711 contra

135 1753 188 1794 me
210 1734 331 1811 scribis,
363 1753 401 1793 ac
422 1736 449 1794 si
470 1737 500 1793 in
528 1734 694 1814 sophistica
723 1734 826 1813 aliqua
855 1734 1063 1812 disputatione

135 1824 339 1896 certaremus,
370 1816 418 1877 ubi
442 1817 530 1877 vobis
553 1817 622 1877 licet
651 1818 783 1897 propriis
817 1816 1063 1877 distinctionibus

134 1919 277 1981 regnare,
300 1901 375 1960 satis
397 1900 556 1977 habentes,
578 1901 604 1959 si
626 1919 687 1961 uon
707 1907 849 1979 oporteat
872 1917 926 1959 vos
950 1907 1062 1960 tacere.

135 1983 186 2044 Ita
209 1991 239 2041 et
261 1983 311 2043 hic
333 1984 446 2062 putasti
469 1983 549 2043 idem
572 1984 637 2043 lore
660 1985 739 2043 vinci
763 1994 919 2059 ottocaro,
941 1983 1064 2041 vincere

135 2073 170 2126 et
191 2064 303 2128 dicere.
347 2065 436 2126 Adeo
458 2065 530 2126 nihil
554 2068 675 2142 curasti,
699 2073 731 2126 ut
754 2075 805 2125 tua
827 2065 948 2125 fulcires
964 2064 1064 2144 Scrip-

136 2148 213 2209 taris
235 2149 366 2223 sanctis,
400 2150 514 2228 apertis
544 2158 574 2208 et
600 2149 716 2210 solidis.
761 2149 832 2210 ldeo
862 2156 893 2208 et
914 2155 944 2208 te
965 2147 1065 2208 rident

136 2233 225 2312 pueri
249 2230 448 2307 Germaniae,
482 2251 519 2291 ac
547 2237 605 2291 iam
629 2252 690 2293 non
714 2232 784 2291 laici
813 2231 909 2312 (quod
932 2239 962 2290 te
984 2232 1064 2291 male

137 2311 264 2397 habet),
287 2314 340 2375 sed
363 2323 394 2375 et
407 2315 558 2390 mulieres,
581 2316 663 2393 quod
687 2324 788 2374 tantus
802 2315 947 2395 Magister
962 2322 1066 2375 nostes

136 2407 170 2459 et
190 2397 283 2459 Italus
305 2417 361 2478 pro
385 2398 485 2458 verbis
501 2398 556 2457 Dei
577 2405 646 2458 tuas
669 2399 792 2477 salivas,
815 2398 938 2477 pituitas
951 2406 983 2458 et
1004 2399 1063 2457 lae-

138 2499 191 2542 cea
215 2480 363 2541 duntaxat
386 2481 534 2542 obtrudis.

223 2564 388 2625 Maledicat
409 2565 514 2643 itaque
526 2563 678 2624 Dominus
696 2563 780 2622 lesus
803 2572 873 2624 tuae
886 2572 917 2624 et
927 2564 1065 2625 Thomas

138 2647 182 2707 tui
205 2646 374 2707 maledicae
389 2655 425 2706 et
447 2647 644 2726 blasphemae
667 2648 847 2725 temeritati,
882 2664 942 2725 qua
965 2646 1069 2706 tribui·

138 2730 178 2790 tis
199 2729 314 2790 homini
336 2731 431 2809 impio
465 2748 577 2790 nomen
607 2733 747 2789 sanctam
770 2737 892 2808 petrae,
924 2736 954 2789 et
977 2749 1068 2809 super

140 2814 327 2893 impietatem
358 2813 527 2874 aedificatis
561 2818 701 2873 sanctam
734 2812 895 2873 ecclesiam
924 2812 991 2874 Dei.
1036 2812 1067 2873 Si

140 2899 220 2956 enim
244 2914 327 2975 papa
348 2904 396 2956 est
417 2895 478 2955 llde
500 2893 621 2956 informi
647 2894 698 2974 (ot
721 2905 751 2955 tu
774 2893 888 2975 dicis),
918 2904 999 2954 certe
1021 2896 1066 2955 iu·

141 2980 208 3039 anis
231 2986 279 3038 est
300 2980 423 3058 pietate,
448 2979 555 3058 plenus
569 2984 671 3039 autem
685 2978 851 3059 impietate,
874 2996 981 3039 servus
998 2997 1068 3057 pec

140 3063 218 3140 cati,
240 3060 330 3122 sedes
353 3069 497 3138 satanae,
528 3061 768 3142 praevalentque
800 3062 832 3121 in
867 3080 936 3122 eum
960 3068 1068 3141 portae

140 3144 238 3206 inferi.
281 3144 403 3205 Et'tale
425 3152 457 3205 tu
478 3144 725 3221 fundamentum,
756 3143 818 3205 tale
841 3153 951 3224 caput,
973 3143 1067 3205 talem

139 3236 259 3308 petram
282 3227 433 3288 ecclesiae
455 3228 571 3303 tribuis,
594 3227 741 3288 horresco
755 3228 888 3287 referens
910 3228 1067 3287 horribilia

139 3313 208 3372 ista.
254 3310 451 3371 Abominatio
466 3310 699 3390 etblasphemia
720 3320 777 3389 est,
801 3309 902 3371 dicere
916 3309 1068 3371 Christum

140 3394 172 3455 in
205 3393 359 3455 vocabalo
382 3393 473 3454 Petra
503 3394 584 3454 aliud
613 3394 770 3473 quippiam
805 3411 895 3473 quam
926 3401 1067 3454 sanctum

140 3484 171 3541 et
193 3478 277 3557 pium
301 3476 435 3537 voluisse
456 3475 595 3556 intelligi,
621 3478 705 3536 cuius
722 3477 802 3537 enim
820 3495 909 3536 aures
924 3475 1067 3537 Christia-

194 3673 227 3743 1)
251 3672 439 3727 vocabulum:
461 3675 611 3740 statuat,
629 3671 704 3739 quod
723 3669 752 3723 in
770 3670 811 3725 ed.
833 3674 903 3742 orlg.
924 3672 1011 3741 deest,
1031 3689 1071 3727 re·

141 3748 263 3816 pstitmn
282 3749 327 3799 est
343 3760 381 3798 ex
397 3744 440 3798 sd.
458 3745 520 3798 ten.

168 3851 265 3893 msam
280 3861 333 3905 opp.
346 3849 373 3893 v.
387 3848 415 3890 a
429 3848 458 3888 aa
472 3847 513 3889 ror.
526 3847 577 3890 aaa
589 3848 605 3893 t
618 3858 641 3899 p.
656 3847 704 3890 vor.
719 3844 746 3890 u.
867 3816 908 3884 20
