2392 4170
455 253 537 318 bost.
556 260 635 319 uara.
652 252 733 317 uum.
997 254 1060 326 335

137 432 244 513 spiritu
266 451 300 493 se
320 432 480 512 viaturam,
502 450 564 513 quo
587 432 662 494 vixit
673 429 854 498 Bernardus.
898 429 1060 493 Hooeninr

137 516 345 577 neeessarium
366 521 415 577 est
453 535 510 577 neo
538 515 722 577 subrutum
752 513 862 575 oadare
889 519 1002 596 potest,
1030 522 1061 576 et

137 597 176 660 ab
199 599 286 661 initio
309 606 340 659 et
361 608 465 661 votum
488 605 520 661 et
540 604 684 680 ooeptum
708 604 754 658 est
768 599 799 659 in
813 596 975 679 baptismo.
997 597 1059 660 Sed

136 681 237 762 legem
268 683 417 744 lautorum
451 702 505 743 seu
534 701 628 763 opera
663 681 756 762 legis,
787 682 918 742 iustitias
949 683 1059 762 earnis,

137 783 251 845 easque
273 783 334 826 non
358 768 416 826 nisi
438 765 610 827 humanitus
640 765 780 825 inventas
802 772 833 825 et
856 770 985 826 statutas
1008 783 1058 826 vo·

138 855 219 928 rent,
243 868 319 928 quas
341 850 426 911 Deus
461 851 491 910 in
515 867 598 910 novo
619 847 819 909 Testamento
841 847 1004 927 prohibuit,
1028 855 1060 909 ut
1125 894 1131 910 ,

137 931 342 1013 probavimus,
365 951 443 1013 quae
466 940 497 994 et
519 940 628 993 nutura
650 950 705 992 sua
726 930 765 992 ad
783 932 936 993 interitum
952 929 1059 1012 perdu-

137 1022 211 1076 ount
233 1018 337 1096 speeie
361 1026 390 1076 et
412 1018 530 1078 ratione
552 1016 723 1097 sapientiae
745 1033 828 1077 suae.
979 1028 981 1033 ’

217 1098 365 1178 Proinde,
393 1117 566 1181 quanquam
591 1098 721 1160 Sanetus
749 1098 868 1159 videam
897 1100 927 1159 in
950 1097 1058 1160 eadam
1109 1130 1112 1137 ·

136 1183 289 1244 sententia
310 1183 418 1262 fuisse,
447 1190 480 1243 ut
501 1191 574 1244 vota
595 1183 780 1263 partirentur
796 1183 826 1242 iu
848 1181 1060 1244 substantialia

136 1273 166 1326 et
189 1265 407 1345 aooidentalia,
440 1274 502 1327 tum
535 1267 659 1347 ipsimet
692 1271 723 1325 et
755 1263 1002 1346 dispensaverint
1028 1273 1059 1326 et

135 1348 396 1429 dispensationem
418 1351 594 1430 aooeperiut
621 1349 652 1408 in
674 1348 775 1409 multis
798 1349 934 1429 partibus
970 1366 1058 1429 regu·

135 1432 252 1505 larum,
275 1439 376 1493 tamen
400 1435 472 1512 quia
492 1437 640 1494 insertum
664 1438 727 1508 est,
761 1451 800 1493 an
834 1431 895 1493 hoa
930 1432 1059 1493 sanarint

135 1514 201 1576 Deo
224 1516 417 1597 approbante
438 1535 544 1578 eorum
564 1515 646 1577 faeta
680 1515 729 1575 rei
749 1517 931 1596 ignoscente
952 1533 1058 1577 eorum

125 1600 246 1674 errori,
279 1618 340 1661 non
374 1601 448 1661 satis
471 1606 566 1659 tutum
595 1616 654 1659 neo
673 1597 766 1659 fidele
789 1599 990 1679 patrosinium
1013 1605 1059 1660 est

135 1700 191 1762 pro
214 1684 420 1763 oousoientiis‚
444 1703 485 1743 ex
507 1700 612 1743 eorum
636 1681 780 1762 exemplo
804 1688 857 1744 aut
878 1682 959 1745 lanto
975 1681 1058 1762 quid·

136 1783 226 1844 quarn
250 1785 400 1830 asserere.
442 1765 551 1828 Obstat
573 1766 664 1846 enirn,
687 1782 727 1826 ne
748 1764 809 1826 hoo
841 1765 920 1828 ullus
935 1765 1058 1846 audeat,

135 1850 186 1928 qui
207 1850 374 1932 praedixit,
415 1851 506 1911 otiam
546 1849 662 1910 eleetos
689 1849 719 1908 iu
743 1867 876 1910 errorem
899 1848 1057 1911 duaendos

133 1949 212 1997 esse.
256 1933 378 2015 Alioqui
412 1935 438 1994 si
471 1932 714 2000 lautumeorum
738 1931 806 1993 Deo
828 1932 989 2013 probatum
1012 1950 1058 1993 sr-

133 2022 241 2095 gueret
262 2035 368 2078 eorum
391 2019 553 2098 sanotitas,
587 2015 680 2096 plane
702 2014 944 2077 demonstratum
967 2014 1057 2078 habs·

133 2117 235 2160 remus
268 2101 393 2181 stipsis
415 2101 503 2163 isatis
524 2099 707 2162 Sanotorum
732 2099 812 2175 (hoo
834 2106 890 2180 est,
914 2098 1058 2181 operibus

135 2181 192 2242 oei
214 2182 464 2263 testiflaantibus)
490 2192 564 2245 vota
586 2185 689 2245 omnia
702 2201 771 2245 esse
784 2181 891 2265 libera,
914 2182 1058 2245 vovendi·

135 2281 194 2343 que
215 2264 343 2325 sormam
358 2285 427 2327 esse
438 2266 520 2347 apud
533 2267 629 2330 Deum
645 2285 707 2328 non
721 2266 811 2328 aliam
834 2285 926 2350 quam
950 2268 1057 2330 istam:
1124 2323 1127 2329 .

136 2347 243 2408 Voveo
278 2349 415 2428 regulam
449 2350 656 2430 temporaliter
689 2349 728 2411 ad
766 2350 921 2412 arbitrium
946 2352 1058 2432 praesi·

134 2430 249 2507 dentis,
289 2441 319 2492 et
348 2434 533 2495 monasteria
565 2430 604 2492 ad
626 2433 757 2512 prisoum
779 2435 869 2495 ritum
892 2434 959 2496 Deo
982 2432 1057 2498 nihil

134 2514 216 2576 aliud
239 2514 359 2597 haberi,
397 2533 487 2594 quarn
510 2514 699 2577 christianas
731 2515 855 2578 saholas
877 2536 934 2598 pro
957 2521 1058 2580 aetate

132 2600 258 2659 iuvenili
293 2599 472 2661 etardeute
494 2597 680 2661 instituenda
708 2600 738 2659 in
762 2597 823 2661 ilde
847 2606 878 2661 et
898 2601 950 2682 pia
971 2600 1059 2662 disoi·

134 2681 218 2763 plina
240 2702 338 2763 usque
359 2684 398 2744 ad
410 2700 509 2743 annos
524 2683 696 2743 maturioris
708 2683 825 2745 aetatis.
868 2680 969 2762 Nune,
988 2701 1056 2744 aum

133 2768 281 2827 autoritas
304 2768 474 2829 sanctitatis
498 2767 673 2847 exemplum
696 2767 845 2828 nonsatis
866 2765 976 2846 firmat,
998 2768 1058 2828 alia

109 2870 112 2875 ⁴
133 2851 297 2911 autoritate
319 2849 524 2912 roborandum
548 2857 611 2930 est,
634 2849 752 2911 soilioet
773 2850 887 2911 divina.
929 2849 1057 2913 Sanetu-

132 2951 198 2993 rum
221 2936 301 2994 enim
323 2933 437 2995 lantum
459 2933 531 2995 ideo
553 2933 669 3014 plaouit
690 2933 772 3012 Deo,
795 2933 867 3014 quia
889 2934 1056 2995 institutum

133 3019 294 3078 monastioi
317 3019 380 3080 voti
401 3018 569 3100 displiouit,
591 3017 661 3079 ideo
684 3022 714 3078 et
734 3036 845 3099 passus
868 3022 916 3078 est
948 3026 980 3081 et
1005 3034 1058 3079 ro·

133 3099 188 3160 luit
200 3099 330 3162 Sanetus
353 3120 426 3163 suos
437 3101 585 3162 adversus
595 3101 694 3182 ipsum
710 3100 888 3183 dispensare
910 3110 942 3164 et
954 3122 1057 3185 agere,

131 3201 190 3263 pro
213 3183 294 3245 fldeli
328 3185 540 3246 admonitione
561 3185 714 3264 omnium,
744 3202 783 3246 ns
817 3184 918 3246 lallaoi
952 3190 1057 3266 spaaie

133 3265 237 3328 devoti
259 3267 348 3328 huius
359 3269 487 3329 instituti
499 3266 724 3329 abducerentur
745 3287 765 3331 a
786 3269 873 3350 regia
894 3271 943 3331 via
957 3271 1055 3335 Bran·
1103 3291 1105 3298 ·

132 3350 213 3430 gelli.
257 3350 365 3430 Neque
377 3352 457 3413 enirn
471 3351 644 3412 Bernsrdus
657 3352 808 3433 pausavit,
830 3370 930 3431 neque
951 3364 1056 3418 votum

132 3450 220 3494 suum
243 3453 298 3513 per
320 3435 423 3495 omnia
445 3435 594 3516 servavit,
616 3433 741 3514 quando
763 3436 793 3495 iu
816 3438 917 3499 nausis
939 3439 1056 3521 papali·

132 3515 188 3578 bus
224 3517 331 3580 ralioto
367 3518 554 3580 monasterio
588 3516 821 3601 perambulabat
845 3524 952 3604 terras,
973 3523 1056 3604 quod

132 3599 216 3662 Deus
238 3600 345 3684 votuit,
367 3620 406 3662 ne
427 3602 596 3664 institutum
610 3609 752 3664 votorum
765 3600 847 3683 apud
867 3623 936 3667 sese
957 3614 1056 3669 ratum
1125 3672 1132 3683 ,

132 3683 246 3746 habere
274 3687 457 3753 eraderetur.
500 3683 570 3747 Nou
598 3685 688 3748 aliter
714 3691 807 3766 atque
829 3683 966 3751 Christus
987 3709 1055 3771 par-

133 3769 215 3830 misit
261 3767 433 3852 disoipulos
472 3768 566 3832 illotis
605 3767 744 3832 manibus
781 3769 965 3839 manduosre
1005 3774 1055 3839 ad·
