2340 4162
170 234 233 306 154
525 238 569 295 De
586 238 752 310 abroganda

172 428 240 474 sem
262 429 323 472 uon
347 418 509 493 acceptes,
531 412 590 473 nisi
622 418 655 474 ut
682 413 710 474 ei
738 410 886 475 exhibeas
918 420 950 474 et
969 410 1093 488 onam,

170 512 234 557 nou
256 502 341 556 tuum
362 494 580 571 commodum,
614 495 668 557 sed
689 492 769 558 illins
794 493 916 571 diuitias
937 502 1092 570 aucturus,

170 585 205 640 ut
225 587 257 639 tn
279 580 381 659 potius
402 580 553 661 glorieris,
579 581 630 659 qni
653 580 786 651 dederis,
815 587 846 641 et
872 581 925 641 illc
946 578 1093 660 pudefiat,

170 663 222 742 qui
244 680 263 722 a
285 670 315 723 te
338 663 480 723 mendico
497 665 662 742 acceperit.
696 661 810 727 Nonne
831 663 882 723 bic
909 662 1093 725 indicaberis

170 752 224 807 aut
245 752 384 806 extrema
401 745 557 808 dementia
577 748 739 824 insanire,
761 756 792 808 et
818 746 892 807 nibil
920 747 1094 827 intelligere

170 847 292 906 eorum,
315 849 394 909 qnae
416 829 514 890 liunt?
540 839 594 890 ant
622 832 649 891 si
670 830 876 912 iutelligeres,
897 848 1017 892 summa
1038 849 1093 890 na·

168 913 266 1057 duma
296 921 327 973 et
352 913 495 994 superbis
530 914 701 994 Principem
732 911 859 975 irridere
885 922 918 975 et
942 912 1095 977 illudere?

196 995 253 1056 slis
274 1005 321 1057 est
342 996 459 1076 absque
480 997 573 1058 dnbio
594 998 691 1058 facies
712 1005 743 1059 et
754 997 863 1078 religio
883 996 1093 1060 absurdissimi

169 1077 258 1140 buius
281 1079 362 1160 vulgi
374 1080 518 1160 Papistici
541 1100 614 1161 erga
636 1082 829 1143 maiestatem
852 1080 998 1157 divinam,
1020 1079 1093 1142 dnm

169 1160 294 1223 nissam
324 1163 512 1239 sacrificent,
540 1172 571 1224 et
592 1165 798 1245 promissione
819 1165 875 1225 Dei
897 1166 996 1227 Deum
1018 1163 1094 1225 divi·

169 1251 231 1309 tern
253 1246 376 1310 faciunt.
420 1248 447 1309 0
470 1255 608 1310 monstra
629 1255 868 1314 monstrorunm.

560 1436 703 1501 Tertio.

253 1586 356 1648 Verba
367 1587 413 1648 sie
423 1593 550 1650 sonant:
572 1588 704 1669 Accepit
714 1606 838 1668 panem,
859 1587 974 1667 gratias
997 1603 1095 1667 agens
1119 1549 1129 1560 .

169 1669 269 1752 tregit,
292 1668 438 1750 deditque
460 1670 618 1752 discipulis
641 1673 713 1736 anis.
757 1668 914 1751 Obsecro,
947 1668 1018 1750 qnid
1047 1675 1096 1729 est

168 1752 330 1834 frangere?
352 1753 423 1834 quid
446 1762 495 1816 est
514 1754 586 1816 dere
610 1754 792 1835 discipulis?
821 1755 889 1815 Cur·
904 1770 967 1814 uon
990 1753 1093 1833 potins

167 1854 254 1897 more
275 1836 353 1915 legis
375 1838 421 1898 sic
442 1837 538 1899 dixit:
568 1838 608 1900 Et
628 1840 749 1918 accepit
770 1857 899 1918 panem,
927 1842 960 1898 et
980 1836 1096 1897 levavit

169 1937 273 1981 coram
305 1921 462 1981 Domino?
491 1930 524 1982 ut
554 1922 790 2002 intelligeretur,
821 1940 882 1983 non
909 1918 1095 1998 homiuibus,

168 2003 224 2064 sed
246 2001 314 2065 Deo
337 2004 470 2084 dedisse,
492 2004 521 2066 id
545 2012 600 2074 eet,
630 2004 845 2066 sacrificasse?
873 2002 1015 2083 Nunqnid
1044 2001 1095 2063 bic

168 2084 273 2147 larvae
295 2095 326 2147 et
348 2087 440 2168 lupas
461 2088 541 2148 adeo
564 2088 637 2149 nihil
659 2088 773 2149 habent
802 2088 853 2150 vel
875 2086 1096 2168 grammaticae

168 2169 218 2230 vel
240 2172 412 2231 communis
433 2191 551 2250 sensus,
573 2178 607 2231 nt
634 2171 770 2233 audeant
790 2170 913 2253 dicere,
941 2168 1015 2230 dare
1037 2167 1095 2229 dis·

168 2253 277 2333 cipalis
298 2252 328 2313 id
352 2273 430 2332 esse,
453 2255 535 2334 quod
560 2256 670 2317 offerre
689 2255 778 2316 Deo?
800 2255 858 2316 Ubi
881 2261 928 2314 est
948 2271 1023 2334 ergo
1046 2271 1092 2312 se·

169 2334 341 2397 crillciuns?
363 2357 400 2398 en
426 2339 456 2398 in
480 2358 517 2400 eo
542 2338 759 2418 quodacccpit
783 2337 918 2418 panem?
951 2336 995 2397 At
1015 2335 1095 2397 acei-

167 2437 241 2500 pere
263 2439 323 2481 non
346 2430 393 2481 est
416 2420 553 2502 offerre,
587 2422 640 2482 sed
664 2421 703 2481 ed
725 2440 759 2482 ee
781 2423 883 2502 potius
905 2438 1033 2499 cepere,
1063 2422 1096 2478 et

167 2503 196 2563 in
219 2521 306 2563 suurn
330 2505 376 2564 ius
398 2512 429 2564 et
451 2525 537 2565 usum
561 2504 619 2565 sibi
637 2504 811 2584 vendicare,
835 2505 891 2563 nisi
906 2504 1015 2563 iterum
1029 2518 1092 2562 nou

167 2604 271 2648 sumus
294 2585 508 2666 Grammatici3
531 2590 693 2649 cumcuim
716 2595 799 2648 esset
821 2587 969 2648 fracturus
993 2591 1024 2645 et
1039 2582 1091 2644 da·

167 2675 252 2730 turns
263 2669 430 2751 discipulis,
453 2691 581 2732 necesse
598 2680 672 2748 eret,
695 2680 727 2731 ut
747 2673 776 2732 in
794 2689 903 2731 manus
928 2670 1092 2748 acciperet,

167 2755 370 2833 nequeenim
394 2772 448 2815 ore
469 2762 522 2815 aut
545 2756 679 2832 auribus,
709 2762 762 2815 eut
783 2753 912 2834 pedibus
936 2752 1092 2830 frangeret

168 2841 199 2896 et
221 2834 315 2898 daret.
350 2839 391 2898 At
411 2839 526 2917 gratias
548 2839 612 2918 egit
633 2845 664 2898 et
686 2837 861 2914 benedixit,
889 2854 964 2916 crgo
979 2833 1094 2915 gratias

168 2937 262 3001 agere
284 2928 314 2981 et
337 2919 517 2982 benedicere
540 2930 586 2982 est
608 2921 803 2982 sacrificare?
845 2919 933 2980 Tunc
955 2926 985 2979 et
1008 2917 1092 2996 quin·

168 3020 228 3083 que
249 3022 345 3084 panes
368 3003 537 3065 ordeaceos
560 3010 592 3065 et
614 3005 692 3065 dnos
719 3007 819 3085 pisces
841 3004 978 3063 dicemus
1001 2999 1040 3060 ab
1054 3018 1094 3059 eo

167 3085 373 3165 sacrificatus,
403 3086 527 3166 qnando
556 3088 662 3152 lohan.
687 3089 716 3151 6.
751 3106 806 3148 eos
836 3085 1093 3165 multiplicaturus

166 3170 289 3250 accepit
310 3175 341 3231 et
362 3171 476 3251 gratias
499 3173 571 3252 egit,
595 3178 626 3231 et
647 3169 730 3232 dedit
752 3168 927 3250 discipulis,
950 3165 1092 3246 discipuli

166 3257 268 3313 eutem
291 3252 396 3332 turbis,
419 3252 470 3314 ubi
493 3253 624 3314 eundem
647 3255 737 3314 ritum
760 3253 904 3326 servavit,
927 3252 985 3312 nisi
1008 3247 1092 3329 qnod

166 3353 229 3395 nou
251 3334 342 3397 dixit:
365 3336 432 3397 Hoc
454 3345 501 3398 est
523 3356 634 3417 corpus
658 3357 776 3414 meum,
803 3336 834 3397 id
857 3343 922 3410 est,
943 3353 1006 3393 non
1032 3351 1094 3392 mu·

167 3418 244 3478 tavit
271 3439 381 3499 panem
418 3421 447 3479 in
481 3439 592 3501 corpus
621 3439 709 3481 snum
738 3420 832 3481 verbo
860 3417 978 3479 virtutis
1006 3433 1094 3476 snae.

166 3498 246 3576 Quin
268 3502 383 3581 gratias
406 3523 498 3582 agere
526 3512 555 3562 et
579 3502 777 3580 benedicere,
807 3509 854 3563 cst
876 3501 998 3573 testari,
1022 3516 1093 3559 sese

166 3584 307 3665 accipere
329 3584 375 3644 vel
410 3588 567 3666 accepisse
589 3607 608 3647 a
630 3587 716 3664 Deo,
751 3605 812 3648 non
842 3592 942 3646 autem
982 3581 1093 3643 offerre

166 3666 244 3729 Deo.
287 3663 453 3730 Oblalurus
473 3671 575 3749 potins
600 3677 683 3749 oret,
705 3675 739 3730 ut
761 3677 923 3749 acceptum
947 3667 986 3728 sit
1007 3662 1091 3746 quod

166 3748 265 3814 often,
295 3747 417 3813 Gratias
440 3758 546 3815 antem
568 3771 665 3833 agens
687 3771 751 3815 non
774 3759 852 3833 orat,
873 3756 908 3813 ut
927 3753 1091 3831 acceptum
