2392 4170
130 259 196 329 SM
445 257 755 319 mammutius

131 423 257 502 satur,
279 422 335 485 sed
355 442 480 504 semper
499 423 585 485 addit
605 442 699 485 unum
720 438 792 485 essa
812 421 929 500 Deum,
950 419 1056 483 Domi·

131 526 216 604 num,
239 504 399 604 spiritum3
420 516 453 568 et
473 507 627 604 Petrus-*J
650 504 852 567 multiformes
872 505 988 586 gratio
1009 503 1056 569 di·

132 590 819 754 cuni..k
834 588 1058 767 unus:

131 756 321 901 gipruraonm
349 758 554 820 membrorum
575 759 608 818 in
636 777 698 817 una
721 755 894 835 mdemqua
920 759 1057 817 unitate

174 858 214 903 er.

215 921 277 983 Sed
300 923 340 985 de
361 924 415 1004 pia
435 930 468 985 et
485 922 565 985 bane
586 923 701 987 devota
721 924 862 989 matuta
893 920 1059 1000 loquamur

131 1005 172 1067 ad
194 1007 344 1068 maiorem
362 1009 621 1069 conscientiarum
634 1005 858 1084 certitudinem,
878 1022 1057 1084 quanqua-

132 1107 172 1155 θα
194 1087 244 1153 uel
264 1090 351 1151 nulia
371 1092 412 1151 sit
432 1090 482 1150 vel
504 1090 579 1151 uuiti
606 1089 804 1170 impossibilis
825 1091 874 1168 sit,
896 1086 982 1167 quod
993 1088 1057 1167 spi·

132 1173 218 1253 ritus,
239 1174 291 1251 qui
312 1193 382 1233 eam
403 1176 516 1254 coepit,
538 1173 638 1234 tidelis
660 1180 723 1250 est,
752 1180 783 1232 et
805 1171 943 1252 perficiet
963 1188 1058 1250 coep
1103 1200 1106 1205 ·

45 1316 50 1323 .
133 1259 348 1334 amanensi
369 1259 451 1318 sinat
470 1257 589 1319 fortiter
610 1257 723 1338 pulsari
745 1263 777 1316 et
798 1255 925 1333 mutari,
946 1253 1057 1315 nihilo

132 1342 232 1401 minua
254 1348 357 1401 tamen
381 1341 420 1401 de
442 1360 480 1401 ea
502 1361 541 1401 ex
564 1340 731 1401 abundanti
754 1339 902 1400 dicamus.
942 1336 1055 1399 Paulus

133 1422 243 1483 Roma.
264 1427 294 1486 7.
316 1422 480 1485 confltetur
495 1430 656 1504 peccatum
668 1424 700 1483 in
721 1441 814 1485 carne
836 1440 892 1483 sua
905 1420 979 1501 tale,
994 1437 1055 1499 qno

133 1524 239 1567 carere
259 1525 323 1567 non
344 1509 444 1586 possit
466 1509 496 1569 in
518 1508 578 1568 hae
599 1508 678 1585 vita,
699 1505 782 1585 quod
803 1510 966 1586 peccatum
989 1504 1056 1565 abs·

133 1606 193 1667 que
214 1588 309 1649 dubio
331 1597 440 1652 contra
463 1590 563 1671 tegam
577 1589 638 1655 Dei
660 1598 718 1665 est,
739 1588 794 1649 sed
815 1595 941 1668 propter
962 1585 1055 1647 fidem

132 1674 165 1733 iu
185 1673 294 1752 spiritu
315 1681 539 1753 repugnantem
560 1674 732 1753 ignoscitur
753 1679 858 1733 otuun
879 1673 1056 1751 imputatur,

133 1773 309 1835 quanquam
331 1755 382 1817 lex
404 1758 519 1837 exigat,
540 1756 657 1816 nullum
687 1754 719 1817 in
743 1756 832 1817 nobis
854 1773 926 1815 essa
948 1771 1055 1834 pecca·

133 1846 208 1901 tum.
251 1838 316 1900 lex
336 1847 439 1901 autam
462 1842 586 1920 spiritua
606 1842 690 1899 vitae
710 1841 741 1901 in
764 1838 885 1900 Christo
907 1838 1055 1899 succurrit

132 1920 311 2002 uobis**),
333 1931 366 1982 ut
388 1923 449 1984 hoc
482 1922 673 2003 impossibile
714 1924 790 2002 tagis
811 1920 887 1981 nihil
909 1928 1056 2001 operatur

133 2004 362 2086 damnationis,
391 2006 485 2069 modo
513 2006 705 2067 ambulemus
727 2004 894 2067 secundum
916 2005 1055 2084 spiritum

133 2096 166 2149 et
196 2107 259 2155 uon
288 2090 455 2151 secundum
479 2109 612 2150 carnem.
659 2089 710 2149 Ex
735 2090 795 2149 isto
824 2095 972 2166 tanquam
1002 2105 1056 2168 per

135 2172 235 2233 iocum
264 2193 283 2234 a
306 2175 413 2234 maiori
437 2192 543 2254 arguo.
587 2172 619 2233 Si
641 2172 723 2232 Dens
746 2174 776 2232 in
799 2191 857 2232 sua
887 2172 959 2250 lege
981 2189 1001 2230 u
1023 2189 1055 2230 se

133 2257 201 2333 ipso
234 2258 336 2335 posita
365 2256 503 2336 indulget
533 2265 563 2316 et
590 2257 722 2336 ignoscit
757 2254 947 2335 impossibile
970 2254 1058 2333 legis.

133 2339 216 2416 quod
239 2338 389 2417 reliquum
412 2348 459 2400 est
480 2342 512 2399 in
535 2340 636 2417 nobis,
658 2339 709 2398 ubi
729 2339 844 2398 nulium
868 2345 916 2397 est
937 2339 1054 2417 pericu-

135 2422 214 2497 lum,
247 2421 318 2482 licet
355 2424 394 2483 sit
420 2423 579 2483 verissime
608 2429 790 2502 peccatum,
820 2427 934 2500 quanto
958 2421 1054 2501 magia

132 2505 390 2584 praesumendum
420 2515 466 2567 eat
502 2526 570 2566 cum
606 2505 720 2566 fiducia
741 2505 780 2566 de
802 2505 940 2565 bonitate
979 2506 1053 2579 eius,

133 2590 216 2667 quod
245 2607 307 2649 non
342 2591 380 2650 sit
415 2591 617 2670 imputaturus
645 2596 750 2649 votum
780 2589 928 2648 castitatis
954 2587 1054 2666 (quod

133 2674 200 2752 ipse
223 2691 284 2732 nou
309 2673 466 2734 mandavit
487 2692 588 2751 neque
604 2672 758 2733 consuluit
778 2690 880 2750 neque
901 2670 1053 2752 probavit,

132 2755 187 2815 sed
220 2755 354 2817 humana
390 2759 559 2817 temeritate
589 2762 619 2817 et
653 2757 827 2834 ignorantia
849 2753 1053 2833 subintravit),

133 2840 158 2898 si
183 2838 272 2898 inerit
293 2839 484 2919 impossibile
507 2839 597 2899 nobis
632 2847 663 2898 at
694 2838 861 2919 periculum
884 2843 996 2917 urgeat
1022 2837 1053 2896 ti-

132 2921 265 2983 bidinis‘?
302 2922 395 2983 Modo
418 2925 499 2984 intra
522 2923 632 2984 limites
647 2921 797 2982 inferioris
819 2922 971 2981 castitatis
983 2939 1053 2982 con·

132 3006 205 3084 iugii
228 3025 417 3083 maneamus,
439 3015 470 3067 et
491 3025 552 3065 nou
576 3005 744 3066 secuudum
768 3023 890 3067 caruem
913 3004 1052 3065 ambula·

133 3108 209 3151 mus.
252 3087 408 3167 Numquid
431 3090 566 3150 severius
589 3089 693 3169 exiget
714 3096 820 3149 votum
847 3095 954 3149 nostre
982 3086 1054 3149 stul·

132 3173 199 3233 titia
227 3173 383 3233 inventum
414 3190 505 3251 quam
539 3191 625 3232 suam
662 3172 763 3252 legem
799 3172 925 3251 propria
953 3171 1053 3251 dispo

132 3254 245 3315 sitam?
791 3292 797 3305 ·

174 3383 181 3397 .
215 3337 384 3418 Apostolus
407 3339 517 3399 Paulus
538 3338 608 3402 Act.
632 3341 680 3402 15.
704 3358 743 3398 ex
765 3336 910 3418 operibus
932 3336 991 3397 Dei
1003 3336 1055 3399 de·

133 3423 315 3483 moustravit
337 3421 508 3484 libertatem
537 3422 770 3502 evangelicam,
808 3420 891 3500 quud
930 3421 1054 3501 spiritus

131 3502 261 3565 dabatur
298 3506 448 3566 Gentibus
487 3506 603 3585 absque
644 3506 878 3565 circumcisione
917 3512 949 3565 et
985 3504 1055 3584 lege

131 3587 220 3665 Meni,
242 3588 312 3648 licet
335 3593 400 3650 tota
416 3590 512 3650 ferme
534 3589 667 3649 ecclesia
687 3588 740 3649 illa
753 3589 907 3669 primitiva
925 3606 1054 3650 erronea

129 3729 423 3739 -..-—-..-—--
431 3728 551 3737 οφ.

205 3785 238 3881 *J
260 3784 288 3844 t.
306 3781 372 3847 Bet.
389 3782 418 3840 d.
451 3779 507 3850 ”b
521 3777 655 3837 uana
