2392 4170
401 249 529 304 Rationis
549 251 726 304 Latomianse
739 255 795 305 alo.
998 248 1060 316 501

140 402 367 484 damnationis,
391 404 462 465 lieet
483 405 619 466 nonnihil
642 407 849 486 sitpeaoati,
862 406 1062 486 quieturos

140 494 270 566 psaasto
293 489 509 568 praemiseram
532 489 586 549 sed
608 490 678 550 ideo
693 489 766 549 nihil
785 495 832 550 est
845 489 1061 567 damnationis,

140 589 202 631 nou
226 573 381 648 quianon
405 573 443 631 ait
464 571 505 632 ibi
527 581 704 652 pennatum,
733 583 766 632 ut
788 573 932 633 Latomus
956 577 1061 634 menti·

138 653 278 732 turpem
299 657 372 733 quia
393 666 462 715 sunt
483 656 513 714 in
537 656 661 716 Christo
682 657 759 731 lesu,
779 656 851 716 dioit
873 656 1000 733 Paulus,
1029 657 1060 716 id

139 744 195 811 est,
220 737 358 816 pallustri
372 738 427 797 sub
446 739 561 817 gallina
583 747 612 798 et
634 738 691 800 sub
704 739 811 800 umbra
827 740 961 800 iustitiae
981 741 1062 800 illius

138 827 287 899 pausant,
308 841 362 880 seu
385 828 419 880 ut
442 822 549 882 Roma.
573 827 602 886 5.
627 822 737 883 elarius
760 821 848 882 dioit:
871 821 1008 883 Gratiam
1032 832 1062 884 et

141 902 261 963 donum
284 905 314 965 in
338 906 437 982 gratia
459 905 684 967 illiushabent.
728 905 848 966 Deinde
870 925 930 966 non
954 906 1060 968 ambu-

139 986 208 1052 lant
224 987 392 1048 seeundum
415 999 573 1068 pennatum
609 1007 663 1048 seu
698 1007 821 1049 earnem
857 991 994 1070 peaaati,
1028 990 1059 1058 id

137 1077 204 1148 est,
227 1090 287 1130 non
312 1073 509 1132 consentiunt
530 1078 681 1152 peooato,
701 1072 782 1150 quod
805 1093 912 1133 revera
934 1072 1059 1137 habent.

140 1152 225 1213 Deus
248 1155 330 1213 enim
353 1156 397 1213 eia
419 1156 553 1234 providit
576 1155 637 1214 duo
660 1155 872 1216 robustissima
893 1158 1059 1218 munitissi-

138 1253 249 1316 maque
271 1236 473 1313 firmamenta,
497 1258 534 1298 ne
548 1239 783 1317 hoepeoaatum
796 1241 840 1298 eis
863 1241 904 1299 sit
924 1241 954 1299 in
978 1240 1061 1301 dam-

138 1320 314 1398 nationem,
351 1322 481 1399 primum
514 1323 614 1402 ipsum
637 1321 790 1382 Christum
814 1323 1059 1402 propitiatorium

140 1405 193 1479 lut
216 1403 304 1466 Rom.
328 1406 388 1480 3.l,
412 1414 444 1463 ut
466 1404 521 1464 sub
544 1405 633 1464 huius
660 1407 758 1484 gratia
791 1407 847 1464 tuti
884 1407 960 1485 sint,
996 1424 1059 1467 non

138 1487 211 1564 quia
233 1486 361 1548 eredunt
382 1494 413 1545 et
435 1487 525 1547 fidem
550 1495 601 1548 aut
625 1488 740 1548 donum
762 1487 887 1564 habeut,
910 1488 964 1548 sed
988 1491 1060 1568 quia

136 1570 165 1636 ip
196 1570 295 1649 gratia
318 1569 428 1630 Christi
450 1570 579 1645 habent,
618 1571 729 1631 nullius
762 1570 941 1631 enim'fides
965 1571 1061 1632 subsi-

137 1653 345 1729 steret,·‘.uisi·
364 1654 395 1712 in
419 1652 529 1713 Christi
552 1656 676 1734 propria
706 1654 820 1714 iustitia
840 1655 1006 1732 niteretur,
1030 1663 1061 1716 et

136 1735 216 1797 illius
238 1737 430 1815 protentione
459 1744 640 1799 servaretur.
685 1737 770 1797 Haeo
804 1745 851 1797 est
879 1739 960 1798 enim
982 1738 1059 1800 fides
1154 1749 1155 1752 ’

135 1824 185 1891 (ut
207 1817 290 1894 dixi)
315 1836 397 1899 vera,
421 1840 482 1879 non
506 1819 658 1896 absoluta,
680 1821 743 1881 imo
760 1819 901 1881 obsoleta
913 1821 966 1881 illa
988 1840 1059 1900 qua·

137 1900 205 1962 litas
226 1902 394 1976 inanima,
417 1911 449 1961 ut
470 1903 512 1962 illi
536 1903 663 1983 fingunt,
686 1903 739 1963 sed
763 1920 842 1982 qnae
865 1922 898 1964 se
920 1924 939 1964 a
961 1907 1060 1988 gratia

135 1984 247 2045 Christi
271 2003 331 2044 non
356 1987 469 2064 patitur
492 1986 600 2066 avelli,
633 2005 691 2046 nee
711 1987 772 2046 alio
809 1987 931 2062 nititur,
968 2006 1059 2067 quam

135 2067 218 2145 quod
241 2069 299 2127 soit
321 2067 406 2128 illum
428 2088 496 2127 esse
519 2071 547 2128 in
572 2071 672 2150 gratia
694 2069 762 2146 Dei,
785 2087 844 2129 naa
859 2088 962 2150 posse·
977 2071 1058 2131 dam·

136 2151 215 2225 uari,
251 2170 309 2210 nec
340 2150 495 2229 aliquem,
531 2155 580 2231 qui
602 2154 698 2212 siaiu
722 2172 790 2212 eum
814 2172 848 2212 se
884 2154 1054 2234 proieoerit.

136 2231 260 2299 Seilioet
282 2241 342 2293 tam
368 2253 550 2314 magnares
574 2241 621 2295 est
643 2236 703 2295 hoa
716 2243 876 2316 peooatum
896 2237 1056 2317 reliquum,

135 2317 180 2376 sio
201 2315 394 2377 intolerabile
415 2317 560 2377 iudicium
583 2319 655 2394 Dei,
690 2327 737 2395 nt,
771 2319 829 2379 nisi
856 2338 925 2379 eum
948 2339 1004 2400 pro
1027 2327 1057 2380 ts

135 2417 293 2480 opponas,
322 2418 413 2477 quem
436 2402 502 2460 sine
524 2403 606 2461 omni
629 2408 759 2481 peaoato
783 2420 851 2460 esse
871 2403 963 2481 nosti,
987 2404 1056 2463 sub·

134 2483 243 2543 sistere
265 2498 410 2561 nequeas,
433 2483 462 2542 id
486 2483 570 2562 qnod
592 2483 664 2544 laoit
685 2482 761 2543 fldes
784 2483 866 2544 vera.
957 2494 969 2501 ”

194 2565 354 2629 ,Alterum
378 2573 434 2641 est,
458 2566 541 2645 quod
564 2566 788 2646 donnanaepto
811 2585 872 2626 nou
895 2567 1056 2629 ambulant

133 2647 301 2708 seeundum
326 2667 459 2725 earnem,
482 2669 539 2708 nea
561 2649 707 2710 obediunt
728 2654 874 2730 peooato‚³
892 2650 958 2709 sed·
971 2651 1055 2731 prius

133 2730 213 2791 illud
232 2732 399 2812 principale
413 2741 443 2792 et
454 2731 698 2792 robustissimum
713 2741 769 2811 est,
793 2731 904 2792 lioet'et
927 2733 1055 2793 alterum

134 2815 177 2876 sit.
194 2814 326 2893 aliquid,
362 2815 415 2874 sed
457 2817 487 2874 in
511 2816 623 2876 virtute
661 2817 782 2895 prioris.
826 2815 906 2891 Quia
939 2818 1058 2897 pepigit

133 2897 216 2958 Dens
240 2905 362 2976 paotum
385 2899 432 2975 iis,
455 2900 505 2976 qui
528 2906 598 2959 sunt
619 2898 679 2958 hoo
699 2899 791 2960 modo
814 2901 844 2958 in
858 2897 1056 2975 Christo,ssut‚

134 2981 157 3040 si
180 2989 319 3060 pugnent
341 2987 447 3041 oontra
470 2983 609 3061 seipsos
632 2990 662 3041 et
686 2989 851 3061 pennatum
861 3002 960 3061 suum,
982 2983 1057 3042 nihil

133 3065 174 3122 sit
191 3063 411 3124 damnationis.
454 3064 522 3124 Non
553 3083 627 3144 ergo
654 3065 728 3125 nihil
762 3072 809 3124 est
841 3064 1057 3143 damnationis,

134 3153 165 3206 ut
185 3146 332 3211 Latomus
355 3146 499 3223 delirat,¹
524 3149 595 3227 quia
628 3155 689 3208 ndu
728 3155 874 3227 peooant,
903 3157 961 3209 aut
995 3169 1056 3209 uon

134 3230 170 3288 sit
203 3243 364 3308 peceatum
397 3232 426 3288 in
471 3250 564 3309 opere
599 3230 690 3291 bona.
734 3231 802 3290 Hoo
832 3230 920 3310 fingit
949 3231 1056 3312 Sophi-

132 3320 179 3372 sta
202 3320 292 3374 extra
314 3320 345 3372 et
376 3321 483 3372 oontsa
515 3322 652 3394 apertum
691 3321 809 3374 textum
832 3314 918 3375 Pauli
942 3335 960 3375 a
987 3325 1056 3396 pro·

131 3396 203 3475 prio
234 3398 346 3474 eapite.
391 3395 450 3455 Sed
491 3397 561 3474 quia
595 3405 681 3472 sunt,
714 3397 847 3476 inquit,
870 3398 899 3456 in
936 3398 1056 3459 Christo

130 3479 211 3556 lesu,
234 3486 264 3538 et
285 3497 346 3538 uon
371 3480 528 3539 ambulant
545 3480 713 3540 seeundum
737 3498 873 3556 earnem,
886 3482 1057 3542 ,manifeste

132 3561 174 3621 de
193 3561 312 3621 mortali
336 3571 465 3640 peoonlo
499 3563 634 3642 loquens.
679 3562 782 3636 Solum
806 3563 871 3624 hoo
887 3572 981 3642 agunt
1003 3564 1056 3626 So·
1107 3578 1109 3583 ⁴

131 3644 322 3724 phiatae,„ut
343 3645 575 3725 hospeooatum
589 3653 765 3726 extenuent,
786 3644 971 3726 quod·Deus
991 3655 1056 3707 tsn-¹
1083 3694 1090 3716 ,

134 3735 199 3792 tam
225 3737 404 3810 exaggerat,
426 3736 456 3789 nt
478 3728 572 3796 filium
596 3747 682 3792 suum
706 3728 762 3794 sibi
780 3728 855 3810 velit
877 3730 1003 3814 opponi,
1026 3737 1056 3794 et
