2392 4170
355 275 440 334 Missa
458 277 569 347 privata
587 279 621 335 D.
639 279 674 337 li.
694 281 725 337 L.
947 280 1008 347 181

87 439 213 500 mortuis
234 440 265 500 in
289 443 355 502 tota
377 439 534 521 Scriptura
556 442 676 526 prodat,
700 448 732 505 ut
754 451 784 506 et
808 445 953 508 mandato
975 453 1005 508 et

86 523 230 604 exemplo
252 525 397 604 negativo
419 525 595 606 prohibeat,
618 548 657 588 ne
679 527 832 609 spiritibus
854 531 921 591 istis
944 549 1007 592 cre·

84 606 202 668 damus.
236 607 313 668 Nam
335 608 418 688 quod
441 608 479 669 de
501 609 646 672 Samuele
678 614 703 674 1.
726 613 803 692 Reg.
826 614 876 677 28.
899 614 1010 692 legitur

81 693 230 752 suscitato
253 710 308 770 per
329 692 528 772 pythonicam
553 694 720 772 mulierem,
743 696 936 757 manifestum
959 697 1005 757 lu-

23 796 29 806 ·
83 774 211 837 dibriurn
235 780 291 855 est,
313 794 375 836 non
400 777 499 836 solum
516 796 555 837 ex
579 797 626 850 eo,
650 778 731 858 quod
754 780 863 840 mulier
875 780 1008 842 Satanae

82 859 189 940 spiritu
211 857 304 938 plena
324 859 385 919 hoc
406 859 516 920 iecisse
538 861 687 935 scribitur,
710 863 795 942 quasi
821 862 945 942 dignum
970 865 1009 924 sit

83 928 219 1015 credere,
235 943 507 1004 animosiustorum
519 944 549 1004 in
562 965 654 1006 manu
668 946 724 1006 Dei
738 951 768 1006 et
784 947 852 1006 sinu
866 946 1008 1008 Abrahae

82 1046 152 1088 esse
174 1025 229 1085 sub
252 1032 406 1103 potestate
434 1027 567 1088 Satanae
590 1036 620 1089 et
649 1031 811 1109 impiorum
840 1031 1010 1107 bominum,

64 1109 273 1189 sedetiam,
302 1110 383 1189 quod
406 1111 498 1189 plane
520 1119 627 1172 contra
654 1113 715 1173 hoc
749 1113 924 1174 mandatum
949 1113 1006 1177 Dei

83 1200 146 1254 tam
169 1192 277 1252 mulier
299 1212 389 1272 quam
414 1194 485 1254 Saul
520 1194 664 1275 agebant,
687 1204 871 1275 quaerentes
898 1218 1008 1260 amor-

84 1283 137 1339 tno
162 1277 332 1355 veritatem,
357 1278 404 1337 cui
426 1277 617 1357 impossibile
647 1286 693 1340 est
729 1286 762 1340 ut
794 1282 1006 1342 contraveniat

84 1361 224 1441 spiritus,
253 1364 305 1419 aut
329 1359 460 1421 Sanctos
483 1381 556 1423 suos
595 1363 676 1423 sinat
701 1363 749 1423 vel
783 1365 1008 1444 contravenire,

84 1443 133 1505 vel
156 1443 458 1505 contravenientibus
483 1447 657 1507 consentire
680 1451 710 1506 et
734 1448 905 1526 cooperari.

170 1526 260 1603 Quod
283 1534 385 1587 autem
410 1527 565 1608 Scriptura
587 1548 624 1590 eo
647 1530 716 1591 loco
741 1535 840 1604 tacet,
874 1549 912 1592 an
937 1551 1010 1591 vere

85 1610 135 1671 vel
157 1630 219 1670 non
243 1631 316 1671 vere
339 1608 463 1672 Samuel
485 1612 595 1692 fuerit,
623 1614 685 1675 imo
709 1612 881 1674 Samuelem
904 1621 1011 1693 aperte

85 1693 230 1774 appellat,
254 1693 419 1771 ideoiacit,
442 1695 523 1773 quod
546 1695 584 1756 ad
603 1699 779 1776 opinionem
793 1696 893 1758 Saulis
916 1698 1010 1760 verba

82 1783 242 1857 temperat,
266 1779 316 1856 qui
340 1777 515 1839 Samuelem
539 1799 608 1839 esse
631 1780 799 1857 credebat,
823 1787 853 1841 et
885 1782 1008 1860 spiritns

82 1861 186 1922 omnia
208 1860 358 1922 Samuelis
385 1861 479 1923 verba
501 1864 662 1942 ingeniose
683 1865 818 1925 imitatur
850 1870 880 1923 et
907 1871 1008 1945 auget.

83 1944 225 2006 Ceterum
256 1947 483 2024 praemonitum
514 1946 613 2006 voluit
634 1946 763 2027 Spiritus
800 1953 891 2026 atque
923 1967 1007 2028 prae·

82 2027 231 2088 munitum
253 2028 458 2107 praecedente
482 2029 628 2090 mandato
658 2049 714 2090 suo
751 2030 917 2108 lectorem,
947 2049 1008 2110 quo

80 2111 208 2172 remittit
229 2131 299 2171 eurn
313 2112 444 2192 occulte,
471 2119 504 2173 ut
525 2115 626 2191 sciret,
650 2113 796 2194 quidquid
813 2113 1009 2188 secusiieret

82 2214 145 2256 non
168 2193 292 2256 abono
315 2196 442 2275 spiritu,
464 2216 522 2256 nec
544 2219 562 2257 a
582 2197 652 2258 filiis
681 2197 755 2259 boni
778 2199 901 2278 spiritus
933 2196 1007 2258 fieri.

83 2277 151 2338 Hoc
178 2276 271 2339 modo
301 2285 329 2337 et
353 2280 382 2343 2.
410 2279 486 2358 Reg.
517 2284 544 2343 i.
578 2280 695 2342 inducit
722 2282 905 2360 armigerum
936 2279 1010 2341 Saul

81 2367 267 2437 narrantem,
289 2381 357 2422 esse
380 2360 452 2421 Saul
474 2382 493 2421 a
515 2383 548 2422 se
571 2366 717 2440 occisum,
740 2364 1007 2443 itanerisirniliter,

82 2450 115 2505 nt
131 2443 236 2506 David
260 2445 288 2504 ei
310 2444 439 2506 credens
461 2447 585 2507 iusserit
603 2467 671 2506 eum
695 2446 805 2525 occidi,
828 2446 911 2525 quod
934 2447 1009 2507 chri·

81 2533 160 2588 stnm
184 2528 309 2588 Domini
332 2528 512 2605 occidisset,
543 2535 576 2588 nt
608 2528 774 2592 asserebat.
825 2530 933 2607 Neque
959 2530 1010 2591 bic

83 2610 240 2692 Scriptura
259 2613 366 2690 aperit,
388 2631 427 2671 an
450 2632 555 2672 verum
578 2612 698 2692 dixerit,
722 2611 769 2672 vel
794 2613 937 2672 mentitus
960 2614 1008 2691 sit,
1060 2672 1063 2679 ,

82 2693 137 2755 sed
175 2694 368 2755 mendacium
402 2695 466 2755 eius
501 2696 608 2757 lectori
637 2694 887 2775 cognoscendum
917 2695 1008 2755 relin-

83 2779 149 2857 quit
170 2798 210 2839 ex
233 2779 382 2857 superiori
404 2779 476 2838 loco
502 2781 529 2844 1.
552 2780 629 2860 Reg.
651 2779 768 2852 ultimo,
791 2778 842 2840 ubi
858 2779 944 2838 iuxta
966 2778 1009 2838 hi·

83 2862 209 2922 storiam
232 2861 333 2924 Saulis
356 2868 486 2922 mortem
517 2881 588 2923 vere
611 2861 835 2941 descripserat,
866 2880 927 2941 qno
951 2861 1008 2921 nisi

83 2964 231 3022 recurras,
253 2944 360 3005 credas
384 2946 466 3005 hunc
488 2948 670 3025 armigerum
684 2965 759 3006 vera
780 2946 874 3025 loqui,
897 2945 941 3004 ita
964 2963 1008 3005 re·

84 3030 174 3089 mittit
202 3029 285 3089 etin
309 3027 460 3089 Samuelis
500 3030 611 3089 mortui
642 3029 842 3089 suscitatione
869 3027 1010 3089 mendaci

83 3111 121 3172 ad
145 3111 326 3173 mandatum
347 3131 443 3172 verax
465 3114 612 3193 superiori
636 3110 713 3174 libro
735 3114 878 3192 positum.
948 3170 951 3174 ,

165 3195 289 3274 Repetit
309 3196 370 3256 hoo
381 3195 558 3256 mandatum
571 3193 631 3260 lsa.
642 3194 672 3260 8.
686 3195 804 3255 dicens:
828 3195 867 3255 lot
888 3196 913 3255 si
927 3194 1010 3255 dixe·

82 3278 143 3339 rint
164 3278 202 3339 ad
227 3297 296 3338 vos:
328 3277 474 3353 Quaerite
495 3300 514 3340 a
535 3279 722 3360 pythonibus
746 3286 776 3338 et
798 3277 926 3356 divinis,
957 3278 1007 3357 qni

83 3362 213 3423 strident
245 3362 506 3423 incantationibus
544 3363 615 3424 suis.
675 3362 787 3422 Nonne
824 3361 957 3441 populus
991 3380 1010 3419 a

84 3445 152 3507 Deo
175 3464 231 3505 suo
252 3452 379 3524 quaeret
399 3464 455 3525 pro
478 3447 554 3506 vivis
578 3445 616 3505 ad
641 3444 801 3505 mortuos?
837 3444 885 3504 Ad
907 3445 1008 3525 legem

83 3533 115 3589 et
135 3528 357 3590 testimonium.
395 3527 486 3604 Quod
500 3529 525 3589 si
547 3528 762 3589 condixerint
782 3529 870 3588 iuxta
882 3527 1008 3587 verbum

82 3611 153 3689 hoc,
175 3630 238 3672 non
260 3612 316 3672 erit
338 3612 381 3672 eis
405 3613 556 3673 matutina
577 3611 638 3674 lux.
670 3611 727 3672 Hic
749 3610 835 3671 vides
857 3610 1006 3692 populum

83 3694 141 3756 Dei
162 3714 286 3776 prorsus
308 3695 383 3755 nibil
406 3694 518 3756 debere
547 3714 695 3775 quaerere
715 3702 745 3756 et
768 3694 886 3755 discere
907 3693 966 3754 nisi
989 3712 1008 3753 a

83 3777 150 3841 Deo
173 3797 240 3860 suo,
262 3779 293 3840 in
316 3778 387 3859 lege
419 3784 450 3840 et
477 3779 654 3841 testimonio
683 3779 767 3858 eins,
797 3776 875 3840 adeo
905 3782 955 3855 nt,
983 3774 1011 3836 si
