2392 4170
132 235 196 303 178
328 237 454 305 Assertio
474 253 550 293 omn.
568 240 645 292 artic.
665 238 698 293 D.
718 238 752 292 li.
771 238 798 293 b
817 254 868 309 par

132 393 289 475 spondeo:
311 395 345 453 ln
368 413 402 454 re
422 395 481 455 ista
503 394 582 458 aeria
593 400 624 453 et
645 411 733 453 saera
755 412 817 455 non
839 393 912 453 licet
935 386 1054 472 argutiis

132 476 307 557 sophisticis
335 477 487 555 cavillari,
521 477 629 556 quibus
660 475 811 556 effingunt
842 484 963 537 reatum
992 492 1054 535 esta

131 568 305 642 respectum
327 562 405 621 inter
417 560 514 621 Deum
538 568 569 620 et
591 566 797 641 peccatorem,
819 578 882 639 quo
904 556 1054 639 hiodapu

132 649 213 705 tatur
236 643 275 705 ad
297 662 440 725 poenam.
484 642 596 703 Iniuria
618 651 665 704 est
686 645 803 722 gratiae
825 643 895 716 Dei,
919 642 946 703 si
961 640 1054 707 solu!

132 729 223 788 istum
235 726 462 808 phantasticum
484 734 656 807 respectum
679 727 786 787 toliere
800 726 961 803 doceatur,
981 742 1054 805 oum,

134 818 165 870 nt
187 810 343 892 Scriptura
364 810 512 890 loquitur,
534 811 634 890 gratia
656 809 712 869 Dei
734 817 874 889 renovet,
895 814 1054 887 munau

134 895 166 955 ιιι
188 912 287 955 novos
309 894 450 955 homines
482 894 678 955 transformet
707 892 744 953 de
773 892 823 954 die
850 891 1001 971 indiam,
1028 900 1054 951 et

134 995 183 1039 res
205 978 264 1037 ista
285 978 365 1038 serio
389 987 513 1056 agatur,
536 995 597 1037 nou
620 974 811 1057 respectibus
833 974 987 1054 tollendis,
1006 972 1051 1049 aad

135 1060 306 1121 substantia
328 1068 359 1121 et
380 1062 443 1120 vita
465 1060 627 1124 mutandis.
664 1059 741 1119 Nam
755 1059 824 1121 ideo
847 1078 962 1140 corpus
983 1056 1049 1127 mod

135 1151 167 1206 et
187 1144 349 1205 incinerari
371 1150 502 1223 oportet,
525 1153 558 1203 ιιι
571 1149 732 1224 paccatum
753 1150 952 1223 expurgetur,
972 1158 1049 1207 ver!

135 1234 182 1288 est
204 1226 327 1299 morbus
350 1229 381 1287 ει
402 1229 516 1305 serius,
547 1229 598 1306 qui
626 1235 687 1289 tam
711 1227 821 1287 seriam
843 1234 876 1287 et
904 1232 1048 1307 potante·

137 1311 234 1391 exigit
255 1310 447 1375 medicinam.
1035 1358 1039 1365 .

219 1392 305 1455 Haeo
325 1392 393 1474 ipsa
415 1394 495 1455 euim
517 1395 616 1473 gratia
645 1394 717 1455 novi
739 1393 928 1456 Testamenti
954 1398 986 1453 et
1003 1390 1048 1459 nir

135 1476 372 1539 sericordiaDei
394 1485 450 1555 est,
472 1477 613 1556 quod*),
636 1478 707 1556 quia
731 1477 827 1556 geniti
848 1472 1047 1539 sumusvctbt

138 1561 272 1621 veritatis
306 1567 338 1622 ει
373 1562 472 1621 renati
510 1560 711 1640 baptismate,
746 1568 778 1621 ut
808 1561 904 1621 simus
945 1558 1047 1623 initia!

136 1643 262 1723 aliquod
282 1651 442 1707 creaturae
465 1645 546 1723 eius,
580 1645 699 1704 interim
726 1645 814 1705 iavor
843 1643 900 1704 Dei
922 1661 979 1705 nos
997 1656 1049 1703 aa·

137 1728 212 1806 cipit
234 1733 265 1787 et
285 1728 433 1805 sustinet,
468 1746 530 1788 uon
561 1728 714 1807 imputans
736 1726 776 1790 ad
798 1732 947 1805 mortem,
980 1720 1049 1807 quud

137 1808 287 1889 reliquum
309 1817 357 1871 est
378 1812 499 1891 peccati
521 1813 550 1870 iu
573 1810 680 1890 nobis,
710 1812 780 1871 iicet
808 1830 881 1871 vere
903 1814 1048 1891 peccatu

135 1894 175 1954 sit
196 1899 227 1953 et
237 1895 379 1974 imputari
401 1895 509 1974 possit,
532 1895 632 1956 donee
645 1894 815 1956 efficiamur
836 1894 1049 1975 parientem

137 1984 287 2041 creatura
310 1976 359 2037 Ad
371 1976 462 2037 finem
477 1978 557 2037 enim
581 1979 771 2058 purgationis
783 1977 882 2038 Patris
893 1976 1049 2039 miserius

137 2059 188 2121 dia
208 2061 349 2140 respicit,
372 2069 609 2140 propterquam
631 2063 709 2122 inter
732 2062 849 2125 medius
871 2058 1048 2141 persuasit*

137 2143 300 2204 munditias
339 2145 445 2205 statuit
481 2144 716 2207 misericorditer
748 2147 929 2226 ignoscere,
964 2142 1049 2211 dom

138 2227 259 2307 penitus
282 2226 471 2288 aboleantur.
1030 2276 1033 2283 .

220 2309 288 2370 Hoc
319 2311 478 2390 apostolus
508 2311 616 2373 Roma.
639 2315 667 2377 8.
690 2312 735 2371 sic
763 2311 850 2371 dicit:
882 2310 966 2372 Nihil
986 2322 1048 2389 orgo

138 2394 344 2455 damnationis
366 2402 412 2455 εει
433 2396 464 2455 in
488 2396 534 2471 iis,
557 2395 607 2473 qui
629 2402 701 2455 suut
721 2396 750 2455 iu
767 2395 889 2457 Christo
910 2395 989 2471 iesu,
1041 2388 1049 2403 '

138 2496 201 2539 non
229 2478 399 2539 secundum
432 2497 554 2538 caruem
583 2478 748 2542 ambulant.
799 2478 867 2539 Non
899 2479 956 2539 ait:
984 2472 1040 2537 lt·

139 2563 259 2642 peccati
281 2563 311 2622 in
336 2563 379 2622 eis
403 2570 464 2637 est,
492 2581 560 2621 cum
586 2561 790 2642 praecedente
813 2581 880 2643 cap.
904 2566 1049 2642 peccatu!

139 2645 329 2723 asseruisset,
351 2645 405 2705 sed
418 2645 491 2706 nihil
504 2645 719 2722 damnationis,
741 2646 822 2724 quia,
834 2648 891 2705 etsi
905 2647 944 2709 sit
955 2658 1049 2725 pm·

139 2736 202 2789 tum
214 2730 245 2788 in
258 2730 312 2806 eis,
324 2748 386 2790 non
399 2738 500 2806 nocet,
512 2728 710 2808 duplicitate,
727 2730 837 2809 primo,
849 2731 922 2808 quia
934 2734 1052 2807 suutpu

139 2810 230 2873 fidem
253 2813 282 2872 in
307 2812 428 2874 Christo
452 2813 530 2891 lesu,
554 2831 614 2891 quo
636 2812 805 2874 mediatore
821 2813 866 2872 eis
888 2814 1050 2895 ignoscitur,

140 2895 288 2975 quidquid
311 2898 431 2976 peccati
443 2897 535 2955 inest:
559 2897 705 2974 secundo,
727 2897 875 2975 quianon
899 2892 1049 2957 secundun

140 2999 263 3041 earnem
287 2979 453 3056 ambulant,
476 2979 506 3038 id
529 2987 585 3059 est,
607 2988 747 3060 pugnant
769 2987 877 3040 contra
895 2984 1049 3060 pausatus,

141 3064 395 3141 utexstinguant,
418 3082 479 3142 quo
502 3063 614 3139 studio,
637 3064 803 3142 quiainviti
824 3062 941 3125 habent

141 3154 204 3207 tum
226 3147 257 3205 in
280 3165 329 3219 se,
365 3165 420 3226 pro
455 3165 517 3206 uon
549 3146 730 3207 habentibus
756 3146 839 3207 Deus
867 3148 938 3209 iilos
960 3082 1050 3219 babet,

141 3247 204 3290 non
227 3237 329 3290 tamen
352 3231 409 3289 nisi
438 3231 571 3310 gratuita
598 3231 822 3308 misericordia,
853 3251 892 3291 ne
913 3226 1052 3311 superbiat

140 3314 301 3392 quisquam
329 3313 359 3372 in
390 3314 487 3375 oculis
509 3313 565 3374 Dei
598 3313 637 3374 de
671 3314 816 3376 munditia
848 3334 920 3392 aua,
953 3306 1048 3375 sauir

141 3396 312 3459 humilitate
334 3417 409 3457 snae
431 3399 572 3458 miseriae
592 3406 737 3458 servetur.
779 3397 848 3458 Hoc
868 3417 960 3459 sensu
980 3390 1049 3457 blo·

140 3479 211 3542 hau.
224 3478 254 3546 3.
272 3481 358 3541 dicit:
382 3480 511 3558 Scimus,
534 3482 679 3561 quoniam
703 3482 812 3559 omnis,
834 3484 887 3561 qui
909 3488 995 3543 natue
1011 3476 1051 3537 att

140 3583 180 3624 ex
202 3564 285 3643 Deo,
315 3583 377 3626 uon
400 3574 524 3644 peccat,
554 3565 609 3624 sed
635 3566 794 3645 generatio
815 3563 873 3625 Dei
904 3560 1049 3627 consumi

195 3753 226 3821 ‘)
247 3752 340 3807 Iacob.
363 3754 386 3806 1.
