2392 4170
370 254 409 343 ¹ool
427 255 501 314 Frid.
520 257 554 315 D.
574 254 638 314 Sar.
657 255 722 315 adv.
738 254 821 314 nuth.
994 254 1057 325 485

131 419 247 483 stilonti
269 438 323 482 ore
356 419 531 483 cathedram
560 422 753 503 pestilentiae
775 420 1057 509 Antichristisnsm‚

132 501 326 583 diabolinum,
349 512 380 566 et
401 508 426 567 si
448 524 528 586 quae
544 506 644 587 potuit
666 506 845 588 exoogitere
866 505 1058 583 nefandiora,

132 588 224 650 toties
248 588 404 670 appellere
426 609 488 650 non
506 597 632 654 eessalt*
648 591 699 670 qui
722 590 845 652 seholns
858 590 1057 668 Christianos,

133 690 213 752 quae
236 674 432 756 tammultos
457 672 653 734 doctissimos
672 674 944 752 sanstissimosque
966 674 1059 752 viros,

133 764 195 818 tarn
217 757 358 838 egregias
380 758 410 818 in
433 756 564 818 eoelesiu
583 757 641 818 Dei
664 756 822 819 columnas
844 757 934 819 nobis
956 763 1059 837 prolu-

133 839 243 917 lerunt‚
264 840 419 922 impudica
448 840 552 921 lingue
574 860 630 901 sua
651 841 829 922 lupanaria,
853 838 1006 904 Sodomae
1030 846 1060 901 et

134 923 303 986 Gomorrae
325 922 437 1005 ubique
459 943 571 986 voeare
595 944 656 986 nou
679 922 913 989 vereoundntur.
1064 976 1066 983 Α

216 1006 276 1084 Qui
298 1026 360 1068 non
382 1009 456 1069 satis
478 1006 571 1069 habet
593 1009 811 1089 omnipotentis
835 1008 889 1068 Dei
912 1005 1060 1068 saeerdo·
1147 1023 1150 1027 ’

133 1096 180 1152 les
202 1090 322 1172 probris
346 1089 502 1173 omuibus,
525 1093 682 1172 eonvieiis,
706 1091 899 1152 ooutumeliis
921 1109 958 1152 ao
980 1088 1057 1151 blas·
1097 1132 1099 1137 «

99 1215 102 1218 -
135 1174 264 1256 phemiis
285 1174 446 1236 horrendis
468 1180 499 1236 et
519 1175 831 1254 inauditiarruuqnam
854 1178 915 1236 non
940 1172 1062 1255 publiea

135 1278 172 1319 ao
193 1257 297 1340 palam
319 1260 472 1339 inseetnri,
496 1259 652 1338 quibusvis
667 1258 793 1328 ennibua
812 1258 934 1319 viliores
948 1257 1060 1334 faeere,

135 1342 194 1403 nisi
216 1342 307 1402 etiam
329 1341 439 1403 Laioos
475 1344 608 1403 eoueitet
641 1342 679 1404 ad
703 1341 850 1403 levandas
872 1340 930 1401 eibi
952 1357 1061 1400 manus

136 1427 166 1486 iu
190 1426 340 1504 sanguine
360 1427 508 1505 ipsorum.
552 1425 628 1487 (lum
653 1431 772 1503 tamen,
805 1430 921 1505 quanto
943 1424 1062 1484 honore

135 1507 240 1570 haberi
263 1508 337 1569 velit
359 1507 536 1570 saeerdotes
559 1528 648 1590 suos,
671 1510 806 1570 maxime
827 1514 934 1573 autem.
954 1507 1061 1588 prinoi-

135 1611 204 1673 pem
228 1591 440 1670 saeerdotum,
475 1591 557 1653 idem
578 1593 645 1673 ipse
668 1592 817 1654 Dominus
839 1591 871 1652 in
893 1591 1061 1652 Deuterou.

135 1679 344 1752 testaturam,
368 1674 487 1736 disens:
521 1674 552 1738 si
584 1675 707 1736 diffieile
728 1680 759 1735 et
780 1673 956 1756 ambiguum
980 1671 1061 1754 apud

136 1764 167 1818 te
202 1757 349 1818 indieium
385 1776 454 1818 esse
488 1759 684 1840 prospexeris
717 1759 796 1819 iuter
828 1758 1008 1839 sanguinem
1032 1762 1063 1815 et

135 1840 336 1921 sanguinem,
365 1859 489 1901 eausam
513 1848 542 1902 et
564 1859 706 1922 oausam,
742 1841 857 1922 lepram
883 1845 914 1902 et
934 1858 996 1901 non
1020 1839 1062 1900 le-

136 1943 234 2006 pram,
257 1930 287 1984 el
308 1923 531 1985 iudieumintre
554 1931 658 2005 portos
681 1929 747 1985 tuas
770 1924 881 1984 videris
906 1922 998 1994 verbe
1012 1941 1063 1982 vn·
1103 1969 1105 1973 Α

135 2008 220 2087 riori,
254 2026 347 2088 surge
367 2014 399 2068 et
422 2008 557 2068 aseende
587 2007 626 2068 sd
661 2006 795 2085 loeum‚'
813 2026 903 2086 quem
936 2005 1063 2085 elegerit
1173 2021 1177 2027 ·

136 2091 285 2153 Dominus
308 2092 391 2153 Deus
414 2097 498 2172 tuus,
521 2093 691 2171 veniesque
714 2090 751 2152 ad
774 2091 951 2151 sacerdotes
973 2088 1062 2148 Levi·

136 2175 186 2235 liei
208 2176 329 2252 generis
352 2182 382 2236 et
405 2174 444 2236 sd
466 2174 615 2255 iudieem,
652 2174 701 2255 qui
730 2174 818 2235 fuerit
839 2173 891 2234 illo
915 2181 1063 2255 tempore,

137 2274 328 2334 quaeresque
359 2257 397 2318 sb
430 2259 490 2335 eis,
522 2261 572 2338 qui
590 2257 767 2320 iudicabunt
788 2257 841 2318 tibi
863 2255 965 2317 iudicii
989 2255 1064 2316 veri·

138 2343 242 2414 tatem,
265 2345 296 2411 et
316 2337 410 2399 feoies
433 2358 634 2420 quaeeunque
656 2341 803 2419 dixerint,
842 2342 894 2422 qui
916 2343 1064 2420 praesunt

138 2421 224 2498 loeo,
247 2440 338 2499 quem
362 2421 490 2502 elegerit
512 2418 671 2499 Dominus,
695 2429 726 2501 et
746 2424 907 2485 doeueriut
929 2430 959 2483 te
980 2422 1065 2482 iuxta

137 2505 238 2585 legem
260 2502 340 2583 eius,
364 2505 564 2585 sequerisque
585 2507 767 2567 sententiam
791 2500 990 2585 eorum,'neo
1012 2504 1065 2564 de-

139 2586 267 2649 clinabis
289 2587 328 2649 ad
350 2587 500 2666 dextram,
523 2607 623 2668 neque
645 2587 683 2648 od
707 2590 870 2651 sinistram.

221 2670 280 2748 Qui
303 2677 405 2732 aulem
427 2670 617 2752 superbierit,
640 2671 748 2733 nolens
772 2672 898 2732 obedire
919 2667 1064 2732 sacerdo·

138 2760 201 2814 tum
222 2755 371 2835 imperio,
406 2754 456 2833 qui
490 2772 528 2815 eo
563 2760 701 2838 tempore
732 2755 902 2815 ministrant
931 2754 1065 2814 Domino

115 2836 205 2897 'Deo
228 2846 300 2920 luo,
333 2857 372 2897 ex
394 2837 518 2898 demeto
547 2836 655 2897 iudieis
678 2837 823 2897 morietur
842 2837 937 2897 homo
959 2837 1012 2897 ille
1034 2841 1065 2896 et

139 2919 258 2981 auferes
280 2920 392 2982 malum
416 2921 455 2980 de
477 2920 571 2982 domo
587 2919 699 2996 Israel,
723 2926 912 2998 eunotusque
934 2918 1066 3000 populns
1145 2994 1148 3001 Ι

139 3002 266 3064 audiens
304 3003 438 3084 timebit,
477 3010 510 3064 ut
553 3003 653 3064 nuilus
692 3002 803 3064 deinde
836 3009 987 3062 tumerent
1019 3021 1066 3062 su·

141 3087 259 3166 perbis.
943 3089 945 3093 ’

221 3170 262 3231 Et
283 3169 407 3233 Samuel
428 3189 497 3230 oum
520 3176 729 3251 spernerertur
750 3168 859 3230 sfiliis
881 3167 974 3228 Israel
1028 3186 1066 3227 an

140 3271 202 3312 nou
226 3253 299 3314 dieii
315 3253 481 3316 Dominus:
505 3254 574 3314 Non
589 3254 669 3314 enim
682 3261 712 3314 te
724 3257 914 3334 spreverunt,
936 3213 992 3309 sesi
1009 3269 1068 3326 me,

140 3353 180 3395 ne
200 3354 325 3416 regnem
350 3356 529 3417 superans,
552 3336 713 3397 manifeste
735 3335 913 3411 osteudens,
935 3331 1068 3394 invisibi-

140 3416 201 3478 lem
223 3437 257 3478 se
279 3422 450 3497 oontemni‚
474 3438 542 3480 oum
565 3419 715 3481 visibilem
738 3421 805 3498 quie
831 3417 947 3498 spernit
969 3435 1068 3476 saeer-

142 3501 255 3564 dotem.
301 3501 403 3579 Quare
425 3508 457 3563 et
471 3503 595 3584 Moyses
611 3503 809 3564 murmuranti
832 3499 870 3562 ad
894 3519 928 3561 se
951 3500 1067 3581 populo

140 3584 314 3666 respondit:
336 3584 404 3647 Nou
429 3585 575 3648 adversus
598 3606 647 3647 me
658 3585 861 3666 murmurasti,
884 3583 938 3645 sed
963 3584 1068 3644 edver-

142 3688 195 3730 sus
216 3670 380 3732 Dominum
398 3669 495 3730 Deum
519 3675 663 3730 vestrum.

225 3751 316 3830 Quod
338 3753 364 3817 si
378 3752 532 3816 Levitioos
554 3753 623 3816 illos
636 3751 815 3817 saeerdotes
836 3752 928 3825 tantis
950 3749 1069 3818 honore
