2392 4170
461 266 736 325 mannassen
999 267 1063 336 tor
1118 242 1120 246 ⁴

226 423 365 491 Christ-us
387 445 459 487 vero
480 425 543 501 boc
569 424 743 506 exemplum
770 425 947 507 generalem
969 443 1062 491 otoo·

142 527 214 570 nem
232 509 317 587 iacit,
337 527 405 573 cnm
419 516 648 593 argumentatur
666 528 685 569 a
701 509 803 587 simili,
820 508 941 573 dicens:
963 509 1062 581 David

141 591 284 655 soivebat
310 593 412 674 legem
439 592 652 673 prohibentem
682 591 774 656 edere
802 611 899 674 panes
926 600 1061 672 sannae,

142 694 218 756 ergo
240 675 344 737 licebit
374 686 404 738 et
426 676 586 738 sabbatum
617 681 649 736 et
669 694 776 738 omues
798 676 876 737 alias
897 675 981 756 leges
1003 676 1063 747 soi

142 778 223 824 rere.
255 757 324 822 Nisi
347 760 428 820 enim
451 759 528 820 haec
543 760 765 838 consequentia
780 759 935 838 generalis
949 759 1061 840 valent
1108 788 1111 792 ’

141 842 234 903 stulte
255 842 365 922 probat
386 841 523 904 Christus
546 843 647 924 legem
671 841 792 905 sabbati
809 843 983 904 violandam
1007 846 1062 924 pir

141 928 318 1006 exemplum
331 926 455 989 alterius
470 926 546 1007 legis
569 927 607 987 de
626 945 688 987 nnn
706 924 827 992 edendo
845 944 926 1006 pane
941 932 1061 987 sancto.

142 1008 244 1085 Quare
265 1009 316 1069 iric
338 1009 464 1070 evidens
487 1017 548 1089 eet,
573 1011 665 1071 etiam
688 1008 792 1071 divina
814 1009 960 1070 mandata
981 1028 1060 1075 rome

136 1111 195 1172 per
215 1092 328 1153 habere
351 1101 498 1173 exceptos
526 1111 615 1155 casus
643 1093 853 1172 necessitatis,
881 1112 944 1155 non
966 1091 1060 1157 modo

141 1178 327 1255 animarum,
357 1175 412 1238 scd
435 1184 466 1237 et
488 1194 653 1256 corporum
675 1183 706 1237 et
726 1195 837 1237 rernm.
888 1174 957 1251 Qua
979 1177 1060 1241 anim

141 1260 259 1321 ratione
289 1279 350 1320 una
380 1259 431 1320 lex
460 1267 562 1339 potest
590 1259 685 1338 solvi,
714 1259 822 1323 eadem
845 1267 948 1340 potest
969 1277 1060 1339 quae·

142 1341 215 1403 libet
236 1342 334 1419 solvi,
363 1343 507 1420 hoc'eet,
536 1341 730 1424 interpretari
751 1352 781 1404 et
802 1362 879 1405 sano
902 1362 993 1405 senen
1018 1345 1061 1403 in·

140 1424 253 1505 telligi,
283 1433 432 1505 quatenns
460 1427 534 1506 liget
561 1435 614 1489 aut
642 1446 704 1487 non
732 1427 815 1507 liget.
871 1427 950 1489 Vere
977 1428 1059 1489 enim

140 1527 201 1569 non
230 1516 333 1589 potest
362 1510 441 1570 scivi
464 1510 635 1590 Scriptura,
658 1509 764 1571 lobon.
789 1508 896 1581 tob:
936 1509 976 1570 Et
997 1529 1059 1582 noe

138 1592 315 1672 praeteribit
333 1613 424 1655 unum
439 1594 513 1672 iota,
537 1599 589 1655 aut
607 1613 685 1656 unus
701 1612 786 1673 apex
806 1592 844 1655 de
857 1592 941 1672 lege„
960 1593 1060 1665 mnae

138 1677 243 1736 omnia
263 1675 347 1737 fiant.
385 1675 489 1751 Quare
510 1695 578 1736 cum
602 1675 641 1736 de
663 1676 817 1739 solutione
839 1685 869 1736 et
890 1677 1059 1739 uiolatione

138 1758 215 1838 tegis
240 1760 386 1842 dicimus,
414 1759 453 1821 de
477 1760 555 1823 falso
583 1761 648 1821 eius
676 1759 832 1823 intellectu
854 1760 1006 1821 solvendo
1029 1770 1059 1823 ct

138 1861 213 1903 vero
248 1844 400 1906 servando
436 1842 626 1924 intelligendi
660 1862 773 1906 numus.
838 1843 889 1903 Sic
921 1842 1058 1911 Christos

136 1926 281 1987 Matthaei
309 1928 354 1990 12.
375 1926 485 2008 addit,
515 1925 676 1989 sabbatum
708 1928 774 1987 sine
796 1927 887 2006 culpi
909 1927 1015 1988 violari
1038 1948 1058 1989 a

134 2009 348 2071 sacerdotibus
377 2009 562 2090 intemplo,
595 2009 707 2071 deinde
736 2028 860 2090 quoque
882 2009 922 2071 ob
945 2011 1057 2073 berem

136 2095 174 2153 de
196 2093 288 2154 fovea
311 2094 532 2169 extrahendum
560 2102 614 2155 aut
634 2093 860 2173 adaquandum,
883 2091 984 2155 Lucae
1000 2095 1058 2175 13.υ

136 2177 197 2236 hoc
217 2184 279 2255 ent,
303 2195 364 2238 nou
387 2178 486 2240 scium
505 2186 632 2258 propter
646 2178 815 2239 animarum
839 2185 868 2237 et
885 2195 1058 2257 corporum.

135 2258 303 2319 sedetiam
332 2279 431 2321 rerum
460 2263 676 2323 necessitatem
704 2259 784 2322 eolvi
805 2267 918 2342 potest.
963 2260 1054 2336 Quod

137 2348 186 2402 est
208 2340 290 2402 alind
311 2342 388 2403 nihil
410 2342 526 2407 dicere:
547 2345 630 2406 Deus
653 2362 709 2405 sua
729 2352 896 2425 praecepta
916 2362 978 2404 non
998 2364 1057 2424 por

135 2426 210 2498 anit,
233 2431 267 2485 nt
287 2427 405 2504 anima,
426 2445 538 2508 eorpus
561 2435 615 2491 aut
634 2448 685 2488 res.
704 2435 825 2508 pereat,
848 2429 903 2488 aed
927 2435 959 2488 ut
980 2428 1057 2490 hacc

135 2508 223 2569 salva
243 2510 274 2568 in
296 2511 469 2590 praeceptis
487 2513 549 2576 suis
567 2518 778 2575 exerceantur.
813 2509 914 2586 Quare
935 2529 1057 2592 semper

135 2592 334 2672 intelligenda
363 2600 447 2674 sunt,
475 2602 510 2655 nt
529 2594 620 2657 simul
646 2613 709 2657 non
742 2594 933 2656 oblivisceris
956 2593 1054 2656 Deum

135 2695 257 2736 creasse
279 2695 401 2756 corpus,
424 2677 556 2741 animam
580 2685 611 2740 et
631 2698 705 2760 rem,
733 2696 902 2758 eorumque
924 2685 954 2740 tc
976 2678 1055 2740 vella

134 2779 238 2820 curam
263 2759 386 2839 babere,
408 2766 450 2838 ut,
466 2761 493 2821 ai
510 2761 696 2841 periclitetur
716 2763 841 2843 aliquod
855 2780 972 2840 eorum,
994 2762 1054 2829 iam

133 2843 214 2903 scias
237 2848 403 2924 praecepta
425 2844 492 2905 eius
514 2862 576 2908 noa
596 2863 667 2908 esee
688 2846 818 2927 amplius
839 2852 1013 2926 praecepta.

219 2926 385 2988 Veniamne
406 2945 489 2989 nano
509 2927 547 2988 od
566 2935 682 3010 noema,
702 2938 807 2991 votum
831 2930 980 2991 castitatis
1004 2929 1055 2995 lex

133 3018 181 3070 cst
200 3030 282 3071 mere
302 3011 472 3092 corporalis
491 3010 530 3072 de
547 3030 580 3072 re
596 3012 854 3091 corporaliesima,
877 3031 971 3093 quare
994 3013 1054 3075 sei·

134 3093 235 3154 reoda
265 3102 311 3154 est
338 3114 407 3156 cum
437 3094 566 3175 fiducia,
594 3095 657 3157 imo
686 3114 841 3176 nunquam
869 3096 975 3177 ligauit
997 3115 1055 3160 uec

133 3179 229 3256 ligare
257 3180 370 3261 potuit,
403 3179 454 3241 ubi
482 3176 650 3260 perieulum
683 3179 805 3245 ammae
835 3189 888 3242 aut
916 3181 1054 3260 corporis

132 3263 312 3327 intercessit.
379 3263 447 3324 Non
486 3263 568 3324 enim
606 3269 638 3325 ut
674 3261 815 3342 perderet
855 3265 988 3325 animam
1024 3273 1054 3325 et

132 3363 258 3423 corpus,
292 3350 396 3406 votum
421 3347 532 3426 exigit,
563 3346 744 3426 cogiturque
766 3356 872 3409 votum
895 3349 1053 3427 casdtetie,

128 3429 266 3508 ipsomet
294 3427 414 3490 Obriste
448 3431 630 3509 interprete,
663 3428 745 3493 hune
771 3449 895 3492 sensnm
922 3430 1052 3493 babere:

133 3511 241 3572 Voveo
282 3514 471 3591 castitatem,
509 3519 656 3593 qnantum
697 3511 762 3577 fleri
796 3521 899 3595 potest
938 3514 1054 3594 absque

131 3595 268 3676 periculo
295 3597 434 3677 corporis
460 3605 493 3659 et
515 3599 650 3663 animae.
703 3596 735 3658 Si
762 3598 866 3679 itaque
893 3605 923 3658 te
943 3609 1054 3680 postea

142 3724 555 3739 mm

204 3780 230 3850 ⁸)
250 3781 344 3840 Matth.
365 3782 391 3853 b,
411 3782 454 3839 18.
