2392 4170
430 262 561 326 ministris
578 261 721 324 ecclcsiae.
989 256 1051 328 605

130 452 222 514 super
242 429 537 516 regemGeorgium
560 437 590 492 et
612 449 704 512 super
726 429 877 491 Ducatum
898 427 1051 492 Mouster·

132 516 312 600 bergensem
348 524 380 578 et
406 517 580 597 quicunque
611 521 682 576 sunt
715 511 844 575 eandem
882 513 981 593 passi,
1015 530 1053 576 ea

132 620 252 682 semper
274 600 364 661 luerit
386 605 417 661 et
438 600 477 659 sit
499 618 580 659 nunc
602 617 735 678 quoque,
760 596 797 657 ds
820 616 880 676 qua
902 596 1051 659 Salomon

132 685 206 746 dicit
225 683 369 746 Proverb.
392 685 446 747 26:
492 681 577 744 Sicut
599 683 664 743 avis
693 683 723 742 in
746 681 809 741 alto
832 681 1051 762 praetervolat,

131 769 176 830 sic
198 767 393 829 maledictum
416 766 532 845 absque
561 785 654 826 causa
683 764 834 845 prolatum
857 783 918 825 uon
942 765 1052 826 veniet.

133 851 213 928 Quin
233 851 294 934 boc
315 851 447 911 eximiae
470 849 551 930 apud
575 850 672 911 Deum
695 848 814 928 gloriae
842 847 1054 909 immortaliter

133 941 232 996 manet
261 935 325 1015 regi
355 933 491 1015 Georgio
513 952 650 1012 suaeque
670 932 806 992 familiae
839 951 913 1011 prae
944 930 1053 992 ceteris

132 1019 256 1100 regibus
279 1024 310 1079 et
331 1016 519 1097 principibus
541 1023 699 1093 terrarum,
723 1013 804 1095 quod
827 1013 940 1077 aSede
963 1014 1053 1075 male·

133 1102 202 1163 dica
224 1109 254 1162 et
275 1100 351 1162 Filio
373 1100 598 1161 maledictionis
622 1098 802 1160 maledictus
825 1103 881 1160 est.

217 1185 265 1247 Ab
289 1187 391 1245 istoos
419 1203 493 1264 ergo
526 1203 583 1245 vos
612 1183 720 1244 Boemi
755 1182 844 1244 hosts
867 1187 970 1243 vestro
993 1187 1054 1242 tam
1115 1199 1123 1211 ‘
1178 1170 1182 1177 ’

134 1267 268 1348 crudeli,
293 1274 354 1328 tam
378 1273 522 1347 cruento,
544 1269 607 1330 tam
630 1265 798 1343 maledico,
827 1273 888 1326 tam
910 1264 1055 1344 implaca-

134 1351 197 1432 bili,
221 1351 290 1413 Deo
314 1358 344 1412 et
365 1350 540 1411 homiuibus
562 1348 779 1419 abominabili,
802 1350 869 1410 sine
892 1367 986 1409 causa
1009 1366 1055 1409 or·

135 1435 221 1496 dines
245 1434 414 1515 sacrilegos
438 1441 468 1495 et
491 1433 696 1494 exsecrabiles
727 1433 860 1512 purgetis
890 1435 1057 1510 suscipere,

134 1524 187 1579 ant
220 1516 385 1597 quidquam
415 1536 496 1578 curu·
520 1536 557 1578 eo
591 1516 704 1577 babere
732 1515 930 1576 commercii?
978 1514 1090 1575 Nam'

135 1602 206 1663 dum
222 1601 283 1661 hoc
295 1601 403 1676 facitis,
426 1619 530 1660 noune
545 1620 577 1660 re
589 1595 849 1677 ipsa'consentitis
864 1606 893 1659 et
914 1597 1057 1658 iustifica-

135 1686 173 1762 tis
213 1690 346 1744 vestrum
379 1682 612 1744 damnatorem?
666 1681 778 1743 Nonne
814 1689 916 1743 vestra
948 1687 1057 1742 contra

135 1767 219 1827 illum
259 1773 321 1826 tam
352 1765 489 1845 gloriosa
518 1767 599 1826 lacta
631 1765 783 1825 damnatis
807 1772 838 1827 et
860 1765 948 1827 vobis
982 1766 1056 1845 ipsis

136 1849 323 1910 dissentitis?
365 1848 477 1909 Nonne
500 1849 626 1910 loannis
648 1848 728 1909 Huss
758 1850 841 1926 pium
876 1849 1057 1926 sanguinem

135 1935 317 1994 innocenter
339 1931 436 1992 iusum
459 1934 519 1992 iam
543 1933 669 2011 impium
692 1931 791 1992 facitis
819 1938 850 1992 et
878 1933 985 1991 merito
1011 1930 1059 1993 fu.-

135 2037 201 2078 sum
226 2015 424 2095 confitemini,
448 2015 517 2075 dum
541 2015 622 2075 illius
644 2034 753 2074 manus
776 2015 973 2092 osculamini,
1008 2014 1058 2093 qui

135 2100 219 2160 illum
241 2100 327 2177 fudit,
350 2099 421 2159 dum
445 2099 526 2161 illius
551 2097 680 2178 pedibus
703 2097 911 2174 advolvimini,
934 2098 985 2174 qui
1001 2115 1057 2157 vos

137 2183 298 2243 conculcat
337 2190 366 2242 et
398 2189 547 2263 perpetua
580 2181 705 2242 iufamia
739 2181 880 2261 torquet?
934 2178 1056 2254 Quanto

136 2267 243 2335 iustius
268 2267 418 2342 feceritis,
441 2269 465 2325 si
489 2273 605 2326 tantum
629 2265 667 2326 ab
692 2284 731 2325 eo
754 2285 810 2327 vos
832 2263 1057 2346 separaveritis,

136 2356 170 2409 ut
191 2367 249 2408 nec
271 2346 398 2408 odorem
421 2350 554 2407 nominis
576 2349 622 2408 sui
645 2349 837 2428 pestiferum,
868 2346 969 2427 quoad
992 2345 1058 2406 fieri

136 2437 248 2511 potest,
272 2430 421 2490 sentiatis.
461 2430 495 2490 Si
519 2431 630 2490 Paulus
657 2437 859 2492 scortatorem
889 2437 919 2490 et
941 2430 1057 2490 ebrium

138 2514 263 2575 mandat
285 2513 389 2588 vitari,
412 2519 528 2590 quanto
552 2514 649 2593 magis
671 2513 748 2573 baec
781 2513 970 2594 abominatio
1004 2530 1057 2572 uo·

136 2599 272 2674 vissima,
295 2597 429 2656 omnium
453 2596 602 2655 vastatrix
623 2594 773 2656 indomita
799 2601 830 2656 et
851 2594 1058 2657 inemendabi-

137 2680 184 2762 lis,
206 2680 293 2740 vitari
318 2678 409 2739 debet
432 2677 590 2755 omuibus,
614 2679 666 2756 qui
688 2679 840 2739 Christum
864 2677 1058 2738 confitentur.

220 2762 316 2824 Sinite
343 2762 464 2841 itaque,
494 2763 550 2821 viri
579 2761 700 2841 optimi,
734 2762 794 2822 hoc
815 2763 944 2841 primum
967 2779 986 2820 a
1007 2778 1059 2820 vo·

139 2846 185 2906 bis
208 2845 374 2924 impetrari,
396 2845 458 2904 imo
481 2850 665 2923 extorqueat
693 2845 743 2904 vel
764 2845 868 2904 invitis
889 2845 958 2924 ipsa
980 2863 1057 2905 con-

137 2930 266 2989 scientia
288 2935 318 2988 et
346 2929 437 2988 timor
465 2927 538 3007 Dei,
572 2933 604 2986 ut
632 2926 779 3006 deinceps
815 2945 915 3006 neque
948 2929 1058 3006 petatis
1170 2938 1173 2943 ·

139 3031 240 3090 neque
261 3011 453 3091 suscipiatis,
477 3011 595 3071 etiamsi
617 3009 697 3070 ultro
721 3011 858 3085 offerret,
892 3010 1017 3071 ordines
1040 3028 1059 3069 a

137 3095 215 3156 Filio
239 3095 297 3155 istc
326 3093 523 3174 perditionis,
558 3092 653 3153 multo
688 3095 787 3154 miuus
810 3092 998 3172 suscipiatis,
1031 3092 1059 3151 si

138 3181 205 3258 quis
227 3177 265 3239 ab
287 3177 341 3238 illo
366 3177 522 3239 ordinatus
544 3177 662 3237 venerit
684 3195 861 3257 nomenque
889 3183 920 3236 et
937 3174 1059 3234 charac-

138 3271 232 3321 terem
256 3260 344 3321 buius
368 3259 485 3321 bestiae
515 3260 658 3321 attulerit.
701 3258 782 3322 Nam
817 3260 874 3318 nisi
910 3259 970 3319 boc
1001 3257 1061 3336 pri·

138 3365 220 3404 mum
242 3346 436 3424 impetratum
466 3344 570 3419 fuerit,
606 3342 716 3403 frustra
752 3343 914 3418 sudamus,
949 3340 1060 3401 frustra

138 3427 299 3488 consilium
321 3428 494 3504 quaerimus
517 3426 606 3486 rebus
629 3427 738 3486 vestris
756 3425 907 3487 iuvandis.
938 3422 1059 3484 Deinde

138 3516 170 3571 et
191 3510 310 3570 famosa
331 3515 433 3569 vestra
455 3508 617 3585 dissensio,
639 3510 701 3570 imo
723 3506 800 3572 felix
822 3509 970 3569 discessio
984 3505 1014 3579 ¹)
1039 3526 1059 3566 a
1150 3558 1161 3577 ,

137 3612 234 3673 regno
257 3591 391 3653 Satanae
413 3594 532 3673 species
555 3599 671 3653 tautum
694 3599 725 3653 et
745 3594 832 3654 fucus
851 3593 916 3656 erit.
960 3587 1059 3666 Quale

211 3779 242 3845 1)
263 3776 294 3833 In
312 3774 355 3831 ed.
376 3775 462 3853 origa
483 3773 578 3832 infelix
596 3774 761 3851 discessio..
