2392 4170
403 220 483 285 Doet
501 226 580 284 dart.
598 222 679 285 Lutlr.
962 221 1025 295 241

105 389 253 450 castitatis
290 407 346 450 ceu
379 389 488 450 alienis
519 390 631 469 plumis
661 391 787 452 vestitur
808 390 848 452 ab
869 391 945 471 istis,
968 393 1020 472 qai

98 472 143 534 ¹ad
165 472 301 553 pericula
322 472 427 532 salutis
447 473 563 532 animas
586 474 718 553 prompti
740 472 1024 539 suntinflanrmarc.

105 558 153 617 An
175 575 238 616 non
260 561 291 616 et
313 554 483 617 obedientis
499 558 620 617 animae
643 575 703 616 non
727 563 775 618 est
796 558 889 638 digna
909 556 1024 639 ponde-

103 638 203 700 ratio?
224 638 317 720 plane
350 636 420 701 ideo
443 657 503 700 non
540 645 589 700 est
609 638 699 719 digna
724 639 905 720 ponderatio
929 640 1024 701 conti-

104 723 203 783 nentis
226 723 356 802 animae,
385 722 415 781 id
445 730 507 801 est,
536 722 667 804 pudicae
696 725 817 802 uxoris,
840 743 900 784 non
924 723 1023 784 solum

104 806 176 885 quia
186 813 353 886 praecepta
375 813 421 866 est
442 824 460 864 a
481 804 562 883 Deo,
587 807 808 884 verumetiam,
832 805 899 886 ut¹)
923 809 970 866 vul
1014 843 1024 853 -

104 898 166 949 tum
194 887 388 969 proverbium
425 887 518 949 babet
570 888 653 967 quod
686 909 783 951 uxore
811 888 923 970 pudica
949 890 978 949 n'
1002 889 1024 950 il

104 980 151 1033 est
172 972 202 1032 in
225 972 398 1032 hominibus
419 935 623 1053 expetibilius.

189 1090 230 1150 At
265 1088 310 1149 illi
337 1087 443 1150 fideles
465 1088 639 1170 scripturae
666 1091 857 1172 interpretes,
881 1091 962 1170 qnod
986 1089 1024 1151 de

103 1173 293 1234 continentia
319 1179 485 1253 praecepta
518 1172 641 1251 dicitur,
676 1172 713 1233 de
746 1175 935 1236 continentia
961 1193 1022 1236 non

104 1262 270 1336 praecepta
290 1255 472 1335 intelligunt,
504 1255 616 1318 deinde
642 1257 895 1337 ponderationem
920 1258 1023 1318 huma·

105 1359 175 1400 nam
212 1339 328 1400 iaciunt
348 1339 594 1400 aestimationem
623 1338 768 1402 divinam.
812 1340 890 1401 Hinc
920 1341 1025 1401 omnia

103 1423 387 1504 dispensantetiam
400 1421 607 1484 obedientiam
619 1420 687 1501 Dei,
710 1424 929 1485 continentiam
949 1441 1023 1485 vero

103 1505 268 1585 aliquando
291 1512 323 1567 et
339 1504 535 1586 prohibitam,
556 1506 673 1568 scilicet
694 1505 840 1567 adversus
862 1514 1023 1587 parentum

104 1590 298 1650 autoritatem
320 1597 507 1670 susceptam,
540 1608 602 1652 non
631 1588 820 1671 dispensant.
863 1590 889 1652 Ο
912 1589 1023 1669 dignior

104 1681 135 1733 et
157 1692 228 1733 vere
249 1673 418 1753 papistioos
440 1670 637 1733 doctorculos
660 1678 690 1732 et
713 1673 913 1754 magistellos.
958 1673 1022 1733 Vir-

105 1757 215 1835 ginitas
237 1762 268 1816 et
288 1757 413 1817 castitas
436 1753 609 1819 laudandae
630 1761 710 1836 sunt,
732 1755 786 1817 sed
809 1757 862 1836 sio,
886 1766 918 1816 ut
941 1775 1024 1837 mag·

104 1839 239 1899 citudine
261 1858 365 1900 earum
388 1839 486 1919 magis
509 1837 743 1920 absterreantur,
774 1857 864 1919 quam
889 1840 1024 1901 allician-

105 1932 152 1982 tur
167 1923 315 1988 homines.
338 1922 424 1985 Sicut
443 1921 591 2000 Christus,
612 1941 681 1983 cum
704 1921 844 2004 discipuli
868 1924 1026 1984 continen-

104 2006 175 2066 tiam
210 2005 370 2068 laudarent
391 2003 596 2090 dicentes*),:
638 2002 710 2069 Non
739 2006 864 2088 expedit
898 2006 1024 2084 nubere,

104 2091 128 2149 si
151 2090 196 2149 sic
217 2090 334 2150 homini
358 2107 427 2150 cum
458 2108 555 2152 uxore
578 2096 634 2168 est,
661 2108 735 2152 mox
762 2091 889 2152 retraxit
918 2109 972 2150 eos
995 2095 1026 2151 et

104 2171 194 2233 dixit:
216 2170 287 2235 Non
310 2173 435 2253 capiunt
456 2173 698 2236 omnesverbum
721 2173 791 2236 hoo.
835 2172 1025 2255 Capiendum

103 2255 239 2334 verbum,
261 2255 316 2316 sed
339 2256 444 2337 paucis
468 2256 567 2318 voluit
589 2254 729 2338 intelligi.

186 2371 247 2435 Sed
270 2372 308 2433 ad
332 2379 361 2433 te
383 2380 533 2450 revertar,
555 2393 668 2454 parens
691 2374 741 2454 mi,
763 2374 916 2437 etiterum
939 2374 1028 2437 dieo:

101 2453 248 2537 Nunquid
276 2475 325 2517 me
354 2456 497 2518 extrahes
524 2455 649 2518 adhuc?
692 2456 734 2518 At
761 2476 801 2518 ne
819 2465 850 2519 tu
872 2459 1014 2540 glorieris

102 2542 260 2622 praevenit
287 2547 317 2600 te
339 2539 499 2620 Dominus,
530 2545 561 2600 et
593 2541 660 2620 ipse
684 2559 733 2600 me
754 2543 899 2603 extraxit.
944 2504 1025 2617 Quid

103 2627 184 2684 enim
207 2626 232 2684 si
254 2631 371 2685 vestem
391 2629 423 2684 et
444 2641 580 2684 rasuram
603 2621 653 2685 vel
674 2628 792 2703 gestem
815 2623 866 2684 vel
887 2621 1026 2704 ponam?

102 2705 247 2787 Nunquid
271 2707 406 2768 cucullus
430 2713 461 2766 et
480 2724 587 2767 rasura
599 2705 716 2768 iaciunt·
729 2706 933 2768 monachum?
955 2705 1027 2771 Om-

103 2793 154 2853 nia
174 2800 286 2873 vestra,
308 2792 350 2852 ait
362 2789 474 2851 Paulus
487 2787 557 2870 ss),
578 2807 635 2852 vos
654 2796 755 2851 autem
770 2787 891 2872 Christi,
914 2796 945 2851 et
967 2808 1031 2872 ego.

102 2875 213 2936 cuculli
236 2895 300 2955 ero,
321 2893 359 2935 ao
380 2892 443 2936 non
457 2873 559 2955 potine
572 2872 708 2935 cucullus
731 2872 837 2934 meus?
861 2872 1027 2936 Conscien-

102 2960 145 3021 tia
166 2957 295 3020 liberats
316 2963 373 3037 est,
390 2957 421 3019 id
443 2955 524 3038 qnod
542 2951 803 3019 abundantissime
825 2964 873 3019 est
894 2957 1025 3021 liberari.

102 3042 209 3121 ltaque
229 3045 289 3103 iam
318 3061 384 3104 sum
408 3039 577 3103 monachus
600 3047 631 3102 et
652 3059 715 3103 non
737 3040 917 3123 monachus,
944 3058 1026 3102 nova

102 3122 259 3205 Oreatura,
287 3144 349 3187 non
372 3124 484 3207 Papae,
521 3123 575 3186 sed
599 3123 720 3187 Christi.
764 3122 856 3186 (ineat
887 3125 969 3185 enim
996 3130 1028 3185 et

103 3209 202 3291 Papa,
231 3208 285 3271 sed
308 3229 428 3291 puppas
457 3219 489 3269 et
509 3226 640 3290 pappos,
669 3207 730 3270 boc
752 3215 807 3289 ast,
832 3208 889 3269 sibi
911 3206 1027 3269 similes

103 3293 204 3354 larvas
228 3300 258 3353 et
278 3292 373 3374 idola,
396 3311 525 3373 quorum
549 3298 580 3353 et
601 3309 661 3371 ego
683 3290 850 3371 aliquando
872 3310 950 3352 unus
973 3290 1026 3368 tui,

102 3377 246 3438 seductus
279 3377 370 3436 variis
398 3376 561 3439 verborum
595 3374 884 3455 consuetudinibus,
918 3374 1028 3455 quibus

103 3468 134 3522 et
155 3459 284 3541 Sapiens
306 3459 508 3541 periclitatum
532 3478 602 3522 sese
623 3457 698 3521 dicit
718 3456 758 3520 ad
780 3464 909 3520 mortem
932 3475 1028 3538 usque

103 3551 135 3605 et
155 3543 316 3606 liberatum
337 3544 436 3624 gratia
457 3543 524 3611 Dei.

141 3760 166 3830 l)
180 3761 210 3816 lu
220 3716 607 3833 adpriorezntetvnlgatom.
628 3759 660 3834 ⁴¹)
672 3760 813 3820 Matuta.
835 3757 885 3830 ⁴¹⁴¹)
899 3757 1029 3819 1.Cor.3.

37 3840 40 3844 λ
129 3861 220 3906 aubert
233 3873 285 3917 opp.
299 3864 325 3908 V.
339 3865 366 3906 Δ.
381 3863 411 3907 sd
424 3864 465 3909 ret.
477 3863 528 3908 hist.
541 3866 557 3907 t
571 3857 596 3918 ρ’.
610 3864 661 3908 Vct.
675 3864 714 3908 Vl.
821 3835 860 3903 16
