2392 4170
129 266 192 334 116
405 269 443 324 Da
460 264 539 339 capt.
561 267 658 338 Babyl.
677 266 818 323 Ecclesiae

131 443 169 486 ac
190 423 327 484 subiecta
349 429 397 484 ast
416 423 569 505 tyrannidi
592 429 622 484 et
644 423 793 504 quaestui,
814 424 921 484 relicta
942 421 1057 485 scilicet

131 508 191 572 hac
217 526 279 567 una
311 507 520 568 misericordia
546 507 717 586 morituris,
751 514 783 567 ut
813 506 909 568 libere
938 505 1058 588 possint

130 592 247 672 inungi,
269 590 360 650 stiam
384 609 446 651 non
469 591 603 651 confessi
624 610 683 651 nec
701 591 928 652 communicati.
971 587 1068 667 Quas,

131 677 156 735 si
178 675 397 756 permansisset
418 674 607 754 quotidiana,
628 676 807 754 praesertim
832 676 857 735 si
879 672 1057 737 etinflrmm

132 764 283 837 sanasset,
305 758 398 818 etiam
422 758 448 817 si
469 767 599 838 peccata
619 776 682 818 non
705 758 841 838 tulisset,
869 776 948 838 quos
969 762 1057 839 putu

133 841 223 903 orbes
246 848 393 901 terrarum
423 860 484 902 non
513 841 662 903 habereut
681 841 774 902 hodie
796 841 977 923 pontifices,
1008 839 1057 923 qui

133 926 222 986 unius
234 925 442 1005 poenitentias
455 934 647 986 sacramento
671 932 701 985 et
722 925 869 1004 clavibus,
892 943 930 987 aa
946 923 1058 993 ordinis

132 1016 337 1088 sacramento,
359 1011 434 1069 tanti
447 1017 610 1069 evaserunt
625 1010 825 1089 imperatores
837 1015 868 1070 et
880 1004 1057 1091 principes!
1075 1046 1080 1053 ·

134 1094 176 1153 At
197 1092 279 1152 unrlc
300 1092 428 1152 feliciter
450 1092 556 1172 habet,
581 1093 674 1172 quod,
696 1094 774 1153 siout
796 1096 968 1155 orationem
991 1090 1058 1154 uda

134 1182 344 1254 contemnunt,
366 1176 408 1237 ita
424 1176 539 1237 nullum
562 1175 713 1236 infirmum
729 1184 849 1256 sanant,
872 1185 902 1238 et
926 1183 1057 1239 avam

134 1260 192 1319 ritu
215 1277 330 1319 novum
352 1257 409 1319 sibi
431 1259 586 1320 finxerunt
608 1267 844 1327 sacramentum.
1048 1260 1052 1265 ’

216 1341 302 1404 Haec
334 1342 373 1402 de
401 1350 531 1422 quatuor
558 1344 623 1404 istis
654 1345 853 1406 sacramentis
884 1359 968 1404 nunc
989 1342 1058 1405 ssd·

134 1424 260 1506 fuerint,
293 1443 373 1505 quae
401 1428 466 1487 scio
502 1445 592 1507 quam
621 1428 681 1486 sint
714 1427 902 1508 displicitura
922 1427 978 1505 iis,
1010 1424 1058 1507 qul

135 1529 293 1583 nummum
321 1516 352 1569 et
374 1529 460 1569 usum
491 1521 750 1571 sacramentorum
775 1531 834 1572 non
859 1532 875 1570 e
898 1508 1057 1591 Scripturlu
1095 1582 1102 1589 ι

135 1595 246 1671 sacris,
280 1592 333 1652 sed
357 1612 374 1652 e
396 1593 538 1655 Romana
570 1595 644 1654 sede
672 1603 782 1674 putant
810 1594 962 1674 petendos
986 1610 1058 1671 asos,

136 1677 224 1756 quasi
246 1675 387 1736 Romana
409 1677 499 1737 sedes
522 1687 715 1738 sacramenta
728 1679 787 1737 ista
806 1677 932 1756 dederit,
953 1688 1059 1739 acuod

137 1761 239 1841 potius
263 1760 418 1840 acceperit
449 1761 602 1821 escholis
625 1762 871 1839 universitatum,
905 1759 1017 1840 quibus
1032 1762 1061 1821 el

137 1845 250 1923 omnia,
272 1861 351 1923 quae
369 1842 472 1922 habet,
493 1845 559 1903 sine
581 1845 791 1904 controversia
814 1845 915 1907 debet.
958 1842 1061 1925 Neque

140 1928 220 1988 enim
248 1930 344 1986 staret
376 1928 512 2006 tyrannis
541 1928 693 2008 papistica
722 1934 825 2006 tanta,
858 1928 915 1988 nisi
947 1928 1060 1989 sanun

137 2011 309 2089 accepisset
338 2008 376 2069 ab
406 2010 668 2088 universitatibus,
699 2030 768 2071 cum
796 2013 848 2070 vix
876 2010 1062 2072 fueritiut'ai

137 2093 273 2154 celebres
297 2094 494 2173 episcopatus
517 2094 595 2156 alius
619 2095 787 2175 quispiam,
817 2095 867 2173 qui
890 2096 993 2155 miuus
1013 2092 1062 2155 hc·

139 2177 238 2237 buerit
260 2176 445 2237 eruditorum
474 2178 664 2258 pontificum.
710 2178 762 2256 Vi,
793 2176 866 2238 dolo
896 2197 934 2239 ao
963 2176 1065 2259 supar'

138 2261 262 2320 stitione
285 2266 401 2320 tantum
416 2263 525 2321 ceteris
548 2261 887 2341 hacteuuspraevaluit,
911 2262 963 2341 qui
986 2260 1062 2321 enisu

139 2353 210 2404 ante
233 2341 314 2402 mille
342 2361 440 2403 anuos
462 2345 492 2403 in
516 2363 553 2405 ea
575 2345 648 2405 sede
671 2345 829 2420 sederunt,
858 2351 945 2405 tanto
976 2345 1063 2405 inter·

138 2425 219 2486 vallo
243 2425 281 2487 ab
304 2427 356 2506 iis,
379 2428 430 2505 qui
448 2428 566 2488 interim
603 2435 778 2504 creverunt,
801 2427 929 2506 distant,
954 2435 986 2489 ut
1013 2430 1064 2489 adt

137 2509 207 2570 illos
232 2518 283 2569 aut
304 2510 360 2570 hos
384 2512 505 2589 cogaris
529 2531 642 2591 negare
664 2511 821 2571 Romanos
843 2509 1018 2592 pontifices.

222 2591 298 2654 Sunt
320 2602 480 2674 praetcrea
502 2595 649 2655 nonnulla
671 2594 740 2671 alia,
764 2612 843 2674 quae
864 2596 943 2654 inter
965 2612 1063 2656 sacra·

139 2681 242 2737 menta
263 2677 425 2738 videantur
447 2680 563 2738 censeri
583 2697 692 2758 posse,
722 2697 848 2758 nempe,
878 2679 983 2739 omnia
1002 2676 1065 2753 illa,

139 2760 247 2840 quibus
281 2760 362 2821 lacta
402 2767 448 2822 est
485 2763 649 2842 promissio
690 2761 807 2840 divina,
848 2761 950 2841 qualia
995 2762 1066 2823 suut

139 2846 248 2921 oratio,
271 2842 408 2923 verbum,
431 2864 517 2907 crux.
560 2845 638 2905 Nam
656 2843 792 2906 Christus
815 2844 973 2905 orantibus
995 2844 1064 2927 pro'·

140 2928 221 2987 misit
232 2927 460 2988 exauditionem
472 2929 502 2987 in
514 2929 616 2988 multis
631 2929 717 3006 locis,
741 2928 919 3008 praesertim
932 2927 1004 2992 Luc.
1018 2930 1065 3004 11,

140 3008 191 3070 ubi
213 3010 368 3092 parabolis
401 3012 501 3071 multis
530 3011 568 3071 ad
598 3011 746 3072 orandum
777 3029 834 3072 nos
862 3012 982 3076 invitat.
1027 3008 1065 3073 Et

140 3092 178 3153 de
199 3093 309 3154 verbo:
332 3094 418 3155 Beati
442 3097 492 3175 qui
515 3095 640 3156 audiunt
663 3095 788 3156 verbum
812 3095 885 3173 Dei,
913 3103 944 3155 et
966 3101 1065 3156 custo*

139 3175 227 3237 diunt
247 3176 331 3242 illud.
375 3176 450 3252 Quis
462 3186 563 3239 autem
586 3186 777 3260 percenseat,
801 3178 920 3257 quoties
943 3176 1065 3241 tribula·

140 3261 194 3339 tis,
217 3260 417 3340 petientibus,
449 3263 612 3324 humiliatis
642 3263 799 3343 promittat
827 3261 1014 3323 adiutorium
1035 3266 1065 3323 at

138 3342 291 3424 gloriam?
318 3345 380 3407 imo
410 3348 476 3425 quis
499 3356 656 3407 enumeret
678 3364 785 3407 omnes
809 3344 864 3405 Dei
887 3344 1064 3427 promissio·

139 3425 215 3487 nes?
238 3446 306 3488 oum
328 3435 395 3489 tota
417 3428 574 3510 Scriptrua
594 3430 655 3490 hoc
677 3437 758 3509 ngat,
780 3439 813 3488 ut
834 3445 891 3490 nos
915 3428 955 3489 ad
971 3426 1062 3490 fldem

139 3518 299 3593 provocet,
321 3513 393 3573 hinc
414 3515 568 3595 preceptis
593 3518 624 3574 et
645 3513 734 3574 minis
757 3529 879 3591 urgens,
899 3512 984 3573 illinc
997 3528 1065 3595 pro·

139 3597 335 3659 missionibus
363 3606 394 3657 et
424 3596 687 3658 consolationibus
715 3597 856 3657 invitans.
906 3593 1062 3677 Siquidem

140 3683 245 3743 omnia
272 3699 351 3761 quae
375 3682 488 3762 scripta
515 3688 603 3760 sunt,
635 3686 688 3742 aut
719 3686 885 3761 praecepta
912 3687 965 3741 aut
996 3695 1062 3763 pro

140 3764 342 3844 misserunt,
373 3771 540 3846 praecepta
569 3763 731 3825 humiliant
757 3761 908 3844 superbos
930 3762 1063 3825 exactio
