2392 4170
385 245 423 306 D.
441 248 476 305 Ι
493 197 575 309 latu
594 251 779 338 Posnludium.
989 256 1055 325 103

146 405 190 551 ai!
202 404 317 570 instigent
337 423 463 482 onnes,
491 411 524 467 et
544 426 564 469 a
585 406 707 471 nemine
728 409 892 488 iudioatus,
916 419 949 474 ut
969 413 1054 495 Apo·

192 508 250 549 ns·
288 489 347 551 sit.

208 571 323 637 Varum
344 571 425 633 liaeo
445 571 532 634 alias.
564 573 610 635 sit
625 575 728 654 itaque
742 583 868 652 eertum,
891 578 1053 643 eoslesiam

144 674 307 736 sospesne
328 656 508 737 promittere
529 658 676 738 gratiam,
699 659 782 738 qnod
803 661 899 722 solius
923 662 980 724 Dei
998 669 1055 741 est,

143 746 234 819 qnare,
256 759 317 811 neo
338 740 497 801 instituere
520 748 756 806 sacramentum.
800 743 892 819 Quod
915 746 939 805 si
963 764 1054 824 quam

143 823 258 885 nanim
280 829 398 904 posset,
420 841 483 907 non
505 828 608 885 temen
632 824 733 887 stetim
755 834 950 906 sequeretur,
973 829 1055 891 ordie

142 925 197 969 non
222 925 292 968 esse
323 912 561 968 sacramentum.
606 906 680 984 Quis
703 910 781 968 enim
806 912 878 985 soit,
907 929 989 991 qnae
1016 913 1056 975 sit

142 988 255 1051 mlesia
276 990 396 1052 habens
418 990 567 1070 spiritum,
591 1010 659 1051 oum
681 994 712 1052 in
735 993 905 1054 statuendis
927 994 973 1055 his
996 995 1054 1057 soli

142 1074 267 1153 aponi
287 1074 444 1154 episeopi,
472 1081 525 1135 aut
547 1073 628 1135 dooti
657 1074 767 1136 adesse
798 1076 939 1138 soleant?
972 1096 1052 1157 quos

142 1155 273 1235 medoilo
295 1163 427 1218 estnon
450 1176 520 1219 esse
542 1156 581 1218 de
604 1156 738 1219 eeclesia
760 1166 791 1220 et
814 1177 922 1221 omnes
944 1179 1055 1238 errans,

141 1238 206 1301 sient
223 1241 348 1321 saepius
378 1247 555 1305 erraverunt
585 1241 732 1319 oonoilia,
765 1245 945 1321 praesertim
973 1242 1053 1304 Oen·

84 1364 86 1377 ·
140 1323 301 1402 stantianse,
323 1323 407 1401 qnod
421 1325 557 1385 omnium
571 1325 752 1404 impiissime
774 1325 895 1387 erravit.
924 1324 959 1386 ld
971 1327 1053 1387 enim

139 1404 223 1467 solnm
252 1412 301 1467 est
328 1405 459 1467 fideliter
490 1406 671 1487 probatum,
704 1406 787 1487 quod
816 1406 854 1468 ab
888 1407 1053 1469 universali

139 1488 268 1567 eoelssia,
296 1509 358 1551 non
382 1495 500 1551 tentum
522 1490 679 1565 Romans,
707 1490 905 1571 approbatur..
950 1489 1053 1567 Quare

139 1572 279 1651 mitto,
313 1571 452 1634 ordinem
481 1592 551 1634 esse
578 1573 733 1653 quendam
753 1575 845 1634 ritum
867 1573 1051 1635 eoelesiasti·

138 1672 211 1735 snm,
239 1656 347 1735 quales
379 1656 464 1716 multi
498 1657 549 1718 alii
582 1676 706 1737 quoqne
737 1676 793 1736 per
822 1656 1052 1718 ecclesiasticos

139 1734 228 1799 Panes
249 1746 320 1800 sunt
341 1738 530 1818 introdusit,
544 1748 575 1800 nt
597 1741 790 1801 oonseoretio
813 1757 976 1816 vasorum,
999 1740 1052 1801 do·

139 1838 251 1899 norun,
274 1825 413 1895 vestium,
435 1842 545 1903 aquae,
560 1823 642 1900 salis,
655 1822 865 1899 candelarum,
876 1822 1050 1902 herbarum,

139 1902 202 1984 sini,
228 1914 259 1967 et
285 1906 444 1981 similium,
479 1907 509 1967 in
534 1905 642 1985 quibus
667 1904 809 1967 omnibus
839 1924 931 1971 nemo
964 1906 1050 1985 ponit

139 1995 346 2061 tenementum
366 2008 446 2069 sese,
468 2008 525 2051 neo
546 1988 608 2050 ulls
626 1989 718 2051 ineis
741 1995 789 2050 est
810 1989 986 2068 promissio,
1008 1988 1051 2049 ita

141 2088 237 2153 ugare
258 2092 368 2133 manus
390 2073 456 2151 viri,
478 2073 547 2132 radi
566 2075 728 2148 vertioem,
759 2079 790 2132 et
817 2070 849 2131 id
869 2091 967 2150 genus
990 2070 1051 2132 slia

139 2148 198 2231 kl,
218 2174 284 2218 non
306 2162 355 2216 est
375 2162 598 2219 saorsmentum
622 2154 703 2233 dari,
726 2173 795 2215 oum
817 2155 891 2215 nihil
914 2155 958 2215 eis
980 2172 1050 2234 pro-

140 2236 267 2317 druna
290 2237 345 2299 sed
368 2245 485 2299 tantum
508 2238 546 2299 ad
570 2237 673 2299 officia
695 2238 861 2317 quaedam,
890 2256 947 2299 eeu
974 2256 1050 2298 vass

138 2321 385 2400 tlinstmmenta,
406 2328 561 2403 parentur.

203 2404 367 2466 sudines:
404 2403 484 2483 Quid
506 2405 545 2466 sd
567 2404 751 2484 Dionysium
775 2403 878 2484 diues,
910 2403 963 2482 qui
993 2421 1050 2464 sex

140 2494 285 2551 marat
306 2495 515 2567 santamente,
543 2489 622 2548 inter
648 2505 728 2565 qnae
750 2492 781 2546 et
803 2487 941 2549 ordinem
964 2487 1052 2566 ponit

136 2566 389 2635 houslesiastioa
410 2570 602 2632 hierarchia?
635 2568 840 2650 Respondeo:
871 2568 942 2631 Soio
970 2569 1054 2630 huno

134 2652 221 2717 tolum
250 2661 393 2733 autorem
421 2653 527 2715 haberi
560 2673 601 2715 ex
629 2653 761 2731 antiquis
791 2671 847 2732 pro
877 2653 1052 2731 septenario

132 2743 404 2812 mentorum,
433 2737 505 2798 dest
531 2737 727 2798 matrimonio
757 2737 872 2803 omisso
900 2735 1053 2795 senarium

131 2826 241 2883 bonnm
264 2819 394 2883 dederit.
436 2819 518 2881 Nihil
539 2820 620 2880 enim
647 2837 772 2899 prorsus
800 2819 831 2879 in
852 2817 977 2896 reliquis
998 2816 1060 2875 Pa·'

130 2903 219 2965 ln'bns
240 2903 282 2964 de
304 2903 371 2975 istis
396 2903 597 2971 sacramentis
619 2901 768 2982 legimus,
791 2920 849 2961 neo
871 2899 1053 2961 sacramenti

130 2989 249 3049 namins
273 2994 470 3065 oensuerunt,
491 2987 612 3065 quoties
624 2984 664 3045 de
684 2985 720 3045 iis
737 2983 829 3045 rebus
839 2983 956 3062 loquuti
974 2988 1055 3057 sunt,

129 3087 232 3132 tuns
266 3070 349 3129 enim
378 3077 425 3129 est
455 3070 594 3130 inventio
629 3073 902 3129 sacramentorum.
952 3065 1055 3143 Atque

130 3152 196 3215 ulii
224 3156 276 3226 (ut
296 3152 396 3230 magis
419 3152 598 3213 temerarius
620 3152 696 3222 sim)
727 3151 757 3210 in
784 3156 882 3210 totum
913 3148 1054 3226 displioet

130 3240 243 3297 astum
258 3233 359 3311 tribui,
381 3236 518 3315 quisquis
528 3234 626 3311 fuerit,
640 3234 791 3313 Dionysio
804 3232 856 3309 illi,
879 3251 948 3292 oum
960 3230 1055 3291 ferme

131 3317 199 3393 nihil
220 3319 251 3378 in
275 3336 314 3378 eo
336 3318 375 3376 sit
388 3317 506 3380 solidae
528 3316 717 3378 eruditionis.
759 3315 838 3376 Nam
860 3334 908 3392 es,
931 3313 1054 3394 quaein

131 3400 256 3483 molesti
279 3400 450 3473 hierarchia
471 3401 511 3462 de
532 3401 651 3480 angelis
673 3398 921 3475 oomminisoitur,
943 3397 1055 3476 inquo

131 3481 204 3546 itm
232 3484 281 3545 sio
306 3482 456 3545 sudarunt
482 3485 606 3545 onriosa
635 3488 666 3544 et
687 3481 899 3563 superstitiosa
923 3480 1056 3562 ingenia,

137 3652 339 3662 -—-...--

184 3751 217 3820 ·)
238 3751 264 3807 1.
284 3747 454 3807 Corintm
