<?xml version="1.0" encoding="UTF-8"?>
<!DOCTYPE html PUBLIC "-//W3C//DTD XHTML 1.0 Transitional//EN"
    "http://www.w3.org/TR/xhtml1/DTD/xhtml1-transitional.dtd">
<html xmlns="http://www.w3.org/1999/xhtml" xml:lang="en" lang="en">
 <head>
  <title>
</title>
<meta http-equiv="Content-Type" content="text/html;charset=utf-8" />
  <meta name='ocr-system' content='tesseract 3.04.00' />
  <meta name='ocr-capabilities' content='ocr_page ocr_carea ocr_par ocr_line ocrx_word'/>
</head>
<body>
  <div class='ocr_page' id='page_1' title='image "./dmartinilutheri03luthgoog_0128.png"; bbox 0 0 2392 4170; ppageno 0'>
   <div class='ocr_carea' id='block_1_1' title="bbox 387 244 1059 317">
    <p class='ocr_par' dir='ltr' id='par_1_1' title="bbox 387 244 1059 317">
     <span class='ocr_line' id='line_1_1' title="bbox 387 244 1059 317; baseline 0.028 -18"><span class='ocrx_word' id='word_1_1' title='bbox 387 244 420 299; x_wconf 85' lang='lat'>1).</span> <span class='ocrx_word' id='word_1_2' title='bbox 442 245 479 302; x_wconf 77' lang='lat' dir='ltr'>lt.</span> <span class='ocrx_word' id='word_1_3' title='bbox 497 245 578 304; x_wconf 77' lang='lat' dir='ltr'>Luta.</span> <span class='ocrx_word' id='word_1_4' title='bbox 596 247 783 308; x_wconf 81' lang='lat' dir='ltr'>Praeludiurn.</span> <span class='ocrx_word' id='word_1_5' title='bbox 996 249 1059 317; x_wconf 84' lang='lat'>117</span> 
     </span>
    </p>
   </div>
   <div class='ocr_carea' id='block_1_2' title="bbox 81 399 1121 3569">
    <p class='ocr_par' dir='ltr' id='par_1_2' title="bbox 139 399 1059 550">
     <span class='ocr_line' id='line_1_2' title="bbox 139 399 1059 547; baseline 0.01 -86"><span class='ocrx_word' id='word_1_6' title='bbox 139 399 217 547; x_wconf 53' lang='lat' dir='ltr'>flimbus</span> <span class='ocrx_word' id='word_1_7' title='bbox 238 400 318 500; x_wconf 75' lang='lat' dir='ltr'>suis,</span> <span class='ocrx_word' id='word_1_8' title='bbox 342 401 497 490; x_wconf 83' lang='lat' dir='ltr'>promisse</span> <span class='ocrx_word' id='word_1_9' title='bbox 518 401 659 465; x_wconf 86' lang='lat' dir='ltr'>exaltent</span> <span class='ocrx_word' id='word_1_10' title='bbox 680 404 853 468; x_wconf 89' lang='lat' dir='ltr'>humiliatos</span> <span class='ocrx_word' id='word_1_11' title='bbox 876 407 1059 471; x_wconf 88' lang='lat' dir='ltr'>remissioni·</span> 
     </span>
     <span class='ocr_line' id='line_1_3' title="bbox 206 504 278 550; baseline 0.056 -4"><span class='ocrx_word' id='word_1_12' title='bbox 206 504 278 550; x_wconf 84' lang='lat' dir='ltr'>sura.</span> 
     </span>
    </p>

    <p class='ocr_par' dir='ltr' id='par_1_3' title="bbox 84 569 1058 2141">
     <span class='ocr_line' id='line_1_4' title="bbox 210 569 1057 655; baseline 0.008 -24"><span class='ocrx_word' id='word_1_13' title='bbox 210 569 336 650; x_wconf 80' lang='lat' dir='ltr'>Proprie</span> <span class='ocrx_word' id='word_1_14' title='bbox 358 573 462 631; x_wconf 88' lang='lat' dir='ltr'>tamen</span> <span class='ocrx_word' id='word_1_15' title='bbox 485 587 523 630; x_wconf 88' lang='lat' dir='ltr'>ea</span> <span class='ocrx_word' id='word_1_16' title='bbox 546 577 740 633; x_wconf 76' lang='lat' dir='ltr'>sacramenta</span> <span class='ocrx_word' id='word_1_17' title='bbox 755 573 858 634; x_wconf 82' lang='lat' dir='ltr'>vesani</span> <span class='ocrx_word' id='word_1_18' title='bbox 881 574 1057 655; x_wconf 81' lang='lat' dir='ltr'>visumest,</span> 
     </span>
     <span class='ocr_line' id='line_1_5' title="bbox 141 652 1058 738; baseline 0.008 -23"><span class='ocrx_word' id='word_1_19' title='bbox 141 672 210 734; x_wconf 80' lang='lat' dir='ltr'>qnae</span> <span class='ocrx_word' id='word_1_20' title='bbox 228 653 360 715; x_wconf 88' lang='lat' dir='ltr'>annexis</span> <span class='ocrx_word' id='word_1_21' title='bbox 383 652 480 733; x_wconf 84' lang='lat' dir='ltr'>signis</span> <span class='ocrx_word' id='word_1_22' title='bbox 516 653 669 733; x_wconf 87' lang='lat' dir='ltr'>promissa</span> <span class='ocrx_word' id='word_1_23' title='bbox 701 663 781 719; x_wconf 90' lang='lat' dir='ltr'>sunt.</span> <span class='ocrx_word' id='word_1_24' title='bbox 830 657 957 738; x_wconf 80' lang='lat' dir='ltr'>Cetera,</span> <span class='ocrx_word' id='word_1_25' title='bbox 1006 659 1058 722; x_wconf 89' lang='lat' dir='ltr'>uia</span> 
     </span>
     <span class='ocr_line' id='line_1_6' title="bbox 140 678 1055 820; baseline 0.009 -23"><span class='ocrx_word' id='word_1_26' title='bbox 140 737 223 817; x_wconf 78' lang='lat' dir='ltr'>signia</span> <span class='ocrx_word' id='word_1_27' title='bbox 243 735 370 818; x_wconf 80' lang='lat' dir='ltr'>alligate</span> <span class='ocrx_word' id='word_1_28' title='bbox 391 755 453 797; x_wconf 88' lang='lat' dir='ltr'>neu</span> <span class='ocrx_word' id='word_1_29' title='bbox 478 743 564 817; x_wconf 87' lang='lat' dir='ltr'>sunt,</span> <span class='ocrx_word' id='word_1_30' title='bbox 587 737 668 799; x_wconf 86' lang='lat' dir='ltr'>nuda</span> <span class='ocrx_word' id='word_1_31' title='bbox 690 741 842 819; x_wconf 89' lang='lat' dir='ltr'>promissa</span> <span class='ocrx_word' id='word_1_32' title='bbox 862 747 943 803; x_wconf 87' lang='lat' dir='ltr'>suut.</span> <span class='ocrx_word' id='word_1_33' title='bbox 986 678 1055 820; x_wconf 48' lang='grc' dir='ltr'>δυο</span> 
     </span>
     <span class='ocr_line' id='line_1_7' title="bbox 140 819 1056 900; baseline 0.007 -18"><span class='ocrx_word' id='word_1_34' title='bbox 140 819 227 900; x_wconf 62' lang='lat' dir='ltr'>dtut</span> <span class='ocrx_word' id='word_1_35' title='bbox 246 820 272 882; x_wconf 92' lang='lat' dir='ltr'>si</span> <span class='ocrx_word' id='word_1_36' title='bbox 295 819 393 900; x_wconf 85' lang='lat' dir='ltr'>rigide</span> <span class='ocrx_word' id='word_1_37' title='bbox 415 819 500 900; x_wconf 89' lang='lat' dir='ltr'>loqui</span> <span class='ocrx_word' id='word_1_38' title='bbox 522 819 680 898; x_wconf 82' lang='lat' dir='ltr'>volumus,</span> <span class='ocrx_word' id='word_1_39' title='bbox 709 828 827 884; x_wconf 90' lang='lat' dir='ltr'>tantum</span> <span class='ocrx_word' id='word_1_40' title='bbox 850 823 911 884; x_wconf 88' lang='lat' dir='ltr'>duo</span> <span class='ocrx_word' id='word_1_41' title='bbox 933 833 1004 888; x_wconf 90' lang='lat' dir='ltr'>sunt</span> <span class='ocrx_word' id='word_1_42' title='bbox 1025 826 1056 888; x_wconf 90' lang='lat' dir='ltr'>in</span> 
     </span>
     <span class='ocr_line' id='line_1_8' title="bbox 142 903 1055 988; baseline 0.005 -22"><span class='ocrx_word' id='word_1_43' title='bbox 142 903 257 966; x_wconf 75' lang='lat' dir='ltr'>tmiesia</span> <span class='ocrx_word' id='word_1_44' title='bbox 278 903 337 965; x_wconf 88' lang='lat' dir='ltr'>Dei</span> <span class='ocrx_word' id='word_1_45' title='bbox 364 909 575 983; x_wconf 75' lang='lat' dir='ltr'>sacramenta,</span> <span class='ocrx_word' id='word_1_46' title='bbox 608 903 776 985; x_wconf 80' lang='lat' dir='ltr'><strong>baptismus</strong></span> <span class='ocrx_word' id='word_1_47' title='bbox 800 912 830 969; x_wconf 89' lang='lat' dir='ltr'>et</span> <span class='ocrx_word' id='word_1_48' title='bbox 852 909 955 988; x_wconf 87' lang='lat' dir='ltr'>penis,</span> <span class='ocrx_word' id='word_1_49' title='bbox 986 928 1055 971; x_wconf 89' lang='lat' dir='ltr'>enm</span> 
     </span>
     <span class='ocr_line' id='line_1_9' title="bbox 140 986 1056 1073; baseline 0.007 -24"><span class='ocrx_word' id='word_1_50' title='bbox 140 986 226 1049; x_wconf 88' lang='lat' dir='ltr'>iubis</span> <span class='ocrx_word' id='word_1_51' title='bbox 245 986 320 1050; x_wconf 90' lang='lat' dir='ltr'>solis</span> <span class='ocrx_word' id='word_1_52' title='bbox 349 994 380 1049; x_wconf 89' lang='lat' dir='ltr'>et</span> <span class='ocrx_word' id='word_1_53' title='bbox 407 988 579 1049; x_wconf 87' lang='lat' dir='ltr'>institutum</span> <span class='ocrx_word' id='word_1_54' title='bbox 608 988 751 1051; x_wconf 86' lang='lat' dir='ltr'>divinitus</span> <span class='ocrx_word' id='word_1_55' title='bbox 775 991 896 1070; x_wconf 80' lang='lat' dir='ltr'>signum</span> <span class='ocrx_word' id='word_1_56' title='bbox 928 998 959 1053; x_wconf 92' lang='lat' dir='ltr'>et</span> <span class='ocrx_word' id='word_1_57' title='bbox 987 1012 1056 1073; x_wconf 90' lang='lat' dir='ltr'>pro-</span> 
     </span>
     <span class='ocr_line' id='line_1_10' title="bbox 140 1070 1054 1152; baseline 0.005 -19"><span class='ocrx_word' id='word_1_58' title='bbox 140 1070 302 1134; x_wconf 70' lang='lat' dir='ltr'>missionem</span> <span class='ocrx_word' id='word_1_59' title='bbox 325 1071 515 1133; x_wconf 78' lang='lat' dir='ltr'>remissionis</span> <span class='ocrx_word' id='word_1_60' title='bbox 542 1078 740 1152; x_wconf 85' lang='lat' dir='ltr'>peeeetorum</span> <span class='ocrx_word' id='word_1_61' title='bbox 762 1071 932 1136; x_wconf 85' lang='lat' dir='ltr'>videamus.</span> <span class='ocrx_word' id='word_1_62' title='bbox 975 1074 1054 1138; x_wconf 88' lang='lat' dir='ltr'>Nam</span> 
     </span>
     <span class='ocr_line' id='line_1_11' title="bbox 140 1155 1054 1240; baseline 0.005 -25"><span class='ocrx_word' id='word_1_63' title='bbox 140 1155 335 1235; x_wconf 84' lang='lat' dir='ltr'>poenitentiae</span> <span class='ocrx_word' id='word_1_64' title='bbox 366 1161 609 1233; x_wconf 79' lang='lat' dir='ltr'>sacramentum,</span> <span class='ocrx_word' id='word_1_65' title='bbox 642 1155 725 1234; x_wconf 83' lang='lat' dir='ltr'>quod</span> <span class='ocrx_word' id='word_1_66' title='bbox 759 1175 818 1236; x_wconf 83' lang='lat' dir='ltr'>ego</span> <span class='ocrx_word' id='word_1_67' title='bbox 853 1157 901 1218; x_wconf 93' lang='lat' dir='ltr'>his</span> <span class='ocrx_word' id='word_1_68' title='bbox 934 1157 1054 1240; x_wconf 87' lang='lat' dir='ltr'>duobus</span> 
     </span>
     <span class='ocr_line' id='line_1_12' title="bbox 139 1237 1054 1318; baseline 0.005 -19"><span class='ocrx_word' id='word_1_69' title='bbox 139 1239 284 1318; x_wconf 77' lang='lat' dir='ltr'>sesanam,</span> <span class='ocrx_word' id='word_1_70' title='bbox 315 1238 404 1318; x_wconf 83' lang='lat' dir='ltr'>signe</span> <span class='ocrx_word' id='word_1_71' title='bbox 434 1237 544 1300; x_wconf 86' lang='lat' dir='ltr'>visibili</span> <span class='ocrx_word' id='word_1_72' title='bbox 574 1245 606 1298; x_wconf 89' lang='lat' dir='ltr'>et</span> <span class='ocrx_word' id='word_1_73' title='bbox 632 1238 776 1301; x_wconf 90' lang='lat' dir='ltr'>divinitus</span> <span class='ocrx_word' id='word_1_74' title='bbox 798 1241 937 1302; x_wconf 89' lang='lat' dir='ltr'>instituto</span> <span class='ocrx_word' id='word_1_75' title='bbox 960 1247 1054 1317; x_wconf 87' lang='lat' dir='ltr'>earet,</span> 
     </span>
     <span class='ocr_line' id='line_1_13' title="bbox 139 1320 1053 1402; baseline 0.003 -19"><span class='ocrx_word' id='word_1_76' title='bbox 139 1327 166 1383; x_wconf 86' lang='lat' dir='ltr'>et</span> <span class='ocrx_word' id='word_1_77' title='bbox 181 1320 257 1383; x_wconf 84' lang='lat' dir='ltr'>atiud</span> <span class='ocrx_word' id='word_1_78' title='bbox 280 1340 342 1383; x_wconf 89' lang='lat' dir='ltr'>uon</span> <span class='ocrx_word' id='word_1_79' title='bbox 365 1340 434 1382; x_wconf 88' lang='lat' dir='ltr'>esse</span> <span class='ocrx_word' id='word_1_80' title='bbox 456 1321 535 1399; x_wconf 87' lang='lat' dir='ltr'>dixi,</span> <span class='ocrx_word' id='word_1_81' title='bbox 565 1341 665 1402; x_wconf 87' lang='lat' dir='ltr'>quam</span> <span class='ocrx_word' id='word_1_82' title='bbox 686 1323 768 1384; x_wconf 86' lang='lat' dir='ltr'>viam</span> <span class='ocrx_word' id='word_1_83' title='bbox 797 1340 835 1385; x_wconf 87' lang='lat' dir='ltr'>ae</span> <span class='ocrx_word' id='word_1_84' title='bbox 854 1322 991 1401; x_wconf 66' lang='lat' dir='ltr'>{reditum</span> <span class='ocrx_word' id='word_1_85' title='bbox 1014 1324 1053 1386; x_wconf 91' lang='lat' dir='ltr'>ad</span> 
     </span>
     <span class='ocr_line' id='line_1_14' title="bbox 140 1402 1053 1486; baseline 0.004 -21"><span class='ocrx_word' id='word_1_86' title='bbox 140 1402 318 1484; x_wconf 80' lang='lat' dir='ltr'>baptismum.</span> <span class='ocrx_word' id='word_1_87' title='bbox 367 1402 427 1466; x_wconf 78' lang='lat' dir='ltr'>Sed</span> <span class='ocrx_word' id='word_1_88' title='bbox 462 1422 520 1466; x_wconf 89' lang='lat' dir='ltr'>nee</span> <span class='ocrx_word' id='word_1_89' title='bbox 553 1404 739 1468; x_wconf 76' lang='lat' dir='ltr'>Scholastiei</span> <span class='ocrx_word' id='word_1_90' title='bbox 774 1405 879 1468; x_wconf 83' lang='lat' dir='ltr'>disere</span> <span class='ocrx_word' id='word_1_91' title='bbox 912 1413 1053 1486; x_wconf 89' lang='lat' dir='ltr'>possunt,</span> 
     </span>
     <span class='ocr_line' id='line_1_15' title="bbox 139 1486 1051 1573; baseline 0.003 -24"><span class='ocrx_word' id='word_1_92' title='bbox 139 1506 212 1549; x_wconf 82' lang='lat' dir='ltr'>snam</span> <span class='ocrx_word' id='word_1_93' title='bbox 247 1486 455 1550; x_wconf 79' lang='lat' dir='ltr'>definitionem</span> <span class='ocrx_word' id='word_1_94' title='bbox 491 1507 585 1568; x_wconf 88' lang='lat' dir='ltr'>pesse</span> <span class='ocrx_word' id='word_1_95' title='bbox 622 1490 789 1552; x_wconf 79' lang='lat' dir='ltr'>convenire</span> <span class='ocrx_word' id='word_1_96' title='bbox 832 1489 1051 1573; x_wconf 87' lang='lat' dir='ltr'>poenitentiae,</span> 
     </span>
     <span class='ocr_line' id='line_1_16' title="bbox 85 1570 1051 1654; baseline 0.001 -21"><span class='ocrx_word' id='word_1_97' title='bbox 85 1624 89 1633; x_wconf 88' lang='lat'>.</span> <span class='ocrx_word' id='word_1_98' title='bbox 140 1570 182 1650; x_wconf 81' lang='lat' dir='ltr'>qui</span> <span class='ocrx_word' id='word_1_99' title='bbox 208 1577 237 1634; x_wconf 88' lang='lat' dir='ltr'>et</span> <span class='ocrx_word' id='word_1_100' title='bbox 263 1572 322 1652; x_wconf 87' lang='lat' dir='ltr'>ipsi</span> <span class='ocrx_word' id='word_1_101' title='bbox 350 1579 543 1633; x_wconf 79' lang='lat' dir='ltr'>sacramento</span> <span class='ocrx_word' id='word_1_102' title='bbox 573 1574 693 1654; x_wconf 82' lang='lat' dir='ltr'>signum</span> <span class='ocrx_word' id='word_1_103' title='bbox 722 1571 842 1634; x_wconf 82' lang='lat' dir='ltr'>visibile</span> <span class='ocrx_word' id='word_1_104' title='bbox 869 1571 1051 1652; x_wconf 81' lang='lat' dir='ltr'>asscribunt,</span> 
     </span>
     <span class='ocr_line' id='line_1_17' title="bbox 85 1653 1051 1736; baseline 0.001 -20"><span class='ocrx_word' id='word_1_105' title='bbox 85 1666 88 1697; x_wconf 72' lang='lat'>⁵</span> <span class='ocrx_word' id='word_1_106' title='bbox 139 1653 206 1733; x_wconf 72' lang='lat' dir='ltr'>qaod</span> <span class='ocrx_word' id='word_1_107' title='bbox 225 1655 354 1717; x_wconf 77' lang='lat' dir='ltr'>formam</span> <span class='ocrx_word' id='word_1_108' title='bbox 376 1655 495 1734; x_wconf 83' lang='lat' dir='ltr'>ingerat</span> <span class='ocrx_word' id='word_1_109' title='bbox 515 1655 655 1717; x_wconf 87' lang='lat' dir='ltr'>sensibus</span> <span class='ocrx_word' id='word_1_110' title='bbox 679 1657 744 1717; x_wconf 89' lang='lat' dir='ltr'>eins</span> <span class='ocrx_word' id='word_1_111' title='bbox 767 1657 826 1735; x_wconf 90' lang='lat' dir='ltr'>rei,</span> <span class='ocrx_word' id='word_1_112' title='bbox 859 1675 952 1736; x_wconf 89' lang='lat' dir='ltr'>quam</span> <span class='ocrx_word' id='word_1_113' title='bbox 974 1655 1051 1718; x_wconf 85' lang='lat' dir='ltr'>iuvi·</span> 
     </span>
     <span class='ocr_line' id='line_1_18' title="bbox 85 1736 1051 1819; baseline 0.003 -20"><span class='ocrx_word' id='word_1_114' title='bbox 85 1784 89 1799; x_wconf 89' lang='lat'>.</span> <span class='ocrx_word' id='word_1_115' title='bbox 139 1736 247 1801; x_wconf 84' lang='lat' dir='ltr'>tibiliter</span> <span class='ocrx_word' id='word_1_116' title='bbox 268 1745 422 1819; x_wconf 89' lang='lat' dir='ltr'>operatur.</span> <span class='ocrx_word' id='word_1_117' title='bbox 466 1738 507 1800; x_wconf 86' lang='lat' dir='ltr'>At</span> <span class='ocrx_word' id='word_1_118' title='bbox 528 1741 719 1819; x_wconf 87' lang='lat' dir='ltr'>paenitentia</span> <span class='ocrx_word' id='word_1_119' title='bbox 740 1759 794 1801; x_wconf 89' lang='lat' dir='ltr'>seu</span> <span class='ocrx_word' id='word_1_120' title='bbox 816 1738 971 1801; x_wconf 82' lang='lat' dir='ltr'>absolutio</span> <span class='ocrx_word' id='word_1_121' title='bbox 989 1739 1051 1802; x_wconf 88' lang='lat' dir='ltr'>tale</span> 
     </span>
     <span class='ocr_line' id='line_1_19' title="bbox 85 1821 1051 1904; baseline 0 -20"><span class='ocrx_word' id='word_1_122' title='bbox 85 1828 91 1893; x_wconf 75' lang='lat' dir='ltr'>i</span> <span class='ocrx_word' id='word_1_123' title='bbox 139 1821 241 1903; x_wconf 65' lang='lat' dir='ltr'>agnum</span> <span class='ocrx_word' id='word_1_124' title='bbox 264 1821 494 1900; x_wconf 88' lang='lat' dir='ltr'>nuitumbabet,</span> <span class='ocrx_word' id='word_1_125' title='bbox 517 1841 611 1903; x_wconf 87' lang='lat' dir='ltr'>quare</span> <span class='ocrx_word' id='word_1_126' title='bbox 634 1822 737 1904; x_wconf 85' lang='lat' dir='ltr'>stipsi</span> <span class='ocrx_word' id='word_1_127' title='bbox 754 1827 904 1904; x_wconf 78' lang='lat' dir='ltr'>negentur</span> <span class='ocrx_word' id='word_1_128' title='bbox 925 1822 1051 1904; x_wconf 89' lang='lat' dir='ltr'>propria</span> 
     </span>
     <span class='ocr_line' id='line_1_20' title="bbox 110 1900 1049 1987; baseline 0.002 -20.946"><span class='ocrx_word' id='word_1_129' title='bbox 110 1900 115 1907; x_wconf 82' lang='grc'><strong>’</strong></span> <span class='ocrx_word' id='word_1_130' title='bbox 139 1903 297 1968; x_wconf 81' lang='lat' dir='ltr'>definitione</span> <span class='ocrx_word' id='word_1_131' title='bbox 330 1911 384 1966; x_wconf 87' lang='lat' dir='ltr'>aut</span> <span class='ocrx_word' id='word_1_132' title='bbox 405 1925 518 1986; x_wconf 85' lang='lat' dir='ltr'>negare</span> <span class='ocrx_word' id='word_1_133' title='bbox 539 1907 761 1987; x_wconf 90' lang='lat' dir='ltr'>poenitentiam</span> <span class='ocrx_word' id='word_1_134' title='bbox 784 1925 854 1967; x_wconf 92' lang='lat' dir='ltr'>esse</span> <span class='ocrx_word' id='word_1_135' title='bbox 875 1925 1049 1968; x_wconf 87' lang='lat' dir='ltr'>seerameu·</span> 
     </span>
     <span class='ocr_line' id='line_1_21' title="bbox 84 1988 1048 2068; baseline 0.001 -19"><span class='ocrx_word' id='word_1_136' title='bbox 84 2004 88 2049; x_wconf 68' lang='grc' dir='ltr'><em>ὲ</em></span> <span class='ocrx_word' id='word_1_137' title='bbox 139 1991 197 2067; x_wconf 74' lang='lat' dir='ltr'>aa,</span> <span class='ocrx_word' id='word_1_138' title='bbox 218 1995 249 2052; x_wconf 89' lang='lat' dir='ltr'>et</span> <span class='ocrx_word' id='word_1_139' title='bbox 270 1990 316 2050; x_wconf 86' lang='lat' dir='ltr'>sie</span> <span class='ocrx_word' id='word_1_140' title='bbox 337 2008 495 2050; x_wconf 90' lang='lat' dir='ltr'>numerum</span> <span class='ocrx_word' id='word_1_141' title='bbox 519 2008 623 2051; x_wconf 89' lang='lat' dir='ltr'>eorum</span> <span class='ocrx_word' id='word_1_142' title='bbox 653 1990 850 2068; x_wconf 77' lang='lat' dir='ltr'>imminuere,</span> <span class='ocrx_word' id='word_1_143' title='bbox 882 1995 934 2050; x_wconf 88' lang='lat' dir='ltr'>aut</span> <span class='ocrx_word' id='word_1_144' title='bbox 956 1988 1048 2051; x_wconf 91' lang='lat' dir='ltr'>aliam</span> 
     </span>
     <span class='ocr_line' id='line_1_22' title="bbox 84 2070 757 2141; baseline -0.007 0"><span class='ocrx_word' id='word_1_145' title='bbox 84 2078 86 2141; x_wconf 75' lang='lat' dir='ltr'>J</span> <span class='ocrx_word' id='word_1_146' title='bbox 137 2080 382 2137; x_wconf 74' lang='lat' dir='ltr'>erameniorum</span> <span class='ocrx_word' id='word_1_147' title='bbox 406 2072 514 2134; x_wconf 83' lang='lat' dir='ltr'>afferre</span> <span class='ocrx_word' id='word_1_148' title='bbox 536 2070 757 2137; x_wconf 84' lang='lat' dir='ltr'>definitionem.</span> 
     </span>
    </p>

    <p class='ocr_par' dir='ltr' id='par_1_4' title="bbox 81 2155 1121 3569">
     <span class='ocr_line' id='line_1_23' title="bbox 201 2155 1049 2238; baseline -0.002 -20"><span class='ocrx_word' id='word_1_149' title='bbox 201 2157 378 2238; x_wconf 71' lang='lat' dir='ltr'>Baptismus</span> <span class='ocrx_word' id='word_1_150' title='bbox 408 2162 526 2235; x_wconf 89' lang='lat' dir='ltr'>sutem,</span> <span class='ocrx_word' id='word_1_151' title='bbox 561 2174 652 2235; x_wconf 89' lang='lat' dir='ltr'>quem</span> <span class='ocrx_word' id='word_1_152' title='bbox 681 2157 738 2218; x_wconf 92' lang='lat' dir='ltr'>teti</span> <span class='ocrx_word' id='word_1_153' title='bbox 770 2157 851 2218; x_wconf 85' lang='lat' dir='ltr'>vitae</span> <span class='ocrx_word' id='word_1_154' title='bbox 879 2155 1049 2236; x_wconf 87' lang='lat' dir='ltr'>tribuimus,</span> 
     </span>
     <span class='ocr_line' id='line_1_24' title="bbox 136 2237 1050 2322; baseline -0.003 -19"><span class='ocrx_word' id='word_1_155' title='bbox 136 2246 201 2303; x_wconf 81' lang='lat' dir='ltr'>reete</span> <span class='ocrx_word' id='word_1_156' title='bbox 222 2259 280 2322; x_wconf 88' lang='lat' dir='ltr'>pre</span> <span class='ocrx_word' id='word_1_157' title='bbox 305 2237 447 2302; x_wconf 89' lang='lat' dir='ltr'>omnibus</span> <span class='ocrx_word' id='word_1_158' title='bbox 469 2239 670 2301; x_wconf 79' lang='lat' dir='ltr'>sacramentis</span> <span class='ocrx_word' id='word_1_159' title='bbox 690 2241 765 2301; x_wconf 91' lang='lat' dir='ltr'>setis</span> <span class='ocrx_word' id='word_1_160' title='bbox 788 2241 860 2318; x_wconf 91' lang='lat' dir='ltr'>erit,</span> <span class='ocrx_word' id='word_1_161' title='bbox 888 2238 999 2320; x_wconf 86' lang='lat' dir='ltr'>quibus</span> <span class='ocrx_word' id='word_1_162' title='bbox 1019 2240 1050 2300; x_wconf 90' lang='lat' dir='ltr'>in</span> 
     </span>
     <span class='ocr_line' id='line_1_25' title="bbox 136 2321 1051 2386; baseline 0.001 -4"><span class='ocrx_word' id='word_1_163' title='bbox 136 2322 182 2386; x_wconf 85' lang='lat' dir='ltr'>rita</span> <span class='ocrx_word' id='word_1_164' title='bbox 201 2324 246 2386; x_wconf 87' lang='lat' dir='ltr'>nti</span> <span class='ocrx_word' id='word_1_165' title='bbox 275 2321 454 2385; x_wconf 88' lang='lat' dir='ltr'>debeamus.</span> <span class='ocrx_word' id='word_1_166' title='bbox 503 2323 594 2383; x_wconf 88' lang='lat' dir='ltr'>Panis</span> <span class='ocrx_word' id='word_1_167' title='bbox 622 2329 726 2383; x_wconf 87' lang='lat' dir='ltr'>autem</span> <span class='ocrx_word' id='word_1_168' title='bbox 755 2342 827 2384; x_wconf 86' lang='lat' dir='ltr'>vere</span> <span class='ocrx_word' id='word_1_169' title='bbox 856 2321 1051 2384; x_wconf 87' lang='lat' dir='ltr'>morientium</span> 
     </span>
     <span class='ocr_line' id='line_1_26' title="bbox 136 2405 1050 2485; baseline -0.001 -18"><span class='ocrx_word' id='word_1_170' title='bbox 136 2406 385 2469; x_wconf 77' lang='lat' dir='ltr'>dexeedsntium</span> <span class='ocrx_word' id='word_1_171' title='bbox 409 2412 645 2482; x_wconf 77' lang='lat' dir='ltr'>sacramentum,</span> <span class='ocrx_word' id='word_1_172' title='bbox 666 2405 817 2485; x_wconf 90' lang='lat' dir='ltr'>siquidem</span> <span class='ocrx_word' id='word_1_173' title='bbox 839 2406 870 2466; x_wconf 93' lang='lat' dir='ltr'>in</span> <span class='ocrx_word' id='word_1_174' title='bbox 894 2425 931 2466; x_wconf 88' lang='lat' dir='ltr'>ee</span> <span class='ocrx_word' id='word_1_175' title='bbox 954 2413 1050 2467; x_wconf 90' lang='lat' dir='ltr'>trans-</span> 
     </span>
     <span class='ocr_line' id='line_1_27' title="bbox 136 2486 1048 2570; baseline -0.004 -16"><span class='ocrx_word' id='word_1_176' title='bbox 136 2487 317 2554; x_wconf 72' lang='lat' dir='ltr'>ibnOhristi</span> <span class='ocrx_word' id='word_1_177' title='bbox 340 2509 380 2551; x_wconf 85' lang='lat' dir='ltr'>ex</span> <span class='ocrx_word' id='word_1_178' title='bbox 401 2488 461 2550; x_wconf 86' lang='lat' dir='ltr'>hee</span> <span class='ocrx_word' id='word_1_179' title='bbox 484 2486 870 2570; x_wconf 81' lang='lat' dir='ltr'>mundomsmoramur1),</span> <span class='ocrx_word' id='word_1_180' title='bbox 894 2495 926 2548; x_wconf 92' lang='lat' dir='ltr'>ut</span> <span class='ocrx_word' id='word_1_181' title='bbox 948 2489 1048 2570; x_wconf 91' lang='lat' dir='ltr'>ipsum</span> 
     </span>
     <span class='ocr_line' id='line_1_28' title="bbox 135 2571 1121 2652; baseline -0.006 -17"><span class='ocrx_word' id='word_1_182' title='bbox 135 2571 283 2652; x_wconf 79' lang='lat' dir='ltr'>imitemur,</span> <span class='ocrx_word' id='word_1_183' title='bbox 307 2579 339 2635; x_wconf 91' lang='lat' dir='ltr'>et</span> <span class='ocrx_word' id='word_1_184' title='bbox 361 2573 406 2633; x_wconf 84' lang='lat' dir='ltr'>sis</span> <span class='ocrx_word' id='word_1_185' title='bbox 427 2572 641 2634; x_wconf 80' lang='lat' dir='ltr'>distribuamus</span> <span class='ocrx_word' id='word_1_186' title='bbox 664 2572 743 2634; x_wconf 84' lang='lat' dir='ltr'>haee</span> <span class='ocrx_word' id='word_1_187' title='bbox 765 2571 826 2633; x_wconf 91' lang='lat' dir='ltr'>duo</span> <span class='ocrx_word' id='word_1_188' title='bbox 847 2577 1051 2651; x_wconf 73' lang='lat' dir='ltr'>sacramente,</span> <span class='ocrx_word' id='word_1_189' title='bbox 1120 2626 1121 2629; x_wconf 74' lang='grc'>,</span> 
     </span>
     <span class='ocr_line' id='line_1_29' title="bbox 134 2656 1052 2739; baseline -0.004 -21"><span class='ocrx_word' id='word_1_190' title='bbox 134 2656 348 2739; x_wconf 83' lang='lat' dir='ltr'>rtbaptismus</span> <span class='ocrx_word' id='word_1_191' title='bbox 368 2657 456 2717; x_wconf 90' lang='lat' dir='ltr'>initio</span> <span class='ocrx_word' id='word_1_192' title='bbox 479 2661 509 2716; x_wconf 91' lang='lat' dir='ltr'>et</span> <span class='ocrx_word' id='word_1_193' title='bbox 531 2657 624 2717; x_wconf 91' lang='lat' dir='ltr'>totius</span> <span class='ocrx_word' id='word_1_194' title='bbox 647 2657 729 2717; x_wconf 82' lang='lat' dir='ltr'>ritae</span> <span class='ocrx_word' id='word_1_195' title='bbox 751 2656 868 2733; x_wconf 90' lang='lat' dir='ltr'>eursui,</span> <span class='ocrx_word' id='word_1_196' title='bbox 889 2656 979 2737; x_wconf 91' lang='lat' dir='ltr'>panis</span> <span class='ocrx_word' id='word_1_197' title='bbox 1001 2674 1052 2715; x_wconf 90' lang='lat' dir='ltr'>au·</span> 
     </span>
     <span class='ocr_line' id='line_1_30' title="bbox 131 2737 1051 2819; baseline -0.007 -17"><span class='ocrx_word' id='word_1_198' title='bbox 131 2744 177 2802; x_wconf 86' lang='lat' dir='ltr'>tem</span> <span class='ocrx_word' id='word_1_199' title='bbox 199 2740 337 2802; x_wconf 88' lang='lat' dir='ltr'>termino</span> <span class='ocrx_word' id='word_1_200' title='bbox 370 2746 401 2800; x_wconf 91' lang='lat' dir='ltr'>et</span> <span class='ocrx_word' id='word_1_201' title='bbox 428 2739 518 2801; x_wconf 88' lang='lat' dir='ltr'>morti</span> <span class='ocrx_word' id='word_1_202' title='bbox 545 2738 721 2819; x_wconf 82' lang='lat' dir='ltr'>deputetur:</span> <span class='ocrx_word' id='word_1_203' title='bbox 744 2745 837 2818; x_wconf 89' lang='lat' dir='ltr'>atque</span> <span class='ocrx_word' id='word_1_204' title='bbox 860 2737 1051 2800; x_wconf 83' lang='lat' dir='ltr'>Christianus</span> 
     </span>
     <span class='ocr_line' id='line_1_31' title="bbox 130 2819 1052 2905; baseline -0.002 -23"><span class='ocrx_word' id='word_1_205' title='bbox 130 2827 247 2905; x_wconf 89' lang='lat' dir='ltr'>utroque</span> <span class='ocrx_word' id='word_1_206' title='bbox 271 2827 455 2884; x_wconf 75' lang='lat' dir='ltr'>exerceatur</span> <span class='ocrx_word' id='word_1_207' title='bbox 475 2824 506 2883; x_wconf 92' lang='lat' dir='ltr'>in</span> <span class='ocrx_word' id='word_1_208' title='bbox 528 2822 590 2883; x_wconf 87' lang='lat' dir='ltr'>hoe</span> <span class='ocrx_word' id='word_1_209' title='bbox 611 2823 816 2903; x_wconf 86' lang='lat' dir='ltr'>eorpuseulo,</span> <span class='ocrx_word' id='word_1_210' title='bbox 839 2821 940 2881; x_wconf 88' lang='lat' dir='ltr'>donee</span> <span class='ocrx_word' id='word_1_211' title='bbox 961 2819 1052 2900; x_wconf 88' lang='lat' dir='ltr'>plene</span> 
     </span>
     <span class='ocr_line' id='line_1_32' title="bbox 130 2903 1051 2989; baseline -0.004 -22"><span class='ocrx_word' id='word_1_212' title='bbox 130 2903 291 2989; x_wconf 82' lang='lat' dir='ltr'>baptisatus</span> <span class='ocrx_word' id='word_1_213' title='bbox 314 2911 346 2967; x_wconf 92' lang='lat' dir='ltr'>et</span> <span class='ocrx_word' id='word_1_214' title='bbox 369 2903 530 2966; x_wconf 87' lang='lat' dir='ltr'>roboratus</span> <span class='ocrx_word' id='word_1_215' title='bbox 542 2911 678 2967; x_wconf 90' lang='lat' dir='ltr'>transeat</span> <span class='ocrx_word' id='word_1_216' title='bbox 690 2925 730 2967; x_wconf 86' lang='lat' dir='ltr'>ex</span> <span class='ocrx_word' id='word_1_217' title='bbox 742 2904 938 2976; x_wconf 87' lang='lat' dir='ltr'>boemundo,</span> <span class='ocrx_word' id='word_1_218' title='bbox 961 2910 1051 2964; x_wconf 89' lang='lat' dir='ltr'>natus</span> 
     </span>
     <span class='ocr_line' id='line_1_33' title="bbox 130 2984 1051 3067; baseline -0.001 -19"><span class='ocrx_word' id='word_1_219' title='bbox 130 2989 153 3050; x_wconf 90' lang='lat' dir='ltr'>in</span> <span class='ocrx_word' id='word_1_220' title='bbox 162 2997 322 3053; x_wconf 88' lang='lat' dir='ltr'>aeternam</span> <span class='ocrx_word' id='word_1_221' title='bbox 334 3008 448 3050; x_wconf 85' lang='lat' dir='ltr'>nevam</span> <span class='ocrx_word' id='word_1_222' title='bbox 467 2988 571 3067; x_wconf 87' lang='lat' dir='ltr'>vitam,</span> <span class='ocrx_word' id='word_1_223' title='bbox 595 2987 834 3050; x_wconf 74' lang='lat' dir='ltr'>manducaturus</span> <span class='ocrx_word' id='word_1_224' title='bbox 846 3006 914 3048; x_wconf 88' lang='lat' dir='ltr'>eum</span> <span class='ocrx_word' id='word_1_225' title='bbox 929 2984 1051 3047; x_wconf 80' lang='lat' dir='ltr'>Christo</span> 
     </span>
     <span class='ocr_line' id='line_1_34' title="bbox 130 3068 1051 3155; baseline -0.002 -24"><span class='ocrx_word' id='word_1_226' title='bbox 130 3072 153 3133; x_wconf 87' lang='lat' dir='ltr'>in</span> <span class='ocrx_word' id='word_1_227' title='bbox 170 3093 269 3155; x_wconf 79' lang='lat' dir='ltr'>reguo</span> <span class='ocrx_word' id='word_1_228' title='bbox 287 3072 385 3134; x_wconf 86' lang='lat' dir='ltr'>Patris</span> <span class='ocrx_word' id='word_1_229' title='bbox 408 3072 465 3150; x_wconf 90' lang='lat' dir='ltr'>sui,</span> <span class='ocrx_word' id='word_1_230' title='bbox 485 3072 566 3133; x_wconf 89' lang='lat' dir='ltr'>sieut</span> <span class='ocrx_word' id='word_1_231' title='bbox 585 3072 616 3133; x_wconf 89' lang='lat' dir='ltr'>iu</span> <span class='ocrx_word' id='word_1_232' title='bbox 639 3091 738 3133; x_wconf 85' lang='lat' dir='ltr'>eosne</span> <span class='ocrx_word' id='word_1_233' title='bbox 760 3071 910 3152; x_wconf 85' lang='lat' dir='ltr'>promisit,</span> <span class='ocrx_word' id='word_1_234' title='bbox 931 3068 1051 3130; x_wconf 82' lang='lat' dir='ltr'>diesne:</span> 
     </span>
     <span class='ocr_line' id='line_1_35' title="bbox 132 3152 1051 3234; baseline -0.004 -18"><span class='ocrx_word' id='word_1_235' title='bbox 132 3153 217 3218; x_wconf 79' lang='lat' dir='ltr'>brien</span> <span class='ocrx_word' id='word_1_236' title='bbox 241 3156 313 3218; x_wconf 86' lang='lat' dir='ltr'>dieu</span> <span class='ocrx_word' id='word_1_237' title='bbox 337 3153 436 3234; x_wconf 88' lang='lat' dir='ltr'>vebis,</span> <span class='ocrx_word' id='word_1_238' title='bbox 458 3174 478 3216; x_wconf 90' lang='lat' dir='ltr'>a</span> <span class='ocrx_word' id='word_1_239' title='bbox 500 3155 594 3216; x_wconf 88' lang='lat' dir='ltr'>modo</span> <span class='ocrx_word' id='word_1_240' title='bbox 617 3175 679 3216; x_wconf 88' lang='lat' dir='ltr'>nen</span> <span class='ocrx_word' id='word_1_241' title='bbox 701 3153 804 3217; x_wconf 80' lang='lat' dir='ltr'>bibam</span> <span class='ocrx_word' id='word_1_242' title='bbox 825 3152 865 3214; x_wconf 84' lang='lat' dir='ltr'>de</span> <span class='ocrx_word' id='word_1_243' title='bbox 886 3153 948 3214; x_wconf 89' lang='lat' dir='ltr'>hoe</span> <span class='ocrx_word' id='word_1_244' title='bbox 969 3152 1051 3232; x_wconf 89' lang='lat' dir='ltr'>geni·</span> 
     </span>
     <span class='ocr_line' id='line_1_36' title="bbox 132 3237 1051 3319; baseline -0.003 -21"><span class='ocrx_word' id='word_1_245' title='bbox 132 3240 201 3301; x_wconf 72' lang='lat' dir='ltr'>aine</span> <span class='ocrx_word' id='word_1_246' title='bbox 222 3240 305 3318; x_wconf 86' lang='lat' dir='ltr'>vitis,</span> <span class='ocrx_word' id='word_1_247' title='bbox 328 3237 430 3299; x_wconf 88' lang='lat' dir='ltr'>donee</span> <span class='ocrx_word' id='word_1_248' title='bbox 450 3238 613 3319; x_wconf 88' lang='lat' dir='ltr'>impleatur</span> <span class='ocrx_word' id='word_1_249' title='bbox 634 3240 663 3298; x_wconf 91' lang='lat' dir='ltr'>in</span> <span class='ocrx_word' id='word_1_250' title='bbox 686 3257 783 3318; x_wconf 81' lang='lat' dir='ltr'>reguo</span> <span class='ocrx_word' id='word_1_251' title='bbox 806 3237 880 3311; x_wconf 88' lang='lat' dir='ltr'>Dei;</span> <span class='ocrx_word' id='word_1_252' title='bbox 902 3241 1051 3315; x_wconf 86' lang='lat' dir='ltr'>utaperte</span> 
     </span>
     <span class='ocr_line' id='line_1_37' title="bbox 132 3320 1050 3402; baseline -0.003 -20"><span class='ocrx_word' id='word_1_253' title='bbox 132 3322 258 3385; x_wconf 82' lang='lat' dir='ltr'>rideatur</span> <span class='ocrx_word' id='word_1_254' title='bbox 291 3329 518 3383; x_wconf 88' lang='lat' dir='ltr'>saerementum</span> <span class='ocrx_word' id='word_1_255' title='bbox 549 3322 637 3402; x_wconf 89' lang='lat' dir='ltr'>penis</span> <span class='ocrx_word' id='word_1_256' title='bbox 669 3320 708 3382; x_wconf 92' lang='lat' dir='ltr'>ad</span> <span class='ocrx_word' id='word_1_257' title='bbox 732 3320 863 3381; x_wconf 84' lang='lat' dir='ltr'>futuram</span> <span class='ocrx_word' id='word_1_258' title='bbox 886 3320 978 3380; x_wconf 90' lang='lat' dir='ltr'>vitam</span> <span class='ocrx_word' id='word_1_259' title='bbox 1001 3337 1050 3379; x_wconf 78' lang='lat' dir='ltr'>aa</span> 
     </span>
     <span class='ocr_line' id='line_1_38' title="bbox 135 3403 1050 3487; baseline -0.004 -21"><span class='ocrx_word' id='word_1_260' title='bbox 135 3405 306 3487; x_wconf 80' lang='lat' dir='ltr'>teptaudam</span> <span class='ocrx_word' id='word_1_261' title='bbox 328 3405 603 3482; x_wconf 65' lang='lat' dir='ltr'>instituissemus</span> <span class='ocrx_word' id='word_1_262' title='bbox 625 3404 705 3465; x_wconf 90' lang='lat' dir='ltr'>enim</span> <span class='ocrx_word' id='word_1_263' title='bbox 727 3423 760 3465; x_wconf 91' lang='lat' dir='ltr'>re</span> <span class='ocrx_word' id='word_1_264' title='bbox 781 3403 935 3482; x_wconf 90' lang='lat' dir='ltr'>utriusque</span> <span class='ocrx_word' id='word_1_265' title='bbox 950 3421 1050 3463; x_wconf 87' lang='lat' dir='ltr'>saera·</span> 
     </span>
     <span class='ocr_line' id='line_1_39' title="bbox 81 3487 882 3569; baseline 0.005 -22"><span class='ocrx_word' id='word_1_266' title='bbox 81 3506 83 3547; x_wconf 84' lang='lat'><strong>:</strong></span> <span class='ocrx_word' id='word_1_267' title='bbox 137 3491 215 3550; x_wconf 82' lang='lat' dir='ltr'>nenti</span> <span class='ocrx_word' id='word_1_268' title='bbox 236 3488 364 3569; x_wconf 87' lang='lat' dir='ltr'>impleta</span> <span class='ocrx_word' id='word_1_269' title='bbox 387 3487 520 3549; x_wconf 81' lang='lat' dir='ltr'>cessabit</span> <span class='ocrx_word' id='word_1_270' title='bbox 543 3487 711 3569; x_wconf 83' lang='lat' dir='ltr'>baptismus</span> <span class='ocrx_word' id='word_1_271' title='bbox 734 3492 764 3549; x_wconf 93' lang='lat' dir='ltr'>et</span> <span class='ocrx_word' id='word_1_272' title='bbox 785 3487 882 3568; x_wconf 81' lang='lat' dir='ltr'>panis.</span> 
     </span>
    </p>
   </div>
   <div class='ocr_carea' id='block_1_3' title="bbox 183 3759 637 3832">
    <p class='ocr_par' dir='ltr' id='par_1_5' title="bbox 81 3740 637 3837">
     <span class='ocr_line' id='line_1_40' title="bbox 183 3759 637 3832; baseline 0.02 -24.982"><span class='ocrx_word' id='word_1_273' title='bbox 183 3759 212 3832; x_wconf 84' lang='lat'>1)</span> <span class='ocrx_word' id='word_1_274' title='bbox 230 3760 262 3815; x_wconf 90' lang='lat' dir='ltr'>ln</span> <span class='ocrx_word' id='word_1_275' title='bbox 280 3759 324 3820; x_wconf 84' lang='lat' dir='ltr'>ad.</span> <span class='ocrx_word' id='word_1_276' title='bbox 342 3760 418 3817; x_wconf 74' lang='lat' dir='ltr'>dant</span> <span class='ocrx_word' id='word_1_277' title='bbox 437 3773 637 3817; x_wconf 79' lang='lat' dir='ltr'>memoramus.</span> 
     </span>
    </p>
   </div>
   <div class='ocr_carea' id='block_1_4' title="bbox 0 0 1200 4170">
    <p class='ocr_par' dir='ltr' id='par_1_6' title="bbox 0 0 1200 4170">
     <span class='ocr_line' id='line_1_41' title="bbox 0 0 1200 4170; baseline 0 1"><span class='ocrx_word' id='word_1_278' title='bbox 0 0 1200 4170; x_wconf 95' lang='lat' dir='ltr'> </span> 
     </span>
    </p>
   </div>
  </div>
 </body>
</html>
