<?xml version="1.0" encoding="UTF-8"?>
<!DOCTYPE html PUBLIC "-//W3C//DTD XHTML 1.0 Transitional//EN"
    "http://www.w3.org/TR/xhtml1/DTD/xhtml1-transitional.dtd">
<html xmlns="http://www.w3.org/1999/xhtml" xml:lang="en" lang="en">
 <head>
  <title>
</title>
<meta http-equiv="Content-Type" content="text/html;charset=utf-8" />
  <meta name='ocr-system' content='tesseract 3.04.00' />
  <meta name='ocr-capabilities' content='ocr_page ocr_carea ocr_par ocr_line ocrx_word'/>
</head>
<body>
  <div class='ocr_page' id='page_1' title='image "./dmartinilutheri03luthgoog_1076.png"; bbox 0 0 2392 4170; ppageno 0'>
   <div class='ocr_carea' id='block_1_1' title="bbox 372 278 981 359">
    <p class='ocr_par' dir='ltr' id='par_1_1' title="bbox 372 278 981 359">
     <span class='ocr_line' id='line_1_1' title="bbox 372 278 981 359; baseline -0.005 -10"><span class='ocrx_word' id='word_1_1' title='bbox 372 288 503 349; x_wconf 81' lang='lat' dir='ltr'><strong>ministris</strong></span> <span class='ocrx_word' id='word_1_2' title='bbox 521 288 664 350; x_wconf 75' lang='lat' dir='ltr'><strong>eustosius.</strong></span> <span class='ocrx_word' id='word_1_3' title='bbox 918 278 981 359; x_wconf 74' lang='grc'><strong>538</strong></span> 
     </span>
    </p>
   </div>
   <div class='ocr_carea' id='block_1_2' title="bbox 56 458 985 1880">
    <p class='ocr_par' dir='ltr' id='par_1_2' title="bbox 56 458 985 1880">
     <span class='ocr_line' id='line_1_2' title="bbox 138 458 979 545; baseline -0.004 -20"><span class='ocrx_word' id='word_1_4' title='bbox 138 461 283 526; x_wconf 86' lang='lat' dir='ltr'><strong>Ultimum</strong></span> <span class='ocrx_word' id='word_1_5' title='bbox 307 480 390 541; x_wconf 86' lang='lat' dir='ltr'><strong>vero,</strong></span> <span class='ocrx_word' id='word_1_6' title='bbox 413 459 495 543; x_wconf 92' lang='lat' dir='ltr'><strong>qnod</strong></span> <span class='ocrx_word' id='word_1_7' title='bbox 517 468 549 524; x_wconf 90' lang='lat' dir='ltr'><strong>et</strong></span> <span class='ocrx_word' id='word_1_8' title='bbox 568 458 766 545; x_wconf 78' lang='lat' dir='ltr'><strong>ips&#39;evereor</strong></span> <span class='ocrx_word' id='word_1_9' title='bbox 787 461 979 544; x_wconf 84' lang='lat' dir='ltr'><strong>potissimum</strong></span> 
     </span>
     <span class='ocr_line' id='line_1_3' title="bbox 56 544 981 628; baseline -0.003 -18"><span class='ocrx_word' id='word_1_10' title='bbox 56 549 122 611; x_wconf 84' lang='lat' dir='ltr'><strong>sore</strong></span> <span class='ocrx_word' id='word_1_11' title='bbox 143 548 232 610; x_wconf 87' lang='lat' dir='ltr'><strong>huius</strong></span> <span class='ocrx_word' id='word_1_12' title='bbox 255 546 376 608; x_wconf 87' lang='lat' dir='ltr'><strong>oonsitii</strong></span> <span class='ocrx_word' id='word_1_13' title='bbox 397 545 599 626; x_wconf 86' lang='lat' dir='ltr'><strong>obstaeulum,</strong></span> <span class='ocrx_word' id='word_1_14' title='bbox 621 544 696 606; x_wconf 90' lang='lat' dir='ltr'><strong>illud</strong></span> <span class='ocrx_word' id='word_1_15' title='bbox 720 551 776 627; x_wconf 88' lang='lat' dir='ltr'><strong>est,</strong></span> <span class='ocrx_word' id='word_1_16' title='bbox 798 546 881 628; x_wconf 92' lang='lat' dir='ltr'><strong>quod</strong></span> <span class='ocrx_word' id='word_1_17' title='bbox 904 545 981 607; x_wconf 84' lang='lat' dir='ltr'><strong>haee</strong></span> 
     </span>
     <span class='ocr_line' id='line_1_4' title="bbox 56 627 979 715; baseline -0.008 -19"><span class='ocrx_word' id='word_1_18' title='bbox 56 652 160 715; x_wconf 87' lang='lat' dir='ltr'><strong>eanse,</strong></span> <span class='ocrx_word' id='word_1_19' title='bbox 182 627 440 714; x_wconf 73' lang='lat' dir='ltr'><strong>quemadmodum</strong></span> <span class='ocrx_word' id='word_1_20' title='bbox 464 637 495 690; x_wconf 88' lang='lat' dir='ltr'><strong>et</strong></span> <span class='ocrx_word' id='word_1_21' title='bbox 517 632 616 690; x_wconf 89' lang='lat' dir='ltr'><strong>omnis</strong></span> <span class='ocrx_word' id='word_1_22' title='bbox 638 629 713 711; x_wconf 88' lang='lat' dir='ltr'><strong>alia,</strong></span> <span class='ocrx_word' id='word_1_23' title='bbox 749 649 828 711; x_wconf 91' lang='lat' dir='ltr'><strong>quae</strong></span> <span class='ocrx_word' id='word_1_24' title='bbox 849 650 888 692; x_wconf 84' lang='lat' dir='ltr'><strong>ex</strong></span> <span class='ocrx_word' id='word_1_25' title='bbox 910 629 979 690; x_wconf 91' lang='lat' dir='ltr'><strong>Deo</strong></span> 
     </span>
     <span class='ocr_line' id='line_1_5' title="bbox 57 712 981 794; baseline -0.006 -15"><span class='ocrx_word' id='word_1_26' title='bbox 57 723 119 794; x_wconf 83' lang='lat' dir='ltr'><strong>est,</strong></span> <span class='ocrx_word' id='word_1_27' title='bbox 153 735 244 779; x_wconf 88' lang='lat' dir='ltr'><strong>eruoe</strong></span> <span class='ocrx_word' id='word_1_28' title='bbox 275 734 332 774; x_wconf 90' lang='lat' dir='ltr'><strong>sna</strong></span> <span class='ocrx_word' id='word_1_29' title='bbox 364 733 426 775; x_wconf 86' lang='lat' dir='ltr'><strong>non</strong></span> <span class='ocrx_word' id='word_1_30' title='bbox 450 712 574 777; x_wconf 75' lang='lat' dir='ltr'><strong>carebit.</strong></span> <span class='ocrx_word' id='word_1_31' title='bbox 618 712 726 794; x_wconf 86' lang='lat' dir='ltr'><strong>Neque</strong></span> <span class='ocrx_word' id='word_1_32' title='bbox 747 715 826 776; x_wconf 92' lang='lat' dir='ltr'><strong>enim</strong></span> <span class='ocrx_word' id='word_1_33' title='bbox 851 713 981 776; x_wconf 81' lang='lat' dir='ltr'><strong>Satanas</strong></span> 
     </span>
     <span class='ocr_line' id='line_1_6' title="bbox 57 795 981 877; baseline -0.005 -15"><span class='ocrx_word' id='word_1_34' title='bbox 57 807 110 862; x_wconf 87' lang='lat' dir='ltr'><strong>aut</strong></span> <span class='ocrx_word' id='word_1_35' title='bbox 127 799 249 876; x_wconf 75' lang='lat' dir='ltr'><strong>dormit,</strong></span> <span class='ocrx_word' id='word_1_36' title='bbox 269 803 321 859; x_wconf 89' lang='lat' dir='ltr'><strong>aut</strong></span> <span class='ocrx_word' id='word_1_37' title='bbox 342 816 404 861; x_wconf 89' lang='lat' dir='ltr'><strong>non</strong></span> <span class='ocrx_word' id='word_1_38' title='bbox 426 795 576 877; x_wconf 80' lang='lat' dir='ltr'><strong>inteiligit,</strong></span> <span class='ocrx_word' id='word_1_39' title='bbox 600 796 671 877; x_wconf 92' lang='lat' dir='ltr'><strong>quid</strong></span> <span class='ocrx_word' id='word_1_40' title='bbox 690 796 750 857; x_wconf 88' lang='lat' dir='ltr'><strong>heo</strong></span> <span class='ocrx_word' id='word_1_41' title='bbox 760 799 878 861; x_wconf 79' lang='lat' dir='ltr'><strong>ratione</strong></span> <span class='ocrx_word' id='word_1_42' title='bbox 890 816 981 877; x_wconf 86' lang='lat' dir='ltr'><strong>quae·</strong></span> 
     </span>
     <span class='ocr_line' id='line_1_7' title="bbox 57 879 982 963; baseline -0.004 -17"><span class='ocrx_word' id='word_1_43' title='bbox 57 902 171 961; x_wconf 86' lang='lat' dir='ltr'><strong>remus,</strong></span> <span class='ocrx_word' id='word_1_44' title='bbox 192 902 250 945; x_wconf 86' lang='lat' dir='ltr'><strong>nee</strong></span> <span class='ocrx_word' id='word_1_45' title='bbox 273 882 406 962; x_wconf 79' lang='lat' dir='ltr'><strong>segniter</strong></span> <span class='ocrx_word' id='word_1_46' title='bbox 428 899 502 947; x_wconf 78' lang='lat' dir='ltr'><strong>sese,</strong></span> <span class='ocrx_word' id='word_1_47' title='bbox 520 887 665 961; x_wconf 90' lang='lat' dir='ltr'><strong>opponet.</strong></span> <span class='ocrx_word' id='word_1_48' title='bbox 712 881 855 963; x_wconf 87' lang='lat' dir='ltr'><strong>Prineeps</strong></span> <span class='ocrx_word' id='word_1_49' title='bbox 877 879 982 943; x_wconf 90' lang='lat' dir='ltr'><strong>mundi</strong></span> 
     </span>
     <span class='ocr_line' id='line_1_8' title="bbox 58 962 983 1047; baseline -0.005 -18"><span class='ocrx_word' id='word_1_50' title='bbox 58 974 158 1029; x_wconf 86' lang='lat' dir='ltr'><strong>estet</strong></span> <span class='ocrx_word' id='word_1_51' title='bbox 190 966 396 1047; x_wconf 83' lang='lat' dir='ltr'><strong>eogitationes</strong></span> <span class='ocrx_word' id='word_1_52' title='bbox 433 973 555 1025; x_wconf 88' lang='lat' dir='ltr'><strong>nostras</strong></span> <span class='ocrx_word' id='word_1_53' title='bbox 578 962 676 1043; x_wconf 82' lang='lat' dir='ltr'><strong>videt,</strong></span> <span class='ocrx_word' id='word_1_54' title='bbox 709 971 741 1024; x_wconf 91' lang='lat' dir='ltr'><strong>ut</strong></span> <span class='ocrx_word' id='word_1_55' title='bbox 761 984 819 1025; x_wconf 91' lang='lat' dir='ltr'><strong>nos</strong></span> <span class='ocrx_word' id='word_1_56' title='bbox 841 964 919 1026; x_wconf 88' lang='lat' dir='ltr'><strong>iilius</strong></span> <span class='ocrx_word' id='word_1_57' title='bbox 940 965 983 1025; x_wconf 85' lang='lat' dir='ltr'><strong>vi·</strong></span> 
     </span>
     <span class='ocr_line' id='line_1_9' title="bbox 57 1046 983 1129; baseline -0.004 -16"><span class='ocrx_word' id='word_1_58' title='bbox 57 1050 175 1115; x_wconf 82' lang='lat' dir='ltr'><strong>demus.</strong></span> <span class='ocrx_word' id='word_1_59' title='bbox 217 1048 341 1128; x_wconf 86' lang='lat' dir='ltr'><strong>Loquor</strong></span> <span class='ocrx_word' id='word_1_60' title='bbox 361 1055 463 1110; x_wconf 85' lang='lat' dir='ltr'><strong>eutem</strong></span> <span class='ocrx_word' id='word_1_61' title='bbox 486 1046 525 1108; x_wconf 91' lang='lat' dir='ltr'><strong>ds</strong></span> <span class='ocrx_word' id='word_1_62' title='bbox 547 1065 585 1106; x_wconf 87' lang='lat' dir='ltr'><strong>ea</strong></span> <span class='ocrx_word' id='word_1_63' title='bbox 606 1065 714 1126; x_wconf 86' lang='lat' dir='ltr'><strong>oruoe,</strong></span> <span class='ocrx_word' id='word_1_64' title='bbox 738 1048 820 1127; x_wconf 89' lang='lat' dir='ltr'><strong>quod</strong></span> <span class='ocrx_word' id='word_1_65' title='bbox 843 1048 983 1129; x_wconf 86' lang='lat' dir='ltr'><strong>potentia</strong></span> 
     </span>
     <span class='ocr_line' id='line_1_10' title="bbox 58 1131 982 1214; baseline -0.003 -18"><span class='ocrx_word' id='word_1_66' title='bbox 58 1134 163 1199; x_wconf 93' lang='lat' dir='ltr'><strong>mundi</strong></span> <span class='ocrx_word' id='word_1_67' title='bbox 201 1139 233 1196; x_wconf 89' lang='lat' dir='ltr'><strong>et</strong></span> <span class='ocrx_word' id='word_1_68' title='bbox 264 1132 417 1214; x_wconf 71' lang='lat' dir='ltr'>principes</span> <span class='ocrx_word' id='word_1_69' title='bbox 440 1131 577 1212; x_wconf 87' lang='lat' dir='ltr'><strong>gentium</strong></span> <span class='ocrx_word' id='word_1_70' title='bbox 610 1150 666 1210; x_wconf 93' lang='lat' dir='ltr'><strong>pro</strong></span> <span class='ocrx_word' id='word_1_71' title='bbox 689 1149 745 1192; x_wconf 85' lang='lat' dir='ltr'><strong>suo</strong></span> <span class='ocrx_word' id='word_1_72' title='bbox 767 1132 896 1211; x_wconf 89' lang='lat' dir='ltr'><strong>imperio</strong></span> <span class='ocrx_word' id='word_1_73' title='bbox 918 1149 982 1194; x_wconf 88' lang='lat' dir='ltr'><strong>non</strong></span> 
     </span>
     <span class='ocr_line' id='line_1_11' title="bbox 59 1212 983 1300; baseline -0.005 -21"><span class='ocrx_word' id='word_1_74' title='bbox 59 1219 236 1300; x_wconf 77' lang='lat' dir='ltr'><strong>permittent</strong></span> <span class='ocrx_word' id='word_1_75' title='bbox 251 1218 311 1278; x_wconf 87' lang='lat' dir='ltr'><strong>iste</strong></span> <span class='ocrx_word' id='word_1_76' title='bbox 332 1216 452 1292; x_wconf 88' lang='lat' dir='ltr'><strong>tentari,</strong></span> <span class='ocrx_word' id='word_1_77' title='bbox 476 1219 591 1277; x_wconf 88' lang='lat' dir='ltr'><strong>stante</strong></span> <span class='ocrx_word' id='word_1_78' title='bbox 610 1214 773 1294; x_wconf 90' lang='lat' dir='ltr'><strong>prohibere</strong></span> <span class='ocrx_word' id='word_1_79' title='bbox 785 1215 932 1296; x_wconf 78' lang='lat' dir='ltr'><strong>incipient</strong></span> <span class='ocrx_word' id='word_1_80' title='bbox 944 1212 983 1295; x_wconf 69' lang='grc' dir='ltr'><strong>Ι),</strong></span> 
     </span>
     <span class='ocr_line' id='line_1_12' title="bbox 59 1297 985 1382; baseline -0.002 -20"><span class='ocrx_word' id='word_1_81' title='bbox 59 1320 152 1382; x_wconf 88' lang='lat' dir='ltr'><strong>quem</strong></span> <span class='ocrx_word' id='word_1_82' title='bbox 166 1319 222 1361; x_wconf 85' lang='lat' dir='ltr'><strong>vos</strong></span> <span class='ocrx_word' id='word_1_83' title='bbox 244 1297 466 1380; x_wconf 83' lang='lat' dir='ltr'><strong>eogitetisteie</strong></span> <span class='ocrx_word' id='word_1_84' title='bbox 488 1298 644 1378; x_wconf 77' lang='lat' dir='ltr'><strong>quippiam</strong></span> <span class='ocrx_word' id='word_1_85' title='bbox 669 1298 777 1360; x_wconf 89' lang='lat' dir='ltr'><strong>moliri.</strong></span> <span class='ocrx_word' id='word_1_86' title='bbox 819 1298 905 1360; x_wconf 84' lang='lat' dir='ltr'><strong>Haeo</strong></span> <span class='ocrx_word' id='word_1_87' title='bbox 926 1297 985 1360; x_wconf 88' lang='lat' dir='ltr'><strong>erit</strong></span> 
     </span>
     <span class='ocr_line' id='line_1_13' title="bbox 61 1379 983 1466; baseline -0.008 -19"><span class='ocrx_word' id='word_1_88' title='bbox 61 1385 141 1447; x_wconf 91' lang='lat' dir='ltr'><strong>enim</strong></span> <span class='ocrx_word' id='word_1_89' title='bbox 178 1383 318 1466; x_wconf 88' lang='lat' dir='ltr'><strong>operatio</strong></span> <span class='ocrx_word' id='word_1_90' title='bbox 343 1383 419 1458; x_wconf 87' lang='lat' dir='ltr'><strong>eius,</strong></span> <span class='ocrx_word' id='word_1_91' title='bbox 441 1383 492 1461; x_wconf 93' lang='lat' dir='ltr'><strong>qui</strong></span> <span class='ocrx_word' id='word_1_92' title='bbox 515 1381 600 1441; x_wconf 90' lang='lat' dir='ltr'><strong>Dens</strong></span> <span class='ocrx_word' id='word_1_93' title='bbox 621 1399 746 1462; x_wconf 89' lang='lat' dir='ltr'><strong>quoque</strong></span> <span class='ocrx_word' id='word_1_94' title='bbox 766 1381 856 1443; x_wconf 90' lang='lat' dir='ltr'><strong>buius</strong></span> <span class='ocrx_word' id='word_1_95' title='bbox 876 1379 983 1460; x_wconf 82' lang='lat' dir='ltr'><strong>sonuli,</strong></span> 
     </span>
     <span class='ocr_line' id='line_1_14' title="bbox 60 1461 984 1547; baseline -0.003 -18"><span class='ocrx_word' id='word_1_96' title='bbox 60 1466 173 1541; x_wconf 86' lang='lat' dir='ltr'><strong>nedum</strong></span> <span class='ocrx_word' id='word_1_97' title='bbox 201 1467 343 1547; x_wconf 88' lang='lat' dir='ltr'><strong>prinoeps</strong></span> <span class='ocrx_word' id='word_1_98' title='bbox 377 1472 423 1526; x_wconf 91' lang='lat' dir='ltr'><strong>sst</strong></span> <span class='ocrx_word' id='word_1_99' title='bbox 450 1466 484 1525; x_wconf 90' lang='lat' dir='ltr'><strong>in.</strong></span> <span class='ocrx_word' id='word_1_100' title='bbox 503 1461 598 1526; x_wconf 86' lang='lat' dir='ltr'><strong>eorde</strong></span> <span class='ocrx_word' id='word_1_101' title='bbox 618 1463 804 1545; x_wconf 76' lang='lat' dir='ltr'><strong>infidelium,</strong></span> <span class='ocrx_word' id='word_1_102' title='bbox 838 1472 871 1526; x_wconf 89' lang='lat' dir='ltr'><strong>ut</strong></span> <span class='ocrx_word' id='word_1_103' title='bbox 892 1464 984 1546; x_wconf 89' lang='lat' dir='ltr'><strong>plene</strong></span> 
     </span>
     <span class='ocr_line' id='line_1_15' title="bbox 59 1546 984 1631; baseline -0.003 -18"><span class='ocrx_word' id='word_1_104' title='bbox 59 1550 145 1613; x_wconf 85' lang='lat' dir='ltr'><strong>nnita</strong></span> <span class='ocrx_word' id='word_1_105' title='bbox 176 1551 217 1612; x_wconf 90' lang='lat' dir='ltr'><strong>sit</strong></span> <span class='ocrx_word' id='word_1_106' title='bbox 236 1547 461 1631; x_wconf 86' lang='lat' dir='ltr'><strong>praesumenda</strong></span> <span class='ocrx_word' id='word_1_107' title='bbox 482 1567 571 1629; x_wconf 78' lang='lat' dir='ltr'><strong>spes,</strong></span> <span class='ocrx_word' id='word_1_108' title='bbox 593 1566 662 1609; x_wconf 87' lang='lat' dir='ltr'><strong>eum</strong></span> <span class='ocrx_word' id='word_1_109' title='bbox 686 1567 764 1629; x_wconf 87' lang='lat' dir='ltr'><strong>paee</strong></span> <span class='ocrx_word' id='word_1_110' title='bbox 785 1546 984 1629; x_wconf 79' lang='lat' dir='ltr'><strong>tranquillita-</strong></span> 
     </span>
     <span class='ocr_line' id='line_1_16' title="bbox 60 1629 984 1713; baseline -0.002 -18"><span class='ocrx_word' id='word_1_111' title='bbox 60 1639 153 1713; x_wconf 89' lang='lat' dir='ltr'><strong>teque</strong></span> <span class='ocrx_word' id='word_1_112' title='bbox 176 1641 305 1695; x_wconf 89' lang='lat' dir='ltr'><strong>externe</strong></span> <span class='ocrx_word' id='word_1_113' title='bbox 317 1629 382 1693; x_wconf 86' lang='lat' dir='ltr'><strong>fleri</strong></span> <span class='ocrx_word' id='word_1_114' title='bbox 399 1649 502 1710; x_wconf 91' lang='lat' dir='ltr'><strong>posse,</strong></span> <span class='ocrx_word' id='word_1_115' title='bbox 525 1630 579 1691; x_wconf 93' lang='lat' dir='ltr'><strong>sed</strong></span> <span class='ocrx_word' id='word_1_116' title='bbox 590 1649 709 1693; x_wconf 90' lang='lat' dir='ltr'><strong>summo</strong></span> <span class='ocrx_word' id='word_1_117' title='bbox 722 1631 851 1693; x_wconf 89' lang='lat' dir='ltr'><strong>tumultu</strong></span> <span class='ocrx_word' id='word_1_118' title='bbox 863 1638 895 1692; x_wconf 93' lang='lat' dir='ltr'><strong>et</strong></span> <span class='ocrx_word' id='word_1_119' title='bbox 914 1649 984 1713; x_wconf 87' lang='lat' dir='ltr'><strong>pre·</strong></span> 
     </span>
     <span class='ocr_line' id='line_1_17' title="bbox 61 1712 985 1796; baseline -0.002 -19"><span class='ocrx_word' id='word_1_120' title='bbox 61 1716 147 1778; x_wconf 85' lang='lat' dir='ltr'><strong>oeilis</strong></span> <span class='ocrx_word' id='word_1_121' title='bbox 170 1717 277 1792; x_wconf 82' lang='lat' dir='ltr'><strong>tantis,</strong></span> <span class='ocrx_word' id='word_1_122' title='bbox 311 1720 344 1774; x_wconf 93' lang='lat' dir='ltr'><strong>ut</strong></span> <span class='ocrx_word' id='word_1_123' title='bbox 365 1714 508 1775; x_wconf 73' lang='lat' dir='ltr'><strong>navicula</strong></span> <span class='ocrx_word' id='word_1_124' title='bbox 540 1712 683 1778; x_wconf 88' lang='lat' dir='ltr'><strong>fluetibus</strong></span> <span class='ocrx_word' id='word_1_125' title='bbox 720 1720 829 1796; x_wconf 88' lang='lat' dir='ltr'><strong>operte</strong></span> <span class='ocrx_word' id='word_1_126' title='bbox 863 1719 985 1796; x_wconf 87' lang='lat' dir='ltr'><strong>putetur</strong></span> 
     </span>
     <span class='ocr_line' id='line_1_18' title="bbox 60 1798 339 1880; baseline 0 -20"><span class='ocrx_word' id='word_1_127' title='bbox 60 1799 153 1880; x_wconf 88' lang='lat' dir='ltr'><strong>plane</strong></span> <span class='ocrx_word' id='word_1_128' title='bbox 175 1798 339 1878; x_wconf 79' lang='lat' dir='ltr'><strong>submergi.</strong></span> 
     </span>
    </p>
   </div>
   <div class='ocr_carea' id='block_1_3' title="bbox 59 1927 985 2594">
    <p class='ocr_par' dir='ltr' id='par_1_3' title="bbox 59 1927 985 2594">
     <span class='ocr_line' id='line_1_19' title="bbox 143 1927 985 2016; baseline -0.001 -20"><span class='ocrx_word' id='word_1_129' title='bbox 143 1932 224 2011; x_wconf 78' lang='lat' dir='ltr'><strong>Quid</strong></span> <span class='ocrx_word' id='word_1_130' title='bbox 247 1952 319 1994; x_wconf 86' lang='lat' dir='ltr'><strong>vero</strong></span> <span class='ocrx_word' id='word_1_131' title='bbox 343 1932 392 1992; x_wconf 87' lang='lat' dir='ltr'><strong>hio</strong></span> <span class='ocrx_word' id='word_1_132' title='bbox 418 1927 518 1994; x_wconf 88' lang='lat' dir='ltr'><strong>dieam</strong></span> <span class='ocrx_word' id='word_1_133' title='bbox 543 1931 601 1992; x_wconf 88' lang='lat' dir='ltr'><strong>nisi</strong></span> <span class='ocrx_word' id='word_1_134' title='bbox 623 1930 698 1992; x_wconf 80' lang='lat' dir='ltr'><strong>iliud</strong></span> <span class='ocrx_word' id='word_1_135' title='bbox 721 1930 818 1996; x_wconf 87' lang='lat' dir='ltr'><strong>Petri:</strong></span> <span class='ocrx_word' id='word_1_136' title='bbox 854 1933 985 2016; x_wconf 83' lang='lat' dir='ltr'><strong>Oportet</strong></span> 
     </span>
     <span class='ocr_line' id='line_1_20' title="bbox 59 2013 982 2100; baseline -0.003 -20"><span class='ocrx_word' id='word_1_137' title='bbox 59 2018 125 2081; x_wconf 86' lang='lat' dir='ltr'><strong>Deo</strong></span> <span class='ocrx_word' id='word_1_138' title='bbox 149 2019 245 2100; x_wconf 79' lang='lat' dir='ltr'><strong>magis</strong></span> <span class='ocrx_word' id='word_1_139' title='bbox 269 2014 409 2090; x_wconf 84' lang='lat' dir='ltr'><strong>obedire,</strong></span> <span class='ocrx_word' id='word_1_140' title='bbox 443 2031 535 2095; x_wconf 87' lang='lat' dir='ltr'><strong>qnam</strong></span> <span class='ocrx_word' id='word_1_141' title='bbox 569 2013 765 2077; x_wconf 79' lang='lat' dir='ltr'><strong>hominibus?</strong></span> <span class='ocrx_word' id='word_1_142' title='bbox 808 2013 868 2078; x_wconf 90' lang='lat' dir='ltr'><strong>Ubi</strong></span> <span class='ocrx_word' id='word_1_143' title='bbox 902 2017 982 2078; x_wconf 89' lang='lat' dir='ltr'><strong>enim</strong></span> 
     </span>
     <span class='ocr_line' id='line_1_21' title="bbox 60 2099 984 2182; baseline -0.001 -21"><span class='ocrx_word' id='word_1_144' title='bbox 60 2103 242 2182; x_wconf 83' lang='lat' dir='ltr'><strong>eonstiterit,</strong></span> <span class='ocrx_word' id='word_1_145' title='bbox 264 2100 344 2161; x_wconf 85' lang='lat' dir='ltr'><strong>beno</strong></span> <span class='ocrx_word' id='word_1_146' title='bbox 366 2116 572 2160; x_wconf 77' lang='lat' dir='ltr'><strong>causemesse</strong></span> <span class='ocrx_word' id='word_1_147' title='bbox 593 2104 732 2159; x_wconf 87' lang='lat' dir='ltr'><strong>senetam</strong></span> <span class='ocrx_word' id='word_1_148' title='bbox 748 2099 984 2180; x_wconf 75' lang='lat' dir='ltr'><strong>placentemqus</strong></span> 
     </span>
     <span class='ocr_line' id='line_1_22' title="bbox 60 2180 982 2264; baseline 0.001 -22"><span class='ocrx_word' id='word_1_149' title='bbox 60 2182 137 2258; x_wconf 90' lang='lat' dir='ltr'><strong>Deo,</strong></span> <span class='ocrx_word' id='word_1_150' title='bbox 160 2186 246 2243; x_wconf 90' lang='lat' dir='ltr'><strong>sieuti</strong></span> <span class='ocrx_word' id='word_1_151' title='bbox 269 2203 376 2245; x_wconf 87' lang='lat' dir='ltr'><strong>revera</strong></span> <span class='ocrx_word' id='word_1_152' title='bbox 399 2189 454 2263; x_wconf 79' lang='lat' dir='ltr'><strong>est,</strong></span> <span class='ocrx_word' id='word_1_153' title='bbox 479 2180 606 2242; x_wconf 81' lang='lat' dir='ltr'><strong>consisti</strong></span> <span class='ocrx_word' id='word_1_154' title='bbox 617 2188 741 2261; x_wconf 89' lang='lat' dir='ltr'><strong>oportet</strong></span> <span class='ocrx_word' id='word_1_155' title='bbox 751 2202 843 2262; x_wconf 89' lang='lat' dir='ltr'><strong>snpre</strong></span> <span class='ocrx_word' id='word_1_156' title='bbox 865 2190 982 2264; x_wconf 85' lang='lat' dir='ltr'><strong>petram</strong></span> 
     </span>
     <span class='ocr_line' id='line_1_23' title="bbox 60 2264 983 2345; baseline 0.002 -20"><span class='ocrx_word' id='word_1_157' title='bbox 60 2270 90 2325; x_wconf 88' lang='lat' dir='ltr'><strong>et</strong></span> <span class='ocrx_word' id='word_1_158' title='bbox 110 2270 263 2325; x_wconf 90' lang='lat' dir='ltr'><strong>tumentes</strong></span> <span class='ocrx_word' id='word_1_159' title='bbox 294 2265 366 2325; x_wconf 84' lang='lat' dir='ltr'><strong>illos</strong></span> <span class='ocrx_word' id='word_1_160' title='bbox 387 2265 497 2325; x_wconf 87' lang='lat' dir='ltr'><strong>fluetus</strong></span> <span class='ocrx_word' id='word_1_161' title='bbox 520 2264 734 2345; x_wconf 78' lang='lat' dir='ltr'><strong>minantesque</strong></span> <span class='ocrx_word' id='word_1_162' title='bbox 756 2273 866 2327; x_wconf 86' lang='lat' dir='ltr'><strong>ventos</strong></span> <span class='ocrx_word' id='word_1_163' title='bbox 888 2272 920 2327; x_wconf 87' lang='lat' dir='ltr'><strong>et</strong></span> <span class='ocrx_word' id='word_1_164' title='bbox 939 2267 983 2327; x_wconf 92' lang='lat' dir='ltr'><strong>in·</strong></span> 
     </span>
     <span class='ocr_line' id='line_1_24' title="bbox 59 2346 985 2431; baseline 0.002 -23"><span class='ocrx_word' id='word_1_165' title='bbox 59 2346 209 2408; x_wconf 80' lang='lat' dir='ltr'><strong>undantes</strong></span> <span class='ocrx_word' id='word_1_166' title='bbox 231 2347 350 2428; x_wconf 77' lang='lat' dir='ltr'><strong>pluvios</strong></span> <span class='ocrx_word' id='word_1_167' title='bbox 373 2353 585 2422; x_wconf 80' lang='lat' dir='ltr'><strong>contemnere,</strong></span> <span class='ocrx_word' id='word_1_168' title='bbox 606 2348 680 2408; x_wconf 87' lang='lat' dir='ltr'><strong>nibil</strong></span> <span class='ocrx_word' id='word_1_169' title='bbox 710 2350 808 2410; x_wconf 89' lang='lat' dir='ltr'><strong>minus</strong></span> <span class='ocrx_word' id='word_1_170' title='bbox 831 2356 985 2431; x_wconf 84' lang='lat' dir='ltr'><strong>speetare,</strong></span> 
     </span>
     <span class='ocr_line' id='line_1_25' title="bbox 59 2429 983 2511; baseline 0.001 -20"><span class='ocrx_word' id='word_1_171' title='bbox 59 2449 149 2511; x_wconf 87' lang='lat' dir='ltr'><strong>quarn</strong></span> <span class='ocrx_word' id='word_1_172' title='bbox 173 2437 206 2491; x_wconf 93' lang='lat' dir='ltr'><strong>nt</strong></span> <span class='ocrx_word' id='word_1_173' title='bbox 226 2449 290 2511; x_wconf 88' lang='lat' dir='ltr'><strong>pax</strong></span> <span class='ocrx_word' id='word_1_174' title='bbox 321 2435 352 2488; x_wconf 90' lang='lat' dir='ltr'><strong>et</strong></span> <span class='ocrx_word' id='word_1_175' title='bbox 374 2429 460 2508; x_wconf 90' lang='lat' dir='ltr'><strong>quies</strong></span> <span class='ocrx_word' id='word_1_176' title='bbox 492 2434 546 2490; x_wconf 89' lang='lat' dir='ltr'><strong>aut</strong></span> <span class='ocrx_word' id='word_1_177' title='bbox 579 2432 678 2509; x_wconf 85' lang='lat' dir='ltr'><strong>gratie</strong></span> <span class='ocrx_word' id='word_1_178' title='bbox 706 2440 736 2491; x_wconf 91' lang='lat' dir='ltr'><strong>et</strong></span> <span class='ocrx_word' id='word_1_179' title='bbox 757 2431 857 2494; x_wconf 91' lang='lat' dir='ltr'><strong>bonor</strong></span> <span class='ocrx_word' id='word_1_180' title='bbox 877 2434 918 2493; x_wconf 84' lang='lat' dir='ltr'><strong>sit</strong></span> <span class='ocrx_word' id='word_1_181' title='bbox 936 2432 983 2511; x_wconf 83' lang='lat' dir='ltr'><strong>iis,</strong></span> 
     </span>
     <span class='ocr_line' id='line_1_26' title="bbox 59 2511 795 2594; baseline 0.003 -20"><span class='ocrx_word' id='word_1_182' title='bbox 59 2515 109 2594; x_wconf 89' lang='lat' dir='ltr'><strong>qui</strong></span> <span class='ocrx_word' id='word_1_183' title='bbox 133 2513 257 2594; x_wconf 88' lang='lat' dir='ltr'><strong>sapiunt</strong></span> <span class='ocrx_word' id='word_1_184' title='bbox 278 2519 308 2573; x_wconf 89' lang='lat' dir='ltr'><strong>et</strong></span> <span class='ocrx_word' id='word_1_185' title='bbox 327 2511 444 2572; x_wconf 82' lang='lat' dir='ltr'><strong>taoinnt</strong></span> <span class='ocrx_word' id='word_1_186' title='bbox 464 2529 510 2591; x_wconf 87' lang='lat' dir='ltr'><strong>ea,</strong></span> <span class='ocrx_word' id='word_1_187' title='bbox 534 2528 612 2590; x_wconf 91' lang='lat' dir='ltr'><strong>qnae</strong></span> <span class='ocrx_word' id='word_1_188' title='bbox 635 2513 692 2574; x_wconf 88' lang='lat' dir='ltr'><strong>Dei</strong></span> <span class='ocrx_word' id='word_1_189' title='bbox 715 2521 795 2577; x_wconf 89' lang='lat' dir='ltr'><strong>sunt.</strong></span> 
     </span>
    </p>
   </div>
   <div class='ocr_carea' id='block_1_4' title="bbox 17 2661 1021 3393">
    <p class='ocr_par' dir='ltr' id='par_1_4' title="bbox 17 2661 1021 3393">
     <span class='ocr_line' id='line_1_27' title="bbox 115 2661 984 2745; baseline -0.001 -16"><span class='ocrx_word' id='word_1_190' title='bbox 115 2666 118 2671; x_wconf 71' lang='grc'><em>’</em></span> <span class='ocrx_word' id='word_1_191' title='bbox 142 2667 222 2745; x_wconf 78' lang='lat' dir='ltr'><strong>Quin</strong></span> <span class='ocrx_word' id='word_1_192' title='bbox 244 2662 316 2729; x_wconf 87' lang='lat' dir='ltr'><strong>ideo</strong></span> <span class='ocrx_word' id='word_1_193' title='bbox 338 2662 476 2724; x_wconf 71' lang='lat' dir='ltr'><strong>Christus</strong></span> <span class='ocrx_word' id='word_1_194' title='bbox 496 2661 578 2724; x_wconf 86' lang='lat' dir='ltr'><strong>buno</strong></span> <span class='ocrx_word' id='word_1_195' title='bbox 599 2665 701 2744; x_wconf 84' lang='lat' dir='ltr'><strong>ignem</strong></span> <span class='ocrx_word' id='word_1_196' title='bbox 723 2667 755 2726; x_wconf 90' lang='lat' dir='ltr'><strong>in</strong></span> <span class='ocrx_word' id='word_1_197' title='bbox 778 2672 873 2726; x_wconf 89' lang='lat' dir='ltr'><strong>terras</strong></span> <span class='ocrx_word' id='word_1_198' title='bbox 893 2667 984 2729; x_wconf 90' lang='lat' dir='ltr'><strong>mittit</strong></span> 
     </span>
     <span class='ocr_line' id='line_1_28' title="bbox 60 2745 982 2827; baseline 0 -15"><span class='ocrx_word' id='word_1_199' title='bbox 60 2758 90 2812; x_wconf 89' lang='lat' dir='ltr'><strong>et</strong></span> <span class='ocrx_word' id='word_1_200' title='bbox 105 2749 275 2812; x_wconf 85' lang='lat' dir='ltr'><strong>Behemotb</strong></span> <span class='ocrx_word' id='word_1_201' title='bbox 294 2748 379 2809; x_wconf 85' lang='lat' dir='ltr'><strong>ilium</strong></span> <span class='ocrx_word' id='word_1_202' title='bbox 390 2745 555 2807; x_wconf 83' lang='lat' dir='ltr'><strong>terribilem</strong></span> <span class='ocrx_word' id='word_1_203' title='bbox 568 2747 637 2827; x_wconf 87' lang='lat' dir='ltr'><strong>ipse</strong></span> <span class='ocrx_word' id='word_1_204' title='bbox 651 2766 712 2809; x_wconf 92' lang='lat' dir='ltr'><strong>non</strong></span> <span class='ocrx_word' id='word_1_205' title='bbox 735 2748 866 2810; x_wconf 83' lang='lat' dir='ltr'><strong>erudelis</strong></span> <span class='ocrx_word' id='word_1_206' title='bbox 888 2751 982 2812; x_wconf 82' lang='lat' dir='ltr'><strong>susei-</strong></span> 
     </span>
     <span class='ocr_line' id='line_1_29' title="bbox 57 2830 981 2912; baseline 0 -18"><span class='ocrx_word' id='word_1_207' title='bbox 57 2839 112 2912; x_wconf 90' lang='lat' dir='ltr'><strong>tat,</strong></span> <span class='ocrx_word' id='word_1_208' title='bbox 134 2841 167 2896; x_wconf 89' lang='lat' dir='ltr'><strong>ut</strong></span> <span class='ocrx_word' id='word_1_209' title='bbox 189 2833 308 2896; x_wconf 88' lang='lat' dir='ltr'><strong>erudiet</strong></span> <span class='ocrx_word' id='word_1_210' title='bbox 329 2848 401 2911; x_wconf 83' lang='lat' dir='ltr'><strong>nos,</strong></span> <span class='ocrx_word' id='word_1_211' title='bbox 439 2847 501 2889; x_wconf 93' lang='lat' dir='ltr'><strong>non</strong></span> <span class='ocrx_word' id='word_1_212' title='bbox 538 2848 607 2890; x_wconf 89' lang='lat' dir='ltr'><strong>esse</strong></span> <span class='ocrx_word' id='word_1_213' title='bbox 639 2837 765 2892; x_wconf 83' lang='lat' dir='ltr'><strong>nostroe</strong></span> <span class='ocrx_word' id='word_1_214' title='bbox 798 2830 981 2895; x_wconf 79' lang='lat' dir='ltr'><strong>infirmitatis</strong></span> 
     </span>
     <span class='ocr_line' id='line_1_30' title="bbox 17 2911 982 2998; baseline -0.002 -19"><span class='ocrx_word' id='word_1_215' title='bbox 17 2943 27 2953; x_wconf 89' lang='grc'><em>·</em></span> <span class='ocrx_word' id='word_1_216' title='bbox 60 2935 149 2998; x_wconf 87' lang='lat' dir='ltr'><strong>opus,</strong></span> <span class='ocrx_word' id='word_1_217' title='bbox 171 2916 256 2998; x_wconf 89' lang='lat' dir='ltr'><strong>quod</strong></span> <span class='ocrx_word' id='word_1_218' title='bbox 277 2914 473 2992; x_wconf 81' lang='lat' dir='ltr'><strong>instituimus,</strong></span> <span class='ocrx_word' id='word_1_219' title='bbox 495 2911 550 2974; x_wconf 90' lang='lat' dir='ltr'><strong>sed</strong></span> <span class='ocrx_word' id='word_1_220' title='bbox 572 2913 690 2974; x_wconf 87' lang='lat' dir='ltr'><strong>virtutis</strong></span> <span class='ocrx_word' id='word_1_221' title='bbox 713 2913 844 2989; x_wconf 87' lang='lat' dir='ltr'><strong>divinae,</strong></span> <span class='ocrx_word' id='word_1_222' title='bbox 866 2917 982 2998; x_wconf 81' lang='lat' dir='ltr'><strong>negin-</strong></span> 
     </span>
     <span class='ocr_line' id='line_1_31' title="bbox 57 2994 980 3079; baseline 0.003 -21"><span class='ocrx_word' id='word_1_223' title='bbox 57 3001 169 3061; x_wconf 90' lang='lat' dir='ltr'><strong>riamur</strong></span> <span class='ocrx_word' id='word_1_224' title='bbox 191 3005 244 3060; x_wconf 84' lang='lat' dir='ltr'><strong>sut</strong></span> <span class='ocrx_word' id='word_1_225' title='bbox 264 3013 497 3079; x_wconf 87' lang='lat' dir='ltr'><strong>praesumamus</strong></span> <span class='ocrx_word' id='word_1_226' title='bbox 520 2994 667 3056; x_wconf 82' lang='lat' dir='ltr'><strong>adversus</strong></span> <span class='ocrx_word' id='word_1_227' title='bbox 687 2997 816 3078; x_wconf 84' lang='lat' dir='ltr'><strong>gratiam</strong></span> <span class='ocrx_word' id='word_1_228' title='bbox 838 2997 903 3076; x_wconf 90' lang='lat' dir='ltr'><strong>Dei,</strong></span> <span class='ocrx_word' id='word_1_229' title='bbox 925 2999 980 3060; x_wconf 88' lang='lat' dir='ltr'><strong>sed</strong></span> 
     </span>
     <span class='ocr_line' id='line_1_32' title="bbox 56 3078 982 3160; baseline -0.002 -16"><span class='ocrx_word' id='word_1_230' title='bbox 56 3101 115 3144; x_wconf 88' lang='lat' dir='ltr'><strong>nos</strong></span> <span class='ocrx_word' id='word_1_231' title='bbox 136 3081 176 3143; x_wconf 93' lang='lat' dir='ltr'><strong>de</strong></span> <span class='ocrx_word' id='word_1_232' title='bbox 209 3081 299 3144; x_wconf 90' lang='lat' dir='ltr'><strong>nobis</strong></span> <span class='ocrx_word' id='word_1_233' title='bbox 328 3079 529 3160; x_wconf 81' lang='lat' dir='ltr'><strong>desperantes</strong></span> <span class='ocrx_word' id='word_1_234' title='bbox 562 3078 706 3140; x_wconf 87' lang='lat' dir='ltr'><strong>sileamus</strong></span> <span class='ocrx_word' id='word_1_235' title='bbox 736 3086 768 3141; x_wconf 90' lang='lat' dir='ltr'><strong>et</strong></span> <span class='ocrx_word' id='word_1_236' title='bbox 797 3081 897 3160; x_wconf 88' lang='lat' dir='ltr'><strong>ipsum</strong></span> <span class='ocrx_word' id='word_1_237' title='bbox 930 3089 982 3156; x_wconf 85' lang='lat' dir='ltr'><strong>(ut</strong></span> 
     </span>
     <span class='ocr_line' id='line_1_33' title="bbox 56 3161 981 3246; baseline -0.002 -19"><span class='ocrx_word' id='word_1_238' title='bbox 56 3165 212 3246; x_wconf 79' lang='lat' dir='ltr'><strong>Soriptura</strong></span> <span class='ocrx_word' id='word_1_239' title='bbox 233 3165 327 3228; x_wconf 89' lang='lat' dir='ltr'><strong>toties</strong></span> <span class='ocrx_word' id='word_1_240' title='bbox 343 3161 496 3234; x_wconf 86' lang='lat' dir='ltr'><strong>innuleet]</strong></span> <span class='ocrx_word' id='word_1_241' title='bbox 521 3162 656 3223; x_wconf 86' lang='lat' dir='ltr'><strong>sinamus</strong></span> <span class='ocrx_word' id='word_1_242' title='bbox 669 3181 807 3245; x_wconf 77' lang='lat' dir='ltr'><strong>pugnero</strong></span> <span class='ocrx_word' id='word_1_243' title='bbox 816 3181 873 3243; x_wconf 90' lang='lat' dir='ltr'><strong>pro</strong></span> <span class='ocrx_word' id='word_1_244' title='bbox 891 3163 981 3226; x_wconf 87' lang='lat' dir='ltr'><strong>nobis</strong></span> 
     </span>
     <span class='ocr_line' id='line_1_34' title="bbox 56 3245 981 3326; baseline -0.001 -17"><span class='ocrx_word' id='word_1_245' title='bbox 56 3251 138 3310; x_wconf 91' lang='lat' dir='ltr'><strong>etin</strong></span> <span class='ocrx_word' id='word_1_246' title='bbox 162 3254 267 3310; x_wconf 86' lang='lat' dir='ltr'><strong>nostro</strong></span> <span class='ocrx_word' id='word_1_247' title='bbox 293 3245 470 3308; x_wconf 79' lang='lat' dir='ltr'><strong>infirmitate</strong></span> <span class='ocrx_word' id='word_1_248' title='bbox 503 3247 639 3307; x_wconf 91' lang='lat' dir='ltr'><strong>omnium</strong></span> <span class='ocrx_word' id='word_1_249' title='bbox 661 3248 722 3307; x_wconf 85' lang='lat' dir='ltr'><strong>vim</strong></span> <span class='ocrx_word' id='word_1_250' title='bbox 751 3253 782 3307; x_wconf 91' lang='lat' dir='ltr'><strong>et</strong></span> <span class='ocrx_word' id='word_1_251' title='bbox 809 3249 981 3326; x_wconf 87' lang='lat' dir='ltr'><strong>potentium</strong></span> 
     </span>
     <span class='ocr_line' id='line_1_35' title="bbox 57 3326 1021 3393; baseline 0.001 -3"><span class='ocrx_word' id='word_1_252' title='bbox 57 3331 180 3392; x_wconf 83' lang='lat' dir='ltr'><strong>rinoare</strong></span> <span class='ocrx_word' id='word_1_253' title='bbox 201 3335 233 3393; x_wconf 89' lang='lat' dir='ltr'><strong>et</strong></span> <span class='ocrx_word' id='word_1_254' title='bbox 254 3333 284 3392; x_wconf 92' lang='lat' dir='ltr'><strong>in</strong></span> <span class='ocrx_word' id='word_1_255' title='bbox 307 3336 414 3391; x_wconf 90' lang='lat' dir='ltr'><strong>nostro</strong></span> <span class='ocrx_word' id='word_1_256' title='bbox 436 3326 559 3389; x_wconf 89' lang='lat' dir='ltr'><strong>silentio</strong></span> <span class='ocrx_word' id='word_1_257' title='bbox 586 3330 681 3391; x_wconf 81' lang='lat' dir='ltr'><strong>totins</strong></span> <span class='ocrx_word' id='word_1_258' title='bbox 702 3331 793 3391; x_wconf 89' lang='lat' dir='ltr'><strong>maris</strong></span> <span class='ocrx_word' id='word_1_259' title='bbox 816 3335 932 3391; x_wconf 91' lang='lat' dir='ltr'><strong>motum</strong></span> <span class='ocrx_word' id='word_1_260' title='bbox 949 3336 982 3391; x_wconf 85' lang='lat' dir='ltr'><strong>et</strong></span> <span class='ocrx_word' id='word_1_261' title='bbox 1017 3376 1021 3382; x_wconf 82' lang='lat'><strong>.</strong></span> 
     </span>
    </p>
   </div>
   <div class='ocr_carea' id='block_1_5' title="bbox 55 3410 1143 3505">
    <p class='ocr_par' dir='ltr' id='par_1_5' title="bbox 55 3410 1143 3505">
     <span class='ocr_line' id='line_1_36' title="bbox 55 3410 1143 3505; baseline 0.001 -32"><span class='ocrx_word' id='word_1_262' title='bbox 55 3410 165 3474; x_wconf 85' lang='lat' dir='ltr'><strong>fluetus</strong></span> <span class='ocrx_word' id='word_1_263' title='bbox 187 3415 252 3476; x_wconf 88' lang='lat' dir='ltr'><strong>eius</strong></span> <span class='ocrx_word' id='word_1_264' title='bbox 273 3430 487 3493; x_wconf 85' lang='lat' dir='ltr'><strong>oompesoere,</strong></span> <span class='ocrx_word' id='word_1_265' title='bbox 517 3410 597 3472; x_wconf 85' lang='lat' dir='ltr'><strong>siout</strong></span> <span class='ocrx_word' id='word_1_266' title='bbox 622 3413 767 3494; x_wconf 85' lang='lat' dir='ltr'><strong>seriptum</strong></span> <span class='ocrx_word' id='word_1_267' title='bbox 789 3411 902 3496; x_wconf 73' lang='lat' dir='ltr'><strong>est*):</strong></span> <span class='ocrx_word' id='word_1_268' title='bbox 945 3413 979 3474; x_wconf 87' lang='lat' dir='ltr'><strong>ln</strong></span> <span class='ocrx_word' id='word_1_269' title='bbox 1137 3498 1143 3505; x_wconf 94' lang='lat'>.</span> 
     </span>
    </p>
   </div>
   <div class='ocr_carea' id='block_1_6' title="bbox 125 3682 920 3821">
    <p class='ocr_par' dir='ltr' id='par_1_6' title="bbox 125 3682 992 3821">
     <span class='ocr_line' id='line_1_37' title="bbox 125 3682 920 3821; baseline -0.044 -37"><span class='ocrx_word' id='word_1_270' title='bbox 125 3723 157 3795; x_wconf 88' lang='lat'><strong>1)</strong></span> <span class='ocrx_word' id='word_1_271' title='bbox 175 3723 207 3780; x_wconf 92' lang='lat' dir='ltr'><strong>In</strong></span> <span class='ocrx_word' id='word_1_272' title='bbox 225 3723 270 3784; x_wconf 88' lang='lat' dir='ltr'><strong>ed.</strong></span> <span class='ocrx_word' id='word_1_273' title='bbox 289 3682 534 3798; x_wconf 58' lang='lat' dir='ltr'><strong>oriprtueiptuq</strong></span> <span class='ocrx_word' id='word_1_274' title='bbox 573 3686 706 3802; x_wconf 44' lang='lat' dir='ltr'><strong>»aym</strong></span> <span class='ocrx_word' id='word_1_275' title='bbox 724 3730 771 3821; x_wconf 62' lang='lat'><strong>³9·</strong></span> <span class='ocrx_word' id='word_1_276' title='bbox 788 3727 857 3801; x_wconf 66' lang='lat'><strong>⁸⁸9·</strong></span> <span class='ocrx_word' id='word_1_277' title='bbox 874 3730 920 3789; x_wconf 48' lang='lat'><strong>40·</strong></span> 
     </span>
    </p>
   </div>
   <div class='ocr_carea' id='block_1_7' title="bbox 0 0 1201 4170">
    <p class='ocr_par' dir='ltr' id='par_1_7' title="bbox 0 0 1201 4170">
     <span class='ocr_line' id='line_1_38' title="bbox 0 0 1201 4170; baseline 0 0"><span class='ocrx_word' id='word_1_278' title='bbox 0 0 1201 4170; x_wconf 95' lang='lat' dir='ltr'><strong> </strong></span> 
     </span>
    </p>
   </div>
  </div>
 </body>
</html>
