2392 4170
404 237 491 303 lilaea
507 240 670 319 partun.
689 239 724 303 a
743 241 774 304 L,
997 242 1059 314 Μ

133 432 243 564 mum
279 419 441 482 maniiasta
476 422 533 482 erit
567 421 724 502 omnibns,
758 423 837 484 sicut
855 385 900 484 et
935 421 1059 484 illorum

166 522 203 566 ,οἳ
256 521 259 526 .

136 653 331 726 Secunda
357 674 486 739 pars,
517 654 568 719 de
600 655 750 719 verbis
781 612 970 737 Missas,
1007 614 1059 721 ex

135 736 283 822 quibus
316 737 557 823 probatur,
580 737 738 803 Missam
764 759 842 804 non
874 754 1059 804 essere·

489 819 703 890 orificium.

413 928 508 991 Item
531 926 576 990 de
598 926 780 996 (ta-none.

217 1032 319 1096 Prima
340 1041 426 1115 parte
447 1034 651 1097 sacerdotium
680 1034 754 1096 illud
778 1035 911 1099 Satanae
931 1035 1057 1117 impium

135 1122 167 1178 ei
188 1116 396 1180 abominabile
408 1125 455 1179 sat
477 1118 655 1200 potentibus
669 1118 832 1200 Scripturis
844 1119 1058 1201 subvertimus,

135 1196 245 1344 pilibus
274 1202 601 1284 comprobavimus,
629 1200 738 1264 Missas
759 1223 822 1264 non
853 1221 946 1286 posse
964 1204 1056 1264 sacri-

156 1285 342 1357 'ciinomine
364 1287 509 1364 censeri,
537 1294 569 1347 et
597 1304 633 1346 os
654 1285 900 1348 adversariorum
922 1285 1058 1367 opplevi-

134 1364 247 1451 mus1),
272 1376 385 1430 utnon
406 1369 549 1449 habeant,
571 1367 654 1450 quod
674 1370 794 1451 possint
816 1377 1058 1448 contravertarc,

136 1451 194 1511 uisi
217 1471 287 1512 suas
311 1454 482 1535 opiniones,
505 1452 743 1515 consuetudines
771 1460 801 1514 et
822 1452 980 1515 hominum
1002 1471 1057 1514 an·

135 1534 284 1612 toritates,
306 1538 431 1616 quasin
453 1555 486 1598 re
509 1536 614 1598 divina
637 1543 668 1598 et
683 1534 838 1598 fundanda
860 1534 920 1598 dde
941 1536 1055 1614 nullius

122 1626 204 1679 *esse
223 1621 371 1680 momenti
393 1638 484 1682 nemo
496 1621 628 1702 ignorat.
663 1619 759 1683 Simul
771 1621 845 1681 satis
858 1617 1058 1681 confirmatae

135 1708 206 1762 sunt
228 1705 438 1766 conscientiae
459 1702 657 1784 infirmiores,
680 1710 713 1764 ut
765 1703 840 1766 robe
872 1703 1057 1785 intelligant,

83 1855 86 1859 ,
134 1772 248 1846 nullum
272 1806 341 1848 esse
364 1789 436 1849 novi
447 1787 637 1850 Testamenti
657 1724 850 1866 scerilcium,
872 1792 994 1869 praeter
1015 1785 1057 1865 id,

134 1868 218 1950 quod
231 1868 386 1953 Scriptura
408 1870 509 1954 docet,
531 1871 629 1933 crucis
651 1875 682 1932 et
702 1869 811 1951 laudis,
835 1888 894 1931 nec
917 1871 956 1930 sit
977 1868 1057 1945 ullus

133 1953 264 2035 amplius
287 1953 374 2016 loeus
388 1955 533 2037 scrupuli,
556 1953 682 2016 Missam
693 1971 756 2015 non
773 1972 842 2039 esse
863 1940 1056 2018 sacrillbiuit'e.

132 2020 223 2098 libne
244 2038 380 2100 secundo
398 2038 480 2118 loco,
505 2042 576 2118 post
592 2038 685 2119 bella,
706 2037 842 2119 pacificis
864 2036 1057 2100 documentis

133 2116 215 2182 idem
238 2119 433 2203 docebimus,
462 2130 492 2183 et
519 2142 613 2204 supra
653 2121 885 2184 fundamentum
920 2121 1056 2202 positum

133 2203 282 2283 teniuer2)
306 2211 337 2266 et
359 2205 492 2267 molliter
518 2205 763 2287 aedificabimus,
787 2205 960 2267 sermonem
984 2222 1053 2286 pro·

133 2291 198 2369 pria
221 2288 261 2349 ad
281 2290 452 2350 institutum
485 2289 774 2367 accommodantes,
801 2287 839 2351 de
861 2289 956 2350 Missa
988 2289 1056 2370 ipae

133 2373 302 2455 tractaturi,
325 2391 385 2434 non
402 2373 524 2452 nostris,
546 2381 580 2434 ut
591 2372 724 2435 Satanas
739 2372 855 2434 faciunt
867 2371 1056 2454 sacerdotes,

133 2455 189 2517 sed
210 2456 284 2517 solis
307 2455 416 2517 divinis
439 2455 539 2517 verbis
572 2455 743 2533 innitendo,
784 2454 887 2532 Quare
909 2455 947 2516 ab
970 2455 1056 2518 initio
1101 2512 1104 2518 .

133 2538 245 2601 Missae
266 2541 488 2602 institutionem
510 2546 541 2601 et
562 2539 656 2602 verba
678 2539 864 2600 instituentis
885 2537 1056 2602 audiamus.
1098 2553 1100 2557 ·

133 2623 210 2686 Sunt
231 2630 334 2684 autem
357 2625 448 2685 haec:

216 2707 334 2768 Primus
376 2713 424 2768 est
455 2705 625 2768 Matthaeus
666 2707 767 2786 eapite
797 2707 856 2770 26:
886 2704 1057 2766 Edentibna

133 2794 235 2851 autem
258 2790 316 2851 illis
350 2793 469 2873 accepit
491 2789 575 2852 lesus
598 2810 719 2871 panem,
742 2789 773 2850 e't
793 2789 907 2873 gratias
938 2789 1003 2871 egit
1024 2795 1055 2851 at

130 2873 230 2956 fregit,
253 2873 397 2956 deditque
419 2873 575 2956 discipulis
605 2874 667 2935 auis
698 2882 728 2935 et
760 2875 826 2933 ait:
857 2873 1001 2954 Accipite
1024 2879 1055 2934 ct

133 2956 326 3040 manducate,
349 2959 410 3020 hcc
431 2965 478 3020 est
499 2976 611 3039 corpus
634 2964 751 3030 meum,
774 2963 805 3018 et
825 2957 891 3018 acci
915 2952 982 3021 ieris
1005 2973 1056 3017 ea·

132 3041 222 3102 licem
254 3044 369 3123 gratias
392 3044 471 3124 egit,
499 3046 530 3103 et
552 3040 636 3105 dedit
660 3040 721 3103 illis
744 3039 863 3106 dicens:
893 2976 994 3105 bibite
1017 3038 1057 3113 esi
1137 3117 1143 3128 Ι

132 3125 196 3187 hoc
217 3145 336 3190 omnes.
905 3176 908 3181 -
1038 3189 1041 3193 .

215 3208 273 3270 Hic
301 3216 349 3271 est
379 3210 459 3272 enim
489 3209 614 3290 sanguis
639 3212 726 3270 meus
751 3209 823 3269 novi
855 3200 1056 3298 Testamenti,

132 3294 183 3375 qui
207 3314 264 3375 pro
288 3293 390 3355 multis
413 3293 584 3356 effundetur
611 3294 642 3353 in
676 3292 889 3355 remissionem
914 3294 1058 3373 peccato·

131 3396 199 3438 rum
224 3383 282 3440 etc.

215 3459 352 3523 Graecus
369 3460 531 3541 utrobique
553 3455 647 3523 habat
667 3451 917 3545 edxcpaot'cue,
938 3457 1054 3540 gratias

132 3564 251 3626 agens,
284 3544 366 3643 quod
389 3552 494 3605 noster
520 3543 707 3622 translator,
742 3481 924 3619 benedixit,
956 3542 1055 3629 primo

131 3627 203 3690 loco
226 3638 325 3692 vertit.
369 3627 460 3705 Quod
482 3626 570 3708 dico,
592 3647 632 3688 no
653 3624 860 3706 intempestivi
892 3624 1055 3687 uerboriiiii

204 3784 232 3853 1)
250 3781 283 3838 ln
302 3783 348 3842 ed.
366 3785 438 3841 Ian:
459 3779 655 3853 oppilavimus,
686 3781 716 3849 2)
734 3777 767 3834 m
782 3772 827 3836 td.
847 3777 931 3851 otigr
950 3773 1058 3835 lavim.

143 3887 238 3931 nucea
254 3897 311 3940 opp.
326 3888 390 3934 aa.
404 3888 434 3930 tc
462 3885 505 3932 rer.
523 3885 575 3927 unt.
595 3883 611 3926 ι.
631 3894 653 3935 p.
671 3883 722 3926 von
736 3881 776 3925 vr.
921 3851 964 3919 tc
