2392 4170
393 249 519 302 stelionis
538 247 718 302 Latomisnss
739 252 791 301 stc.
990 242 1056 316 497

135 398 276 475 surdum,
307 400 419 462 docere
441 404 471 462 in
495 403 629 463 ecclesia
653 401 790 463 incerte?
824 399 956 476 Quando
979 418 1055 480 ergo

135 483 193 545 crit
214 502 277 562 psx
299 486 328 543 in
352 485 495 546 cordibus
526 485 664 547 uostris?
701 485 780 562 Quid
802 485 921 545 interim
944 483 1057 543 facist?

134 585 174 624 sn
198 567 297 626 orabit
327 586 384 647 pro
407 570 497 630 venis
520 570 639 649 peceati
676 571 707 628 in
741 569 823 628 bono
859 586 969 648 opere,
1003 573 1057 626 sut

134 647 262 709 iactabit
283 649 357 711 illud
380 671 483 713 coram
506 652 597 713 Deo?
620 651 790 712 Periculum
813 658 876 729 eet,
900 652 925 710 si
949 668 1056 729 peccc-

99 760 102 762 >
134 739 198 791 tum
231 738 279 792 est
310 743 340 793 et
372 736 492 796 veniam
525 754 586 796 non
610 736 694 816 petit.
737 735 853 795 Rursus
876 734 1056 814 periculum,

134 815 159 873 si
176 815 306 878 „venium
338 819 431 898 petit,
464 818 515 879 ubi
537 837 599 881 non
622 825 669 879 est
701 825 753 878 aut
785 836 847 878 non
880 835 948 876 esse
971 822 1057 896 putet

135 896 268 976 culpem.
312 899 474 962 Mentietur
496 903 576 962 enim
599 910 630 963 et
646 901 747 963 orabit
767 903 823 981 pro
845 919 894 974 eo,
916 917 972 979 pro
995 917 1057 978 quo

135 998 197 1042 non
221 981 370 1042 orandum
394 986 503 1065 sentit,
533 993 562 1046 et
584 985 644 1045 hoc
666 986 735 1064 ipso
759 981 954 1045 confitebitur
976 1001 1055 1062 opus

135 1064 225 1129 venis
247 1063 392 1144 dignum,
416 1074 447 1128 et
467 1068 562 1129 faciet
584 1069 612 1129 ei
634 1069 784 1129 iniuriam.
829 1065 1002 1146 Suspeudet
1024 1067 1055 1124 in

135 1145 282 1208 dubium?
318 1167 392 1230 ergo
425 1152 517 1211 etism
546 1152 664 1210 incerte
692 1169 782 1210 orare
803 1155 960 1229 orportet,
994 1166 1055 1208 non

135 1237 252 1291 tuntum
275 1233 417 1311 operarii
438 1232 562 1295 Grotius
585 1233 688 1315 vobis,
714 1233 850 1313 Magistri
873 1232 982 1308 nostri,
1004 1234 1055 1310 qui

136 1312 208 1373 nihil
231 1314 380 1399 incertum
394 1315 425 1394 ¹)
452 1316 541 1379 nobis
564 1317 749 1396 relinquitis,
772 1334 829 1376 nec
851 1315 911 1375 hoc
933 1314 1054 1394 quidem

134 1401 251 1461 certum
274 1397 382 1481 fucitis,
405 1419 442 1459 an
465 1401 526 1460 sint
546 1401 664 1461 incerto
685 1401 798 1460 omnic.

143 1536 145 1542 Α
217 1479 277 1540 Sed
299 1481 453 1543 lacessant
479 1485 547 1543 ists.
590 1482 773 1563 Exemplum
806 1481 895 1541 huius
918 1480 1054 1561 regulae,

134 1563 219 1643 Opus
242 1561 355 1624 bonum
378 1573 424 1626 set
446 1567 511 1626 sine
532 1574 681 1646 peccato,
714 1565 806 1645 plane
838 1564 923 1624 deest
944 1565 974 1624 in
998 1563 1057 1624 hac

135 1648 213 1725 vita,
242 1647 314 1724 quis
336 1647 448 1708 Paulus
472 1653 520 1725 (ut
541 1650 693 1722 diximus)
718 1667 779 1710 nou
804 1647 897 1708 sudet
925 1646 986 1708 hoe
1008 1667 1054 1706 ns·

134 1748 235 1789 serere
260 1730 297 1790 de
326 1732 388 1790 suis
411 1733 574 1812 operibus,
606 1732 687 1792 Nihil
723 1733 815 1807 mihi,
853 1728 1055 1811 inquiens*),

134 1813 278 1873 conscius
300 1831 377 1892 sum,
400 1815 455 1875 sed
477 1835 539 1876 non
561 1817 592 1875 in
611 1814 865 1878 hociustiflcstue
887 1833 963 1875 sum.
987 1812 1056 1874 Ocr-

135 1904 181 1957 los
206 1902 308 1955 autern
331 1916 388 1957 nos
418 1917 487 1959 esse
520 1905 659 1979 oporiet,
697 1897 767 1958 ideo
790 1897 873 1958 Deus
903 1899 933 1956 in
956 1898 1056 1976 gratie

134 1997 189 2041 sus
211 1979 300 2040 nobis
322 1980 454 2060 providit
477 1982 649 2062 hominem,
677 1982 707 2042 in
738 1999 799 2060 quo
822 1979 1056 2057 confideremus,

134 2070 247 2122 elnon
272 2065 301 2122 iu
325 2082 421 2143 opsrs
443 2074 557 2127 nostre.
600 2065 677 2125 Num
701 2066 841 2144 quamvis
863 2083 919 2144 per
940 2062 1055 2124 donum

134 2144 203 2206 fidei
232 2164 290 2205 nos
322 2146 492 2208 iustificerit
532 2157 563 2210 et
595 2168 650 2230 per
679 2149 808 2229 gratiam
844 2165 930 2208 sucm
968 2147 1056 2206 nobis

134 2228 232 2289 luctus
253 2230 292 2287 sit
313 2231 477 2314 propitius,
511 2239 612 2292 tomen
635 2251 674 2291 ne
696 2250 879 2311 vagaremur
905 2232 936 2289 in
968 2230 1056 2290 nobis

134 2312 206 2391 ipsis
247 2320 278 2372 et
307 2315 338 2372 iu
359 2313 405 2373 his
429 2314 517 2374 donis
546 2318 624 2391 suis,
657 2314 754 2375 voluit
787 2322 819 2374 ut
848 2315 878 2373 in
903 2313 1055 2375 Christum

134 2397 307 2474 niteremur,
330 2404 362 2456 ut
383 2415 441 2456 nec
462 2399 577 2458 iustitis
598 2397 651 2457 ills
666 2404 777 2478 coeptu
799 2396 888 2457 nobis
911 2398 985 2457 estis
1008 2398 1056 2472 sit,

134 2482 189 2539 nisi
212 2478 242 2538 ln
266 2478 376 2539 christi
404 2481 518 2541 iustitia
540 2481 680 2555 haereat,
708 2487 739 2540 st
760 2499 801 2540 ex
821 2481 889 2560 ipso
912 2479 996 2557 flunt,
1018 2499 1057 2540 ne

134 2564 200 2642 quis
221 2563 379 2643 insipiens,
403 2564 498 2624 semel
511 2571 640 2643 accepto
655 2563 748 2638 dono,
770 2564 831 2622 ism
853 2571 938 2623 satur
960 2571 991 2622 et
1012 2583 1056 2623 se·

134 2663 223 2706 curus
242 2645 299 2705 sibi
322 2646 470 2723 videntur,
493 2647 547 2707 sed
570 2649 600 2707 in
623 2646 708 2706 illum
729 2664 786 2706 nos
808 2646 874 2724 rupi
897 2645 935 2706 de
957 2644 1006 2705 dle
1027 2649 1056 2705 in

135 2728 214 2791 diem
238 2730 335 2808 magis
354 2730 470 2811 uoluit,
500 2749 561 2791 non
584 2732 615 2789 iu
637 2731 772 2810 acceptis
796 2729 981 2806 consistere,
1004 2728 1058 2788 sed

134 2812 161 2872 in
186 2812 339 2874 Christum
362 2813 454 2892 plone
476 2813 692 2875 transformari.
736 2811 819 2873 Illius
841 2813 922 2873 enim
944 2807 1058 2872 iustitis

134 2903 216 2956 certo
239 2904 270 2956 et
291 2906 439 2977 perpetus
462 2904 529 2973 est,
563 2897 605 2957 ibi
628 2915 690 2957 non
713 2903 760 2956 est
783 2903 907 2974 nutare,
930 2895 971 2956 ibi
994 2914 1055 2956 non

134 2988 179 3040 est
201 2977 349 3056 deficere,
371 2981 438 3059 ipse
460 2980 609 3041 Dominus
632 2980 777 3041 omnium.
877 3035 880 3040 .

214 3062 288 3123 ldco
310 3061 422 3123 Paulus
447 3065 522 3123 mirs
544 3064 701 3144 diligentis
722 3064 842 3142 quoties
865 3061 956 3123 fidem
972 3061 1055 3122 Obri-

133 3147 170 3206 sti
193 3145 360 3226 praedicat,
385 3148 430 3205 sic
452 3147 618 3227 praedicnt,
642 3154 674 3206 ut
689 3164 751 3207 non
764 3152 881 3206 tentum
895 3165 950 3226 per
970 3145 1054 3206 illum

133 3237 185 3289 sut
207 3228 245 3289 eb
267 3228 321 3288 illo
344 3230 384 3288 sit
405 3231 535 3310 iustitia,
563 3231 617 3290 sed
640 3231 730 3290 etism
752 3230 783 3288 iu
806 3228 909 3306 illum,
942 3238 976 3289 ut
997 3248 1054 3291 nos

131 3314 160 3371 in
183 3315 284 3392 ipsum
308 3313 419 3373 referet
442 3322 472 3372 et
493 3313 699 3394 transformet,
721 3318 751 3371 et
770 3311 852 3372 velut
874 3313 904 3372 iu
927 3312 1056 3374 abscon·

131 3415 198 3455 sum
223 3403 329 3475 ponet,
354 3398 454 3455 donec
475 3398 679 3457 trnueestirs.
723 3393 774 3456 Sic
796 3395 884 3457 Rom.
908 3400 944 3459 5:
968 3395 1053 3457 Iusti·

130 3478 214 3545 ficati
237 3498 277 3538 ex
300 3478 360 3538 fide
382 3498 490 3558 pacem
513 3480 661 3541 habemus
683 3477 722 3539 ad
745 3479 855 3556 Deum,
877 3497 932 3558 per
953 3480 1057 3540 Domi·

131 3581 205 3622 num
228 3569 364 3623 nostrum
389 3562 488 3621 lesum
512 3563 672 3624 Christum.
716 3561 798 3622 Ecce
820 3561 896 3622 fides
925 3581 985 3623 non
1009 3580 1055 3624 su·

459 3666 553 3673 -ψ--ι

193 3687 234 3768 ι1)
257 3702 286 3754 ln
305 3701 370 3755 edit.
390 3701 513 3754 lenensi:
535 3700 602 3753 nihil
623 3701 675 3755 nisi
695 3701 842 3755 incertum.

203 3772 240 3838 *l
253 3774 287 3830 ’1.
308 3774 430 3829 Corinth.
450 3773 476 3826 4.

178 3882 270 3923 Luthsri
284 3893 335 3931 opp.
352 3881 377 3921 V.
392 3879 420 3917 Δ.
435 3880 463 3917 ud
488 3879 528 3917 ref.
543 3879 592 3921 hist.
608 3879 622 3917 l.
636 3889 659 3929 p.
672 3879 722 3921 Vol.
737 3879 764 3922 v,
849 3846 891 3912 Ὦ
