2392 4170
387 251 512 303 Rationis
534 248 716 302 Latomiauue
735 255 786 303 etc.
989 239 1053 308 469

132 425 194 467 uno
230 405 350 484 quidem
381 405 451 464 ioco
483 403 657 482 Scripturas
699 403 853 463 roborata.
897 400 974 462 Nam
1013 398 1052 459 de

133 490 265 569 septimo
290 489 399 566 capite,
423 487 504 566 quod
528 495 624 546 totum
643 486 855 568 hucpertiuet,
878 485 909 544 in
922 501 1053 561 sequen·

132 572 213 633 tibus
235 570 415 631 videbimus.
1063 587 1064 590 ¹

218 654 296 730 Quid
321 653 417 732 ergo?
449 660 629 732 peccatores
658 653 785 713 sumus?
813 653 875 712 imo
898 647 1052 710 iustificati

133 757 258 813 sumus,
281 736 334 795 sed
358 756 411 816 per
434 738 574 814 gratiam.
618 736 738 798 Iustitia
770 740 902 795 nonest
934 733 993 792 sita
1020 733 1051 791 in

130 821 237 881 formis
259 818 317 879 iliis
340 818 530 898 qualitatum,
552 818 605 878 sed
628 820 658 879 in
685 815 893 879 misericordia
903 815 972 876 Dei.
995 814 1052 876 Re·

80 976 82 981 Α
134 923 207 963 vera
231 904 322 979 enim,
344 904 369 961 si
392 922 410 962 a
432 903 490 982 piis
513 903 680 962 removeris
703 899 959 973 misericordiam,
980 916 1052 979 pecf

133 993 255 1048 catores
279 997 349 1046 suut
371 993 401 1044 st
424 1005 527 1046 verum
551 994 713 1064 peccatum
742 983 871 1059 babent,
903 981 957 1043 sad
981 981 1053 1060 quia

134 1069 263 1130 creduut
285 1077 316 1128 at
337 1068 393 1128 sub
418 1069 645 1128 misericordiae
667 1086 763 1148 regno
776 1067 900 1147 degunt,
923 1071 955 1125 et
972 1063 1052 1125 dam·

135 1161 239 1213 uatum
269 1158 315 1212 est
337 1161 367 1210 et
396 1151 518 1211 assidue
542 1150 740 1212 mortificatur·
762 1152 791 1209 in
816 1151 859 1228 eis
881 1154 1053 1229 peccatum,

135 1235 204 1296 ideo
228 1254 289 1296 nou
312 1233 477 1314 imputatur
500 1235 553 1295 eis.
598 1236 658 1294 Ista
679 1241 727 1294 est
747 1234 887 1295 remissio
910 1230 1053 1311 baptismi

134 1318 375 1398 gloriosissima,
408 1326 557 1390 atcerte,
588 1319 612 1376 si
643 1320 763 1397 spectas
797 1335 861 1376 rem
883 1313 1053 1396 diligenter,

132 1403 196 1463 fere
219 1402 316 1460 maius
339 1408 401 1474 est,
435 1420 506 1460 euin
536 1419 591 1479 pro
620 1401 701 1461 iusto
724 1397 847 1474 haberi,
880 1397 931 1478 qui
954 1396 1054 1458 adhuc

134 1484 269 1564 peccatis
291 1483 420 1542 infectus
442 1491 503 1559 est,
536 1502 626 1561 quam
661 1483 712 1562 qui
735 1481 861 1542 omniuo
883 1500 976 1561 purus
998 1486 1053 1540 est.

134 1567 202 1628 Nou
232 1586 305 1644 ergo
339 1565 517 1640 dicendum,
554 1565 636 1645 quod
665 1565 835 1645 baptismus
872 1583 934 1624 non
969 1561 1056 1623 tollat

135 1650 239 1711 omnia
261 1649 411 1728 peccata?
443 1667 514 1708 vere
547 1651 651 1708 omnia
686 1648 764 1708 tollit
793 1666 856 1708 non
886 1644 1053 1707 secuudum

138 1732 355 1804 substantiam,
390 1732 443 1790 sed
467 1731 628 1811 plurimum
652 1731 819 1792 secundum
842 1729 1055 1803 substantiam,
1136 1748 1139 1754 ·

136 1825 167 1876 et
189 1823 285 1875 totum
304 1815 471 1873 secundum
496 1817 575 1874 vires
599 1816 674 1893 eius,
697 1813 786 1874 simui
804 1812 941 1893 quotidie
963 1813 1054 1872 etiam

134 1897 246 1959 tollens
270 1897 436 1960 secuudum
467 1899 690 1976 substantiam,
719 1905 751 1957 ut
773 1903 947 1959 evacuetur.
992 1893 1057 1954 Nec

134 2001 193 2061 ego
218 1981 302 2041 sotus
327 1990 378 2039 aut
402 1981 514 2059 primus
538 2001 576 2041 ex
600 1981 773 2041 hominibus
801 1987 872 2060 post
895 1976 1056 2059 apostolos

133 2064 212 2124 haec
234 2062 314 2137 dico,
339 2065 500 2142 Augustini
523 2062 615 2124 verba
637 2072 722 2126 sunt:
747 2063 918 2124 Remittitnr
939 2060 1055 2141 inbap-

136 2149 226 2207 tismo
251 2147 424 2206 uuiversum
447 2155 623 2225 peccatum,
646 2165 707 2208 non
732 2154 847 2209 utnon
870 2146 924 2218 sit,
947 2143 1001 2204 sed
1023 2149 1056 2202 ut

137 2249 197 2290 uon
219 2231 393 2308 imputetur.
438 2229 556 2289 Audis?
598 2229 653 2289 Est
681 2239 842 2310 peccatum
872 2229 963 2289 etiam
986 2234 1057 2306 post

136 2312 364 2383 remissionem,
394 2312 446 2370 sed
476 2333 536 2371 nou
559 2313 735 2391 imputatur.
779 2313 847 2373 Non
871 2310 982 2372 sufficit
1003 2308 1057 2369 tibi

135 2396 214 2457 baec
234 2394 396 2454 ineffabilis
419 2395 475 2454 Dei
493 2394 729 2470 misericordia,
766 2394 848 2475 quod
879 2403 908 2454 te
936 2393 1056 2473 penitus

136 2477 281 2539 iustificat
303 2477 341 2537 ab
354 2479 437 2537 omni
454 2485 593 2556 peccato,
616 2476 732 2554 babens
748 2485 787 2552 te,
809 2479 887 2538 acsi
910 2476 1057 2556 sinapeo-

139 2570 208 2623 cato
232 2562 284 2636 sis,
308 2568 425 2619 tantum
449 2567 480 2644 ut
494 2579 604 2640 pergas
629 2559 814 2620 mortificare
835 2558 876 2634 id,
900 2559 1055 2639 quodiam

138 2643 313 2704 damnatum
329 2652 359 2703 et
369 2662 465 2722 prope
478 2651 606 2703 mortem
615 2645 749 2723 positum
762 2643 799 2703 ab
812 2645 882 2722 ipso
896 2641 1058 2721 esti-Mon·

137 2735 213 2788 stret
234 2727 337 2805 itaque
360 2725 596 2802 absurditatem,
625 2734 656 2786 et
678 2735 769 2806 cogat
792 2726 953 2798 Latomus,
976 2725 1058 2803 Apo-

137 2810 250 2870 stolum
273 2829 334 2869 non
358 2808 588 2889 intelligendum
620 2809 657 2868 de
689 2829 760 2870 vero
786 2816 914 2889 peccato
937 2806 1059 2886 proprie

137 2892 231 2953 dicto.
276 2892 437 2966 struices,
470 2891 609 2952 bociam
632 2911 695 2951 nou
717 2899 878 2972 peccatum
901 2897 961 2968 est,
997 2909 1057 2950 uon

138 2971 292 3055 imputari.
334 2975 402 3034 Hoc
424 2983 470 3034 est
492 2974 573 3053 quod
598 2975 680 3052 volo,
702 2983 734 3034 ut
756 2993 817 3035 non
840 2980 968 3034 naturae
987 2991 1058 3052 ope·

140 3060 190 3132 ris,
215 3056 269 3117 sed
293 3057 519 3118 misericordiae
541 3058 776 3137 uouimputauti
793 3057 949 3117 tribuatur.
972 3055 1059 3115 Lato-

140 3161 207 3202 mus
222 3150 323 3199 autem
346 3141 574 3201 misericordiae
590 3140 782 3220 ignoscentia
802 3140 976 3220 postposita
994 3137 1060 3197 vuit

102 3270 104 3274 -
138 3245 177 3285 ex
191 3231 299 3283 natura
311 3242 374 3283 uon
383 3233 636 3304 essepeccatum3
650 3226 789 3284 hocvero
802 3222 1059 3302 estsacriiegium.

173 3351 183 3375 =.
224 3305 272 3365 Ex
294 3307 329 3364 iis
352 3312 424 3384 puto
448 3307 603 3366 defensum
628 3327 718 3386 nunc,
741 3325 833 3366 omne
856 3304 1065 3385 opusbouum·

141 3408 211 3448 esse
226 3395 398 3469 peccatum,
421 3391 477 3449 nisi
497 3392 638 3470 ignoscat
652 3388 869 3450 misericordia.
913 3388 990 3448 Nam
1003 3406 1061 3447 nec

139 3473 199 3552 ipsi
221 3482 352 3551 possunt
375 3492 502 3553 negare,
534 3472 615 3552 quod
638 3473 752 3532 fructus
781 3472 892 3532 referat
920 3478 1059 3531 naturam

142 3555 271 3616 arboris.
315 3555 355 3613 At
378 3555 469 3615 arbor
491 3557 551 3615 iam
575 3556 707 3636 probata
729 3561 790 3634 est,
819 3574 880 3616 non
904 3555 970 3613 sine
991 3571 1060 3633 peo-

140 3645 213 3698 cato
237 3657 315 3713 esse,
337 3637 408 3696 licet
431 3638 575 3698 damnato
599 3647 629 3698 et
643 3637 771 3712 indulto,
795 3657 889 3719 quare
901 3656 960 3697 nec
981 3654 1059 3716 opus

141 3723 206 3795 eins
231 3729 283 3793 est.
299 3720 366 3789 siue
387 3728 529 3804 peccato,
550 3721 627 3786 iicet.
635 3720 780 3788 damnato
802 3728 837 3800 at.
853 3718 981 3791 indulto.
1002 3716 1060 3787 Hic
