2392 4170
144 265 209 337 340
366 269 523 341 Responsio
542 269 574 325 D.
594 270 629 325 Ι.
648 272 675 324 t.
694 270 730 324 ad
747 271 849 325 librum

145 432 249 505 tatem,
271 426 323 506 qui
344 427 465 508 species
495 434 526 486 et
551 424 743 486 mendacium
772 432 820 485 est
843 423 969 513 ipsun?
1010 423 1070 485 lm·

144 508 236 570 butus
257 511 338 570 eninr
360 530 399 571 ea
421 511 578 590 opinione,
602 517 636 570 ut
656 509 750 568 iacies
773 510 847 569 istas
867 508 1068 568 ducatserles

148 611 217 653 esse
238 612 298 671 res,
320 602 403 654 certe
425 612 487 654 uon
517 593 616 654 solum
641 593 801 652 mendacia
824 592 982 670 loquetur,
1012 590 1068 651 sed

145 693 203 736 nec
225 678 384 737 veritatem
413 678 583 738 sustinebit.
627 677 760 736 Annon
791 681 838 735 est
865 675 926 735 lioc
947 674 1070 755 insigne

145 768 176 819 et
197 760 375 822 incredibile
404 760 616 839 mendacium,
643 778 698 840 pro
727 758 788 817 flds
817 758 928 819 Christi
956 759 1071 818 dooere

145 845 353 920 ceremonias,
383 862 440 924 pro
470 845 578 923 spiritu
607 852 741 902 statuere
771 843 949 902 traditiones
970 841 1070 902 bomi-

145 925 240 985 num?
283 926 394 986 Nonne
423 947 505 1007 popa
527 929 589 985 suis
616 925 731 985 iuribus
753 926 848 985 iactat
868 943 937 984 sese
959 940 1071 1004 regere

145 1015 177 1068 et
197 1027 326 1088 pascere
349 1009 512 1069 ecclesiam
535 1009 614 1069 Dei?
655 1008 767 1068 Nonne
796 1009 900 1068 laudet
922 1016 1069 1087 tanquam

145 1090 224 1152 bene
248 1093 338 1171 lacta,
363 1110 442 1172 quae
464 1094 527 1153 suis
549 1093 677 1152 servetis
699 1090 818 1171 legibus
840 1090 938 1151 fiunt?
958 1090 1071 1151 Nonne

146 1174 273 1235 damnat
307 1185 339 1235 et
370 1175 470 1256 perdit
503 1195 627 1252 omnes,
659 1177 709 1254 qui
742 1193 811 1234 sese
840 1193 902 1235 non
931 1174 1070 1252 audiunt,

145 1259 264 1318 etiamsi
298 1259 472 1319 universum
509 1259 711 1338 Evangelium
746 1255 997 1337 servaverint'll)
1041 1254 1071 1319 0

147 1341 310 1401 maledicte
338 1342 612 1421 maledicendeque
639 1342 838 1402 abominatio.
880 1342 938 1401 llio
965 1340 1071 1421 imple

144 1432 193 1484 tur
213 1425 287 1485 illud
309 1424 459 1504 cautim:
489 1425 548 1500 Qui
571 1425 751 1486 adversatur
779 1433 810 1483 et
838 1424 994 1484 extollitur
1021 1440 1071 1483 su·

144 1525 205 1587 per
219 1525 322 1589 omne,
347 1509 429 1587 quod
453 1509 561 1568 dicitur
582 1509 676 1586 Deus,
699 1515 752 1567 aut
772 1507 855 1585 quod
877 1507 1004 1583 colitur,
1025 1507 1071 1567 its

144 1598 178 1650 ut
199 1591 229 1651 iu
253 1592 367 1671 templo
392 1592 449 1653 uei
482 1592 605 1668 sedeat,
641 1593 807 1652 ostendens
829 1609 874 1671 se,
908 1591 997 1670 quusi
1029 1591 1072 1649 sit

145 1671 241 1736 Deus:
283 1676 332 1735 An
361 1694 423 1736 non
451 1684 497 1735 est
518 1674 579 1736 hoc
607 1674 773 1754 intemplo
805 1673 862 1734 Dei
884 1673 1008 1752 sedere,
1037 1673 1070 1732 in

32 1821 41 1841 ¹
145 1763 211 1817 tota
244 1757 377 1818 ecclesia
408 1777 476 1819 sese
509 1759 687 1838 magistrum
717 1755 876 1837 profiteri?
919 1755 999 1832 Quid
1023 1761 1070 1815 est

132 1839 291 1920 templum
316 1840 395 1902 Dei?
438 1844 573 1921 nunquid
602 1841 720 1921 lapides
749 1849 782 1900 et
809 1838 915 1920 liguo?
958 1839 1071 1900 Nonne

145 1921 322 2001 Paulus⁸⁸J
348 1925 438 1985 dicit:
464 1924 625 2004 Templum
648 1924 706 1984 Dei
726 1932 866 1983 sanctum
894 1929 956 2000 est,
986 1920 1070 2002 quod

145 2009 217 2068 estis
252 2006 330 2068 vos?
372 2007 480 2087 Neque
514 2009 594 2068 enim
625 2014 766 2088 tempore
794 2000 879 2066 Patri
910 2006 972 2066 ulla
1005 2011 1073 2066 erat

145 2087 272 2169 domus,
297 2109 377 2171 quae
399 2091 544 2171 templum
575 2088 632 2151 Dei
663 2091 828 2168 diceretur,
857 2096 890 2149 ut
917 2106 1000 2149 nnnc
1027 2088 1070 2148 di-

145 2183 263 2234 ountur.
306 2173 420 2235 Sedere
447 2181 548 2234 autem
573 2174 730 2253 quidest,
760 2175 819 2233 nisi
847 2191 992 2253 regnare,
1016 2172 1071 2233 do·

145 2274 216 2316 cere
238 2263 270 2317 et
299 2256 456 2318 indicare?
495 2256 574 2333 Quis
607 2266 707 2317 autem
741 2275 875 2336 uuquam
908 2257 946 2316 ab
981 2255 1070 2316 initio

145 2339 296 2400 ecclesiae
318 2359 387 2401 sese
410 2360 503 2400 ausus
531 2351 577 2401 est
601 2342 778 2420 magistrum
803 2342 895 2400 totius
918 2338 1071 2400 ecclesiae

145 2422 312 2503 appellere,
334 2425 391 2483 nisi
414 2426 497 2484 solus
520 2423 623 2504 papo?
651 2424 759 2484 Nullus
782 2422 977 2503 Sanctorum,
1006 2421 1072 2482 nul·

145 2504 191 2566 lus
214 2507 437 2567 baereticorum
466 2516 528 2567 tam
557 2507 739 2577 horrendam
764 2506 925 2586 superbiae
959 2522 1069 2567 vocem

146 2607 279 2670 unquam
314 2593 425 2652 sonuit.
469 2591 580 2651 Paulus
602 2611 635 2651 se
659 2591 836 2670 magistrum
869 2590 1005 2670 gentium
1038 2590 1067 2649 in

144 2672 205 2733 flde
240 2681 271 2733 et
308 2677 436 2735 veritate
472 2676 580 2752 iactet,
620 2673 673 2735 sed
707 2694 768 2734 nou
806 2677 985 2753 magistrum
1020 2691 1070 2734 ec·

144 2757 268 2820 clesiae.

227 2839 339 2901 Nonne
362 2848 464 2901 autern
488 2839 622 2901 ostendit
644 2860 687 2921 se,
712 2842 800 2919 quasi
822 2842 861 2901 sit
879 2840 972 2918 Deus,
996 2838 1068 2899 dum

145 2940 202 3003 pro
224 2924 325 2984 verbio
347 2923 458 2985 Christi
491 2943 546 2983 sus
569 2924 660 2984 docet
682 2932 712 2983 et
733 2943 788 3003 pro
808 2925 920 2984 iustitis
937 2921 1009 2982 fldei
1026 2924 1070 2982 iu-

145 3007 259 3068 stitiam
293 3009 476 3088 pupisiioam
510 3008 637 3068 statuit?
679 3007 823 3088 Nunquid
846 3025 938 3087 super
967 3005 1068 3067 Deum

146 3089 322 3150 naturaliter
353 3092 460 3151 extolli
487 3091 610 3171 potest?
648 3091 741 3169 absit,
778 3090 831 3150 sed
855 3109 946 3170 super
968 3090 1069 3149 Deum

146 3173 259 3234 dictum
288 3173 348 3255 (ait
362 3175 548 3254 Paulus),id
573 3183 628 3254 est,
651 3194 742 3254 super
760 3174 885 3235 verbum
901 3173 959 3234 Dei
982 3190 1071 3253 prae·

146 3255 288 3318 dicatum.
333 3258 416 3318 Deus
439 3259 519 3319 enirn
544 3258 661 3336 dicitur,
684 3257 808 3337 quando
830 3257 1026 3339 praedicetur
1039 3264 1070 3318 et

145 3340 285 3405 ereditur.
328 3339 428 3421 Super
449 3343 530 3402 buno
553 3343 650 3403 Deum
674 3362 756 3422 papo
775 3344 834 3402 iam
858 3345 907 3403 diu
931 3341 1071 3402 elevatus

145 3425 240 3504 sedet,
263 3426 386 3504 quinio
410 3424 552 3487 cordibus
566 3426 699 3488 fidelium
724 3427 794 3487 loco
813 3425 933 3488 dicendi
958 3432 988 3485 et
1006 3442 1071 3486 cre-

87 3528 94 3537 ·
146 3508 236 3569 dendi
257 3509 315 3570 Dei
338 3509 405 3589 ipse
428 3529 462 3569 se
485 3509 558 3569 dicit
580 3509 788 3591 etpraedicet.
832 3511 874 3575 lta
891 3508 974 3592 quod
991 3509 1068 3571 Pau-

199 3696 231 3755 1)
252 3693 283 3748 Iu
303 3695 347 3749 ed.
367 3695 443 3752 lem:
462 3701 653 3750 servaverunt.

199 3765 226 3834 ‘)
245 3765 263 3824 2
279 3765 378 3824 Thess.
398 3768 423 3822 2.
461 3767 511 3836 ”l
533 3771 557 3824 1.
579 3767 643 3825 (lor.
661 3768 687 3825 6.
726 3792 730 3801 ·
