2392 4170
282 273 388 331 Rullum
406 275 490 329 teon.
510 276 545 332 X.
563 275 682 331 demunt.
697 293 727 332 a.
742 277 826 335 mll-
957 278 1018 344 lto

154 435 218 488 turn
252 428 378 508 quilibet
409 430 615 513 Christianus,
650 414 742 500 etiem
769 432 796 491 ai
829 433 936 494 mulier
966 441 1020 496 aut

154 531 231 591 puer
254 525 346 573 esset.

175 626 251 692 Cum
288 650 327 690 ex
359 631 523 710 praedictis
555 639 677 713 pateat,
719 631 802 711 quod
838 651 899 699 uon
931 643 1017 714 pote-

88 721 153 772 stas
178 714 316 790 ministri,
338 712 392 773 sed
414 712 490 775 fides
513 717 697 794 poenitentis
711 717 923 782 remissionem
945 737 1015 798 pec-

88 805 230 859 catorum
255 805 408 877 operetur,
431 797 521 858 velim
545 797 648 862 doceri
671 797 708 860 ab
730 799 796 859 istis
814 796 1016 878 Bullensibua,

89 875 249 961 quomodo
271 879 340 960 plus
364 897 445 960 papa
466 880 575 959 faciat,
597 899 688 964 quam
713 881 839 962 quilibet
860 883 1017 971 sacerdos,

89 978 160 1022 cum
190 960 282 1022 fldem
322 964 390 1043 ipse
418 980 516 1044 aeque
545 984 607 1026 non
645 971 801 1046 praestare
832 968 946 1047 possit,
981 982 1019 1028 ac

88 1043 218 1126 quilibet
239 1047 400 1125 sacerdos,
434 1065 491 1107 nec
524 1048 701 1109 alio'verbo
732 1047 890 1129 absolvat,
924 1068 1017 1129 quarn

87 1122 157 1190 tto:
191 1127 405 1209 Quodcunque
427 1130 555 1193 solveris
578 1139 635 1194 etc.
658 1150 719 1210 quo
749 1132 847 1194 omnis
871 1134 1016 1197 sacerdos

88 1211 232 1274 absolvit.
277 1210 308 1274 Si
331 1231 405 1294 ergo
427 1213 508 1274 idem
536 1215 677 1295 verbum,
705 1213 814 1279 eadem
836 1213 912 1276 fides
935 1225 1016 1278 utro·

89 1295 194 1379 bique,
218 1313 298 1376 quae
320 1303 367 1357 est
389 1295 559 1367 differentia
581 1296 725 1359 illorum?

173 1382 215 1439 At
247 1398 336 1440 casus
363 1383 509 1442 reservati
542 1381 592 1442 hie
624 1400 725 1462 papae
752 1381 821 1462 plus
860 1381 1016 1445 tribuunt?

87 1462 129 1526 At
160 1462 204 1523 illi
237 1463 398 1543 hominum
427 1466 547 1524 statutis
575 1467 707 1543 inventi,
740 1482 802 1529 uon
835 1467 1016 1547 evangelico

88 1545 236 1608 mandato
259 1548 351 1626 positi
373 1554 459 1627 sunt,
494 1567 553 1609 nec
586 1547 624 1608 ed
652 1547 865 1613 remissionem
888 1551 1015 1633 pulpae,

87 1629 143 1690 aed
165 1628 204 1690 ad
225 1630 437 1694 remissionem
460 1650 581 1712 poenae
592 1639 708 1692 tantum
732 1631 845 1711 velent,
868 1639 901 1693 ut
918 1636 1016 1714 patet,

87 1713 251 1795 poenitens
274 1715 361 1774 enim
379 1732 416 1774 uc
439 1713 567 1775 credens
588 1714 685 1775 iustus
710 1720 766 1795 eat,
789 1714 861 1775 licet
878 1717 1014 1777 nondum

87 1795 272 1856 satisfecerit
304 1798 486 1858 reservaturi
517 1816 657 1877 casuum,
695 1797 755 1859 hoc
786 1805 848 1878 est,
882 1805 1013 1879 tyranno

88 1879 225 1940 violento
250 1881 522 1960 conscientiarum,
551 1883 602 1963 qui
624 1881 800 1944 reservandi
827 1881 943 1947 nullum
966 1884 1014 1942 ius

87 1980 223 2047 unquam
246 1962 360 2027 habuit.

173 2044 396 2128 Respondeant
417 2050 537 2127 autem,
566 2067 604 2109 an
634 2066 716 2128 papa
738 2044 820 2109 alind
843 2062 1015 2111 sacramen·

87 2137 150 2192 tum
181 2131 390 2211 poenitentiae
419 2130 545 2212 habeat,
577 2150 667 2212 quam
697 2136 762 2192 tota
791 2128 943 2192 ecclesie?
982 2129 1014 2193 St

89 2213 172 2274 idem
195 2220 241 2273 est
263 2212 375 2294 ubique
398 2222 632 2295 sacramentum,
655 2222 685 2275 et
706 2213 785 2275 idem
810 2216 847 2274 ab
871 2213 1013 2285 omnibus

86 2297 251 2378 suscipitur
273 2304 304 2357 et
326 2297 430 2375 datur,
461 2297 532 2378 quid
555 2317 629 2379 prae
658 2300 766 2359 ceteris
789 2297 920 2384 amplius
943 2297 1015 2358 facit

85 2382 117 2440 in
139 2398 177 2440 eo
200 2380 303 2460 papa?
338 2382 384 2441 An
408 2381 485 2441 forte
510 2389 541 2442 et
563 2380 644 2442 eliud
671 2380 839 2462 baptisma,
869 2382 1012 2447 cleliam

86 2465 212 2524 missam
235 2463 336 2542 habet,
360 2483 449 2544 quam
473 2483 581 2526 omnes
602 2465 653 2528 alii
670 2463 856 2525 Christiani?
884 2461 914 2526 si
938 2479 1012 2549 ergo

85 2564 148 2607 uua
167 2545 256 2626 tides,
280 2567 372 2607 unum
398 2548 565 2628 baptisma,
588 2567 665 2608 unus
687 2550 791 2629 panis,
819 2567 897 2608 unus
920 2549 1012 2624 calix,

86 2649 165 2690 unua
187 2629 337 2691 Dominus
359 2633 389 2691 in
414 2639 480 2693 tota
502 2632 642 2711 ecclesia,
665 2651 718 2693 cur
739 2650 801 2692 non
826 2649 886 2691 uua
906 2635 1012 2713 poeni·

82 2714 199 2794 tentia,
236 2732 297 2777 uno
319 2710 465 2777 'remissio
494 2713 716 2796 peccatorum?
752 2715 799 2775 An
825 2714 890 2774 'hoc
910 2715 1010 2776 colum

85 2802 311 2860 sacramentum
327 2798 490 2877 diversum,
513 2807 544 2858 et
554 2806 729 2860 monstrosa
740 2797 915 2858 diversitate
928 2796 1009 2860 aliud

85 2887 116 2941 et
138 2877 220 2940 alind
243 2900 298 2960 pro
322 2880 460 2942 locorum
484 2890 514 2942 et
535 2899 735 2962 personarum
760 2881 936 2942 diversitate
958 2880 1010 2944 ha*

86 2963 194 3025 betur?
218 2964 349 3025 Valeant
370 2967 483 3045 impiae
504 2967 581 3026 istae
604 2966 745 3026 draconis
768 2965 883 3046 antiqui
907 2981 1010 3027 voces.

169 3045 259 3122 Quod
283 3055 385 3110 autem
413 3049 540 3110 absente
562 3048 724 3110 sacerdote
746 3050 835 3109 etiam
860 3064 936 3129 puer
957 3057 1010 3110 aut

85 3132 194 3191 mulier
237 3137 267 3191 et
305 3132 432 3212 quilibet
468 3132 657 3194 Christianus
697 3132 858 3193 absolvere
894 3138 1008 3217 potest,

83 3212 169 3276 hiatt.
186 3215 231 3279 18.
256 3215 339 3276 clare
360 3223 455 3296 patet,
476 3217 526 3277 ubi
550 3216 686 3278 Christus
709 3216 850 3277 omnibus
867 3213 1008 3280 Caristia-

83 3299 130 3358 nis
156 3297 242 3358 dicit:
266 3298 478 3380 Quodcunque
500 3300 652 3361 solveritis
675 3307 908 3382 superterram,
929 3294 1009 3374 solu·

83 3391 147 3442 tum
171 3383 228 3442 erit
249 3384 277 3441 in
301 3383 406 3447 coelis.
450 3382 537 3446 Hanc
563 3386 706 3444 invictam
729 3384 922 3445 autoritatem
946 3402 1007 3454 non

83 3465 159 3525 mibi
181 3466 373 3546 subvertent,
403 3469 453 3546 qui
482 3468 561 3528 enim
586 3467 756 3548 baptisatus
779 3470 840 3547 eat,
869 3467 1006 3548 spiritum

83 3548 196 3610 Christi
218 3550 319 3630 habet,
340 3552 392 3610 ubi
414 3558 515 3612 eutem
529 3553 652 3632 spiritus
664 3551 785 3634 Christi,
807 3550 847 3611 ibi
870 3554 1006 3614 omnium

81 3640 221 3716 potestas
243 3641 274 3695 et
295 3634 428 3700 libertas.
615 3645 617 3647 ’

774 3873 839 3951 te*
