2392 4170
390 255 443 316 Pro
462 254 497 316 D.
519 252 636 316 liertino
654 250 781 315 tutuno.
807 271 809 275 ·
1009 246 1051 320 59
1150 308 1153 313 ,

132 429 135 433 ’
210 424 393 506 Quanquam
416 422 468 486 ubi
489 442 553 484 rem
576 423 701 505 propius
725 420 905 503 considero,
929 421 1050 484 videtur

128 509 250 573 Lutetia
272 530 334 572 nou
357 528 489 592 pensare
519 527 600 568 nuuc
628 509 779 587 primum,
816 507 952 569 sedium
976 507 1050 568 olim

127 593 273 673 ineptire,
295 612 363 656 curu
388 592 597 655 ecclesiastica
623 591 764 654 doctrina
785 592 927 653 humanis
949 590 1050 670 dispu-

127 676 295 739 tationibus
317 678 423 738 vitiata
440 675 650 756 philosophari
674 677 785 755 coepit.
813 676 943 737 Constat
970 675 1052 735 euim

128 768 233 823 natam
265 781 336 822 esse
367 761 504 822 Lutetiae
536 760 695 839 profanam
723 759 806 820 illam
831 758 1053 833 Scholastinen,

129 864 224 924 quam
242 845 430 926 theologiam
455 862 567 904 vocure
589 844 715 920 volunt,
739 862 800 923 qua
821 840 956 903 admissa
978 840 1053 902 nihil

129 929 205 990 salvi
233 929 381 1007 reliquum
413 933 460 988 est
481 926 642 989 ecclesiae.
684 926 886 1008 Evangelium
911 925 1053 989 obscura·
1165 928 1169 934 '

130 1019 192 1072 tum
215 1019 272 1093 est,
294 1011 371 1073 lides
394 1011 557 1086 exstincta,
579 1017 704 1090 recepta
718 1030 845 1089 operum
868 1010 1008 1072 doctrina
1022 1013 1055 1070 ct

128 1114 184 1176 pro
209 1095 384 1157 Christiano
406 1094 523 1176 populo
557 1095 694 1170 pelagis
718 1093 855 1174 quidem,
878 1094 931 1155 sed
954 1094 1054 1154 Mora·

129 1179 201 1239 lium
222 1179 395 1241 Aristotelis
417 1179 549 1259 populus
572 1198 686 1253 sumus,
710 1185 798 1238 etex
820 1176 1053 1238 christianismo

130 1270 238 1324 contra
260 1283 382 1325 omnem
405 1282 528 1323 sensum
552 1263 677 1341 spiritus
710 1263 792 1323 fucta
824 1268 871 1321 est
903 1259 1054 1343 quaedum

130 1346 346 1428 philosophica
369 1345 490 1407 vivendi
513 1346 601 1410 ratio.

214 1429 379 1495 Outioum
406 1431 566 1506 contingat
596 1428 683 1490 vobis
723 1428 929 1510 spiritualibus
957 1426 1055 1489 oculis

132 1535 273 1595 cernere,
310 1514 382 1594 quid
417 1513 567 1574 ecclesiae
590 1512 691 1575 damni
727 1511 845 1575 dederit
865 1517 970 1574 vestra
1001 1510 1056 1572 illa

131 1598 212 1679 apud
237 1618 295 1659 vos
327 1604 358 1659 et
379 1603 451 1658 nate
480 1604 509 1657 st
543 1597 667 1657 exculta
693 1596 900 1676 Scholastica,
922 1615 1015 1674 quam
1037 1614 1056 1655 a

132 1682 219 1743 vobis
242 1689 428 1763 acceperunt
454 1680 541 1761 quasi
565 1700 618 1761 per
640 1698 746 1741 manus
774 1681 891 1761 reliqua
911 1680 1055 1759 Europae

133 1768 305 1847 gymnasia.
349 1766 493 1844 Oportuit
515 1765 594 1823 enim
619 1764 709 1825 idolis
731 1771 842 1826 terram
865 1763 987 1844 repleri.
1016 1761 1057 1824 Et
1175 1790 1178 1797 ·

133 1848 182 1911 vel
205 1850 323 1910 articuli
348 1850 440 1909 vestri
464 1854 628 1928 testantur,
652 1867 743 1927 quam
766 1849 965 1928 pertinaciter
985 1843 1058 1906 iude

134 1952 230 2011 usque
253 1933 293 1994 ab
320 1939 387 1992 ortu
416 1929 628 1993 Scholastiose
664 1929 875 2012 philosophati
909 1930 998 2005 sitis,
1026 1928 1056 1988 iu

134 2016 244 2095 quihus
266 2035 356 2096 qusm
381 2017 470 2095 pauci
493 2022 571 2091 sunt,
594 2015 643 2095 qui
659 2014 698 2076 ed
723 2017 868 2095 pietatem
883 2011 1059 2094 pertinent?

135 2099 288 2175 Quorsum
299 2102 379 2159 enim
394 2099 493 2160 haec?
507 2098 574 2178 Ego
584 2101 685 2172 currit,
694 2119 763 2160 esse
771 2098 934 2161 absurdam
944 2096 1057 2157 oratio·

134 2177 1056 2262 nem,etintnrnme,nescioquid5interhasorationesgcuius·

134 2266 209 2326 libet
220 2265 352 2327 hominis
362 2268 465 2325 asinus
481 2268 581 2341 currit,
595 2267 738 2328 etasinus
747 2267 908 2328 cuiuslibet
922 2263 1055 2326 hominis

134 2351 237 2420 currit,
253 2350 347 2429 digua
364 2350 506 2409 videlicet
525 2349 699 2410 Christiano
717 2351 879 2431 gymnasio
901 2348 1056 2429 dogmata.

216 2430 282 2494 Iam
306 2437 338 2493 et
359 2433 460 2512 palam
484 2431 639 2492 decretum
663 2439 724 2508 est,
747 2433 978 2513 philosophicus
1000 2430 1058 2491 dis·

135 2515 265 2596 oiplinas
287 2536 356 2575 esse
379 2516 416 2575 ad
439 2516 583 2594 pietatem
597 2517 797 2582 necessarias.
833 2516 891 2591 Qui
915 2513 1058 2575 articulus

134 2601 234 2679 aquo
266 2600 371 2679 spiritu
400 2604 565 2679 provectus
588 2600 642 2674 sit,
671 2617 732 2658 non
756 2599 916 2660 videmus?
945 2615 1059 2677 nempe

135 2681 174 2742 ab
204 2701 260 2757 eo,
289 2684 339 2761 qui
370 2680 571 2761 Evangelium
602 2681 758 2742 obscurari
787 2682 887 2743 voluit
917 2679 1059 2740 humanis

135 2764 313 2846 disciplinis.
367 2766 406 2825 Et
437 2764 508 2825 huic
540 2770 574 2825 nt
600 2766 782 2826 successerit
813 2770 962 2840 conatus,
996 2780 1059 2822 uon

135 2857 182 2908 est
205 2848 379 2910 obscurum.
424 2848 502 2908 Nam
540 2868 620 2926 quae
641 2847 757 2910 Schola
790 2867 918 2928 usquam
954 2844 1060 2907 docuit
1129 2903 1131 2907 ,

135 2953 211 3011 pure
234 2951 338 2992 sacrus
361 2931 486 2992 literas?
531 2932 687 2993 Purisiaca
714 2951 787 2994 vero
819 2952 887 2994 cum
909 2931 1059 2991 hacteuus

136 3022 181 3076 lot
211 3034 309 3076 annos
338 3013 593 3095 philosophetur,
621 3014 667 3075 his
696 3016 884 3097 temporibus
913 3013 1059 3074 nonium
1094 3079 1099 3086 ,

135 3097 378 3179 philosophatur,
401 3098 454 3158 sed
469 3107 600 3179 nugatur
620 3102 737 3160 tuntum
760 3099 798 3160 de
820 3098 923 3180 parvis
946 3097 1059 3177 logica·

136 3181 222 3241 libus.
267 3181 348 3257 Quid
371 3184 450 3242 enim
475 3184 622 3262 nugacius
647 3183 799 3262 versure,
828 3183 1006 3257 Tartaretc,
1029 3186 1061 3239 et

136 3265 258 3346 reliquis
281 3265 368 3324 huius
396 3266 512 3325 farinae
538 3265 764 3345 Scriptoribus?
796 3266 903 3346 quales
932 3264 992 3325 hoc
1014 3282 1060 3324 se·

136 3348 207 3409 culo
229 3367 309 3426 pene
329 3348 567 3409 innumerabiles
589 3348 658 3410 tulit
677 3349 806 3411 Lutetia.

218 3429 289 3492 Vidi
312 3429 460 3492 Iohannis
482 3432 606 3492 Maioris
639 3431 885 3494 Commentarios
916 3430 974 3506 (de
995 3448 1059 3491 mo·

135 3513 217 3575 ribus
240 3514 373 3574 hominis
394 3533 456 3575 non
480 3514 600 3584 iudico)
630 3517 661 3575 in
690 3517 858 3577 sententias
883 3513 1060 3595 Longobar·

135 3596 229 3675 dicus,
252 3616 342 3677 quem
366 3617 448 3657 nunc
475 3601 553 3659 inter
576 3597 712 3660 Lutetiae
739 3599 903 3679 theologos
930 3615 1062 3676 regnare

137 3682 232 3741 aiunt
275 3681 362 3741 Bone
383 3681 477 3751 Deus,
503 3700 581 3759 quae
602 3681 741 3760 plaustra
761 3680 935 3764 nugarum?
977 3679 1062 3755 Quot

135 3765 260 3854 paginis
285 3763 438 3857 disputat?
461 3770 560 3825 utrum
592 3764 632 3838 sd
658 3765 857 3855 equitandum
890 3764 1062 3844 requiratur
