2392 4170
304 240 307 250 “
396 254 491 314 *unsa
508 256 621 328 privata
637 255 664 314 1>
682 255 718 312 n.
739 257 768 315 u
992 256 1054 323 141

79 451 84 457 ·
134 417 301 493 bucchutur
316 420 348 480 in
372 441 446 483 oves
475 421 605 499 Christi,
622 422 787 499 subiiciens
815 420 872 483 sibi
903 426 933 482 et
953 441 1003 483 res
1025 428 1057 484 et

132 520 286 584 corpora,
309 509 340 565 et
366 508 484 567 unimus
506 507 658 582 omnium,
681 506 835 568 robustius
867 505 928 566 illis
957 511 1056 586 utens,

132 604 224 666 quum
248 587 327 648 ullus
348 589 440 650 her—us
463 591 525 649 suis
547 590 679 669 propriis
701 590 802 652 rebus.
845 589 887 650 Et
912 589 974 651 hoc
1003 608 1056 652 vo·

132 677 205 730 cent
225 668 317 732 hodie
337 692 467 754 poscere
490 691 564 734 oves
589 673 709 736 Christi.

135 813 139 818 f
217 753 330 816 Ultimo
353 757 489 818 Christus
520 755 619 817 Lucae
641 759 680 820 22
703 756 963 830 contendentibus,
982 776 1056 839 upo-

131 837 220 898 stoiis
242 837 281 898 de
304 841 477 900 maioritstc
493 868 495 872 ·
511 842 598 901 dicit:
620 840 777 921 Principes
799 842 935 921 gentium
957 839 1055 903 domi-

133 928 244 981 nnntnr
266 941 382 1002 eorum,
407 933 437 984 et
459 926 509 1003 qui
532 929 724 1004 potestatem·
740 941 832 1004 super
853 942 909 986 eos
931 924 1068 1004 hubent,

134 1003 304 1082 benefici1)
340 1008 388 1088 (id
412 1016 469 1086 est,
493 1025 570 1087 quos
600 1026 681 1071 nunc
702 1010 856 1087 gratiosos
884 1008 977 1089 vulgo
1001 1027 1056 1069 vo-

132 1088 218 1170 cant)
245 1100 403 1169 vocantur,
427 1100 602 1151 vosautem
626 1109 687 1151 non
710 1092 755 1151 sic
776 1098 833 1152 etc.
856 1091 913 1152 Hic
934 1100 974 1168 ts,
996 1091 1057 1153 lec-

133 1181 204 1252 tor,
238 1174 369 1233 medinm
400 1177 554 1234 constituo
581 1173 712 1235 indicem
736 1175 816 1235 inter
842 1174 994 1236 Christum
1026 1184 1058 1237 et

133 1253 258 1336 Papum,
288 1258 472 1337 episcopos,
501 1276 579 1338 qnos
606 1256 699 1318 hodie
731 1260 884 1338 principes
919 1259 1056 1338 gentium

135 1356 198 1398 non
221 1350 336 1417 queunt
365 1342 477 1401 imitari
509 1360 583 1422 prce
605 1341 815 1420 magnitudine
838 1342 1056 1402 dominationis

132 1430 164 1480 et
186 1442 294 1502 opum,
329 1424 465 1484 Christus
494 1426 621 1503 statuit,
651 1430 683 1484 ut
711 1425 772 1485 sint
793 1443 854 1486 non
888 1427 949 1507 sic,
972 1425 1057 1506 Papo

132 1508 248 1587 statuit,
272 1515 303 1567 ut
325 1510 386 1568 sint
408 1510 512 1588 utique
529 1511 583 1572 sic.
627 1508 740 1569 Confer
770 1508 820 1568 hic
847 1509 994 1589 principis
1026 1515 1056 1569 et

134 1585 237 1649 vicerit
260 1592 306 1650 sui
330 1610 438 1652 voces:
460 1591 530 1651 Non
553 1593 608 1669 sic,
632 1603 662 1652 et
678 1593 781 1670 ntique
802 1594 857 1670 sic,
880 1599 910 1652 et
929 1591 1056 1672 videbis,

133 1673 201 1750 quis
225 1672 362 1734 Christus
390 1677 509 1755 etquis
538 1675 743 1736 Antichristus
765 1675 822 1754 sit,
850 1683 881 1736 et
913 1677 964 1755 qni
996 1675 1057 1736 sint

133 1757 288 1837 episcopi,
324 1760 432 1837 etqui
461 1759 563 1819 tervan
591 1759 818 1839 episcoporum.
872 1756 938 1822 Vue
966 1758 1056 1820 nobis

135 1842 264 1919 miseris,
280 1843 336 1921 ,qni
359 1846 389 1901 in
412 1842 458 1902 his
486 1844 559 1904 ime,
578 1843 765 1903 novissimos
787 1843 977 1923 temporibus
999 1842 1056 1906 sub

134 1920 245 1983 talibus
266 1927 368 2004 tarvis,
389 1922 490 2006 idolis,
512 1927 626 2004 idiotis,
649 1926 773 2005 truncis,
795 1926 886 2006 iupis,
907 1926 1055 2006 pestibus,

133 2012 165 2066 et
194 2010 337 2075 monstris
373 2011 615 2089 nocentissimis,
638 2011 705 2071 sine
735 2010 889 2090 episcopis
922 2018 952 2070 et
973 2028 1056 2089 pres·

135 2090 253 2171 byteris
276 2093 388 2172 vivere,
411 2096 473 2154 imo
496 2095 597 2175 perire
620 2096 768 2175 cogimur.
840 2158 843 2163 ,

218 2174 385 2236 Statuimus
429 2179 532 2256 itaque
575 2171 739 2239 autoritate
775 2177 857 2259 Dei,
892 2177 1057 2258 episcopos

132 2256 323 2320 Christianos
350 2280 418 2320 esse
442 2263 522 2321 viros
545 2280 653 2338 graves
681 2269 712 2322 et
739 2270 907 2341 provectae
936 2261 1058 2342 aetatis,

132 2342 291 2424 coniuges,
313 2344 419 2420 laicos,
443 2344 552 2405 doctos
573 2346 605 2405 in
626 2347 720 2406 verbo
744 2346 901 2426 veritatis,
929 2345 960 2404 in
984 2363 1057 2424 quc·

131 2423 208 2487 libet
230 2427 353 2487 civitate
375 2428 494 2509 plures,
523 2428 570 2488 vei
607 2448 661 2508 per
690 2430 808 2489 vicinos
839 2430 1055 2510 coepiscopos,

133 2509 182 2570 vel
204 2529 224 2569 u
244 2510 335 2591 plebe
358 2531 413 2572 suu
436 2511 569 2589 electos,
590 2513 696 2591 quates
720 2512 812 2572 modo
835 2520 954 2590 essent,
979 2530 1056 2591 quos

134 2592 227 2672 vulgo
250 2595 404 2674 parochos
426 2615 480 2656 seu
502 2594 652 2675 plebanos
676 2603 802 2675 vocent,
825 2603 855 2656 et
879 2594 1057 2675 capellanos

133 2694 238 2737 eornm
274 2678 440 2758 diaconos,
470 2680 527 2739 nisi
561 2698 616 2759 per
644 2679 835 2759 tyrannidem
864 2679 1056 2758 superiorum

133 2758 288 2821 idolorum
323 2762 433 2822 Missus
475 2782 547 2823 suas
586 2764 807 2844 profanarent,
850 2761 1054 2841 Evangelium

134 2854 237 2904 tacere
259 2856 451 2926 cogerentur,
474 2845 610 2908 coelibes
634 2848 779 2928 perirent,
802 2853 833 2906 et
856 2845 973 2907 nulium
995 2845 1057 2926 epi·
1141 2853 1144 2856 ’

132 2928 220 3008 scopi
238 2927 372 2989 officium
385 2931 512 3010 impiere
528 2932 786 3009 permitterentur.
808 2929 894 2991 Haec
915 2936 963 2990 est
983 2947 1057 3008 apo·

132 3011 246 3072 stolicu
267 3014 401 3091 sanctio,
424 3013 558 3074 divinum
590 3014 767 3096 decretum,
800 3013 929 3094 Spiritus
959 3014 1058 3073 suncti

131 3097 207 3156 ritus
236 3094 474 3158 ordinandorum
508 3099 742 3179 episcoporum,
770 3098 876 3179 quales
910 3098 996 3158 fuere
1023 3092 1057 3160 S.

132 3177 504 3261 Spiridiomcyprinnus,
527 3185 726 3264 Augustinus,
750 3182 941 3262 Ambrosius,
963 3181 1057 3260 utqui

132 3282 215 3324 nunc
243 3282 335 3343 super
357 3265 459 3344 piures
489 3267 628 3327 civitates
655 3269 822 3348 imperent,
851 3265 925 3325 nihii
954 3273 1056 3325 tumen

132 3348 258 3425 fuciunt,
281 3349 340 3407 nisi
359 3349 622 3431 qnodaiiqnsndo
645 3350 770 3411 infulam
784 3356 916 3430 gestant,
939 3347 1057 3428 lapides

133 3440 165 3492 et
205 3430 396 3512 ligneaque
428 3437 657 3515 conspergunt,
688 3435 772 3495 sumo
796 3442 1005 3509 consecrant,
1026 3440 1058 3510 et

132 3533 301 3595 campanos
331 3519 470 3598 tingunt,
502 3519 573 3597 quie
604 3521 737 3600 propriis
772 3516 924 3579 furoribus
961 3517 1057 3578 erecti

132 3607 205 3660 sunt
226 3599 372 3662 adversus
394 3602 550 3663 decretum
573 3603 718 3665 divinum.
761 3602 897 3665 satanae
930 3601 1059 3664 ludibria

144 3824 151 3833 .
209 3787 241 3852 t)
262 3787 293 3842 in
311 3784 356 3844 sd.
376 3788 462 3859 erige
481 3786 617 3849 beneficii.
716 3791 718 3795 ’
