2392 4170
393 258 521 316 Retionia
538 258 721 345 montanae
736 262 790 315 ete.
992 254 1056 322 399

133 414 272 496 phietae,
307 420 338 478 et
369 412 443 474 nihil
470 432 533 477 non
560 430 616 494 pro
648 432 686 474 eo
713 413 830 474 faoiunt
855 412 1055 495 hypneritaar

132 498 254 561 interim
275 497 409 559 infernus
431 495 539 558 dilatat
559 498 693 558 animam
715 514 819 576 enam,
846 508 878 557 et
899 497 997 577 aperit
1017 514 1054 557 ea

132 601 223 647 uuum
245 580 363 660 abique
385 578 572 657 terminet),
595 579 712 641 ettudit
730 588 818 643 eatan
840 581 870 640 in
883 579 1056 660 perditione

133 664 314 727 animarum.
356 663 422 724 Neo
453 664 483 724 in
517 663 607 724 nobie
639 672 701 740 eet,
736 665 788 742 qui
817 665 900 724 aerio
928 671 959 722 et
986 681 1055 723 erim

131 748 266 811 lacrimis
288 752 356 827 ,etat
383 747 414 807 in
441 745 491 807 die
516 746 626 808 furoris
653 746 759 826 huiue,
788 754 819 807 et
851 753 991 826 opponat
1021 765 1055 807 aa

131 850 252 894 murum
285 848 342 910 pro
379 829 483 892 lsrael.
534 829 614 890 Hine
644 829 754 910 plenus
786 829 996 910 indignatione
1023 831 1054 890 in

132 917 210 977 iatoa
232 913 400 993 saerilegoe
422 912 578 992 Latomos,
600 917 651 991 qui
673 914 704 973 in
727 914 775 973 hie
794 915 882 974 eeriie
913 912 1056 994 sophirti·

133 1006 258 1078 eantur,
294 1005 324 1058 et
346 1015 402 1058 noa
431 997 559 1057 meliore
580 997 779 1060 intermittere
805 1002 837 1057 et
857 995 919 1056 euie
940 997 1056 1058 insanie

130 1081 260 1145 insaniis
292 1082 435 1159 oeoupari
463 1088 594 1160 eogunt,
624 1081 778 1160 impreoor
808 1080 839 1140 in
878 1079 1058 1140 duriroimao

132 1183 241 1228 aarum
262 1162 378 1227 frontes
399 1163 557 1242 inuenti:
590 1162 784 1229 Erubeaoant
811 1170 844 1222 et
871 1163 1057 1225 conturben-

134 1259 182 1310 tur
203 1265 312 1308 omnee
349 1247 465 1307 iniurioi
497 1248 576 1325 mei,
615 1252 832 1308 convertantur
869 1255 906 1305 et
935 1245 1057 1308 erubet·

134 1338 207 1392 eant
228 1329 340 1394 subito.

196 1412 258 1476 Sed
285 1431 323 1474 ne
346 1412 487 1491 longiore
507 1411 640 1492 epistola
660 1419 692 1473 te
712 1430 825 1490 morer,
843 1411 885 1472 ed
906 1412 1057 1492 latemur

134 1517 193 1560 nae
216 1495 412 1577 praefationis
435 1496 537 1575 eapite
558 1496 783 1576 elioprineipio
805 1496 1059 1577 respondetur

134 1581 254 1645 iuterim
276 1579 337 1640 hoo
357 1580 418 1641 mei
439 1581 469 1639 in
498 1585 529 1640 te
554 1580 649 1641 animi
671 1580 878 1641 tertimouiurn
910 1597 1058 1660 agnoeoa,

135 1671 164 1724 et
186 1682 263 1743 roga
284 1662 449 1723 Dominum
472 1680 529 1742 pro
554 1682 612 1740 me,
635 1669 668 1722 ut
689 1663 808 1742 etipse
830 1661 939 1724 liberer
956 1683 976 1724 a
997 1682 1058 1724 ma·

136 1749 171 1807 lie
197 1749 261 1821 (eie
282 1747 362 1806 enim
385 1765 468 1807 nuno
489 1744 589 1807 audeo
612 1763 682 1807 oum
704 1745 876 1826 Apostolo)
902 1755 933 1807 et
954 1745 1058 1806 infide-

135 1829 214 1891 libus
236 1829 420 1907 homiuibus,
442 1829 492 1908 qui
507 1829 618 1889 suntin
641 1830 700 1889 iata
712 1826 881 1908 Babylone,
903 1840 934 1890 et
946 1832 1060 1890 ostium

136 1913 208 1975 nitri
230 1913 386 1993 aperiatur
407 1914 438 1973 in
470 1911 594 1974 laudem
617 1912 735 1992 gioriae
753 1914 873 1992 gratiae
895 1912 1057 1993 Evangelii

136 1995 187 2058 filii
211 1997 267 2058 eui.
311 1995 372 2058 sed
400 2003 433 2056 et
459 2013 519 2075 ego
540 1996 706 2074 Dominum
738 2014 812 2076 oro,
844 2002 878 2055 ut
904 1997 1061 2076 impartiet

136 2080 188 2141 tibi
217 2081 355 2160 epiritum
383 2098 490 2156 ouum,
517 2098 578 2159 quo
600 2079 778 2140 Dementes
811 2078 980 2139 antiohrieti
1007 2098 1059 2160 pa·

134 2164 379 2240 atilentioeimae,
414 2162 522 2241 quibua
552 2162 699 2224 doeendie
728 2162 890 2223 mandatus
912 2182 962 2240 oe,
994 2181 1056 2224 non

136 2247 198 2308 aiio
219 2246 320 2307 studio
341 2245 531 2326 profitearis,
562 2266 653 2326 quam
676 2264 737 2325 quo
761 2245 814 2306 tibi
834 2245 915 2324 dixi,
936 2266 1059 2327 nempe,

136 2331 231 2391 uteie
254 2332 359 2390 Aaron
382 2336 413 2389 et
435 2329 569 2391 vestibus
596 2331 712 2392 sanetis
739 2328 880 2408 indutus,
912 2331 973 2391 hoe
1001 2337 1058 2408 eat,

136 2414 246 2477 divinis
267 2412 431 2494 seripturis
454 2414 598 2494 munitus,
621 2413 815 2495 eppreheueo
829 2414 975 2474 orationis
990 2414 1058 2473 thu·

134 2496 250 2575 ribato,
289 2495 440 2576 prooedae
471 2497 502 2556 in
531 2515 694 2557 ooaureum
725 2496 888 2556 vastatoria
915 2497 1005 2556 hoino
1025 2499 1058 2556 in

136 2581 269 2642 medium
292 2579 466 2639 incendium
489 2579 570 2641 istud
592 2580 777 2656 Romanum,
800 2597 861 2658 quo
883 2578 993 2660 flagrat
1011 2599 1059 2641 or·

136 2663 180 2745 bie
203 2662 382 2744 propediem
406 2662 467 2724 alio
490 2665 632 2724 ineendio
655 2662 694 2723 de
715 2662 872 2742 eoeloper
893 2665 1058 2724 adventum

135 2746 304 2809 Salvatoria
319 2748 428 2825 nostri,
449 2765 542 2827 quem
555 2755 772 2828 exepeotamue
787 2746 1056 2825 exstinguendum.

134 2831 188 2910 lta,
204 2833 244 2892 mi
256 2830 371 2911 Frater,
392 2831 497 2909 facito,
511 2832 665 2894 utdoeeao
678 2829 865 2891 redimenda
877 2848 956 2910 aeae,
980 2846 1059 2909 quae

136 2915 247 2994 dooee,
270 2919 301 2973 et
322 2915 421 2973 soient
442 2914 588 2996 fugienda
608 2916 689 2974 eieirt
708 2913 882 2992 mortifera,
905 2932 1058 2993 quaeeun-

136 3016 193 3076 que
222 3017 305 3079 pepa
333 3005 365 3058 et
391 3000 533 3079 papistae
560 3003 699 3061 statuunt
727 3016 764 3058 ao
788 2998 935 3060 sentiunt.
980 2986 1056 3058 dum

134 3085 213 3143 enim
243 3083 272 3141 vi
301 3099 363 3144 uon
385 3085 538 3162 poreimua
561 3085 623 3145 hoa
649 3081 803 3162 publium
832 3082 915 3143 orbis
944 3082 1056 3142 malunt

134 3165 274 3245 abolere,
297 3183 506 3247 eogamnrqne
529 3169 584 3228 hae
607 3167 773 3245 eaeritagas
796 3164 964 3248 Babylonia
985 3184 1058 3246 prov

135 3251 250 3310 vineias
273 3247 502 3331 administrare,
538 3253 599 3313 hoe
619 3251 770 3330 reliquum
792 3257 858 3330 eat,
886 3257 920 3311 ut
941 3252 985 3310 aio
1007 3249 1060 3311 ed·

135 3335 354 3412 ministremus,
378 3343 411 3393 ut
431 3354 484 3395 eae
508 3333 600 3416 longe
621 3327 697 3398 aliae
720 3341 752 3394 et
773 3335 891 3414 patriae
912 3333 1056 3395 Hieroeo-

135 3415 501 3496 iymitanaeadverearias
512 3421 693 3480 vastatrioea
705 3425 738 3478 et
753 3417 934 3480 insatiabilis
952 3419 1061 3480 erude

135 3499 224 3562 titatie
248 3501 352 3562 hortea
375 3502 596 3584 intelligemus,
619 3523 659 3564 ne
681 3521 750 3563 oum
772 3503 820 3582 iio,
841 3504 896 3583 oni
917 3510 1057 3584 pereunt,

193 3778 224 3844 ·)
245 3776 318 3830 Eeei.
339 3779 365 3833 5.
406 3775 564 3843 ”)Peatm.
582 3778 609 3834 6.
720 3801 722 3811 ¹
