2392 4170
134 232 176 311 bd
222 244 224 249 '
343 239 543 300 &adamantio
561 238 861 301 muramutha.

216 413 400 515 Propositio,
417 432 508 496 quam
527 412 679 494 Lutbsrll
699 415 818 493 asserit,
832 419 880 476 est
897 416 1060 479 manifesta

136 510 351 666 ιθῐῃθηιἷηόιιο
379 587 518 661 tempore
548 581 650 664 coepit
679 581 837 663 theologia
865 581 1061 658 scholastica

136 666 167 728 id
191 672 246 748 est,
268 665 416 743 illusoria,
430 664 540 726 eodem
559 671 708 726 evacuata
721 672 768 726 cst
782 665 937 779 theologia
951 665 1061 740 crucia

137 755 267 895 snntqqa
289 750 393 811 omnia
414 747 506 830 plane
527 767 683 829 perversa.

248 853 304 895 aec
341 831 515 912 Propositio
549 839 595 893 est
632 831 728 906 falsa,
762 839 997 912 praesumtuose
1030 839 1060 893 ιιι

67 942 76 996 '.
137 916 385 1016 irrationabiliter
406 922 545 995 asserta,
576 922 607 977 et
628 917 722 976 errori
747 915 954 978 Bohemorum
979 916 1059 1013 dam·
1103 913 1119 935 '

136 1010 210 1065 uato
230 1000 343 1064 vicina.

220 1082 257 1166 6)
280 1082 448 1145 Libidinem
488 1082 731 1163 corrumpendae
776 1081 953 1162 Scripturae
999 1083 1059 1142 iam

136 1168 231 1230 t'crme
251 1166 396 1228 trecentis
417 1165 505 1228 annis
523 1167 636 1245 patitur
665 1166 797 1227 ecclesia
829 1163 1060 1247 incomparabili

138 1251 251 1313 damno
273 1269 330 1312 auo
352 1271 371 1312 a
393 1247 577 1312 Ductoribus
600 1249 803 1312 scholasticis.

219 1333 306 1396 Haeo
327 1333 502 1415 Propositio
531 1339 578 1392 est
606 1333 701 1410 salsa,
732 1333 824 1394 stulte
854 1341 885 1395 et
908 1333 1062 1395 molitione

136 1425 262 1480 assarta.

219 1505 257 1576 7)
280 1499 432 1582 Theologi
449 1499 626 1561 scholastici
638 1500 811 1563 Aristotelis
828 1500 955 1561 moralia
977 1518 1061 1581 pror·

137 1604 190 1646 sus
218 1584 384 1647 convenire
412 1584 528 1653 mentiti
561 1591 631 1642 sunt
662 1601 729 1643 cum
765 1581 876 1644 curisti
913 1583 1060 1664 Paulique

137 1667 286 1733 doctrina

219 1751 286 1814 Hac
306 1749 522 1831 Propositione
536 1748 731 1829 impudenter
751 1755 782 1810 et
803 1748 881 1811 lalso
905 1748 1082 1831 theologis'

138 1834 330 1896 scholasticis
358 1834 489 1913 imponit
512 1834 657 1912 scriptor,
687 1832 769 1912 quod
791 1852 854 1893 non
879 1841 924 1893 est
946 1853 1062 1914 verum,

138 1936 312 1998 quanquam
341 1918 416 1978 satis
438 1917 630 1997 exploratum
653 1917 707 1996 sit,
736 1917 767 1977 in
799 1916 902 1976 multis
933 1917 1062 1979 moralia

49 2008 53 2013 “
137 1999 311 2064 Aristotelis
334 2019 403 2062 oum
416 1998 528 2061 Christi
546 1998 693 2079 Paulique
714 1998 853 2060 doctrina
875 2001 1060 2064 consentire

138 2170 316 2236 Additur
337 2179 377 2237 et
398 2170 497 2236 haec
518 2189 566 2234 cx
587 2170 694 2235 libro
723 2169 769 2234 de
791 2170 1060 2254 captivitato

468 2252 731 2339 babylonica

217 2407 250 2468 ln
274 2406 434 2490 Dionysio,
456 2409 506 2489 qui
529 2408 651 2490 scripsit
667 2407 706 2468 de
728 2406 856 2468 coelesti
878 2408 1058 2486 hierarchia,

42 2540 47 2549 .
134 2490 209 2552 nibil
230 2490 326 2552 terme
362 2499 409 2554 est
436 2492 555 2552 solidae
583 2491 783 2566 eruditionis,
813 2499 844 2551 et
866 2495 970 2553 omnia
992 2500 1062 2554 sunt

135 2572 217 2634 illius
245 2573 427 2636 meditata
419 2595 449 2635 rn
479 2575 616 2654 praelato
639 2574 717 2634 libro
747 2577 934 2652 aesomniis
966 2596 1060 2658 prope

136 2656 299 2723 simillima.
328 2656 365 2720 In
388 2658 548 2738 theologia
571 2665 671 2718 autem
685 2655 814 2737 mystica
838 2659 1060 2736 perniciosissi-

135 2760 201 2801 mus
228 2748 289 2817 est,
311 2741 504 2821 platouizaus
528 2742 627 2822 magis
655 2760 746 2820 quam
775 2740 1060 2824 Christiauizaus²)

133 2824 163 2884 in
189 2824 400 2886 ecclesiastica
422 2822 679 2887 varohierarohia
694 2822 770 2884 ludit
793 2822 960 2903 allegoriis,
978 2826 1060 2906 quod

10 2984 13 2991 Ι
135 2914 182 2967 est
205 2909 375 2969 otiosorum
399 2908 555 2969 hominum
579 2906 722 2967 studium

219 2990 306 3052 Haec
338 2987 543 3085 Propositio
543 2997 590 3049 est
611 2990 711 3068 falsa,
733 2992 893 3050 temerarie
929 2998 960 3052 et
980 3012 1059 3052 arro·

106 3118 110 3125 -
134 3082 243 3151 gauter
273 3081 413 3155 asserta,
450 3093 488 3134 ac
515 3073 580 3132 viro
608 3080 716 3134 sancto
746 3072 858 3152 insigni
888 3075 1059 3136 eruditione

134 3156 236 3216 olaro
229 3157 338 3218 iniuria
338 3176 446 3237 ‚quem
455 3156 669 3218 Damasceuus
683 3155 817 3216 divinum
827 3157 1059 3239 Areopagitsm,

133 3238 439 3381 Paulindiscipulum,
462 3240 658 3300 sanemimum
688 3246 719 3300 et
741 3238 1057 3318 deiloquentissimum

134 3341 212 3401 appe
238 3325 279 3387 at

135 3461 218 3468 ...κ-

204 3543 232 3611 1)
256 3541 341 3600 Ibida
372 3543 514 3602 Lntbarus
551 3545 579 3613 2)
601 3543 686 3603 Ibida
705 3544 934 3618 platonlaans.
955 3547 1054 3607 .(lhri·

131 3613 291 3678 stiauisana
