2392 4170
148 219 212 306 316
441 240 484 296 De
501 236 575 295 votis
593 235 754 295 mousstteis

232 410 375 492 Proinde,
392 413 470 474 siout
482 433 561 476 uxor
572 390 757 496 potestatem
776 411 870 476 habet
888 409 1071 475 extrahendi

148 499 245 558 virum
268 518 286 559 e
309 499 507 577 monasterio,
530 499 605 559 eitra
618 517 802 558 eonsensum
825 517 913 558 suum
936 494 1072 558 eoeirlla·

150 591 225 658 turn,
247 583 312 641 sive
335 582 375 642 sit
396 583 424 641 iu
448 582 639 643 sacerdotem
664 590 792 662 unctus,
819 583 885 642 sive
907 582 1005 656 lotas,
1026 579 1072 641 ita

147 663 241 726 habet
263 672 350 747 pater
372 673 425 725 aut
447 675 543 726 mater
578 666 624 726 ius
647 665 826 727 extrahendi
848 664 943 726 illium
966 664 1014 726 vel
1038 662 1072 724 il·

148 746 219 809 liam
243 768 260 808 e
283 742 479 810 monasterio.
523 748 562 809 iat
593 748 672 809 lilius
701 748 751 809 vel
773 749 836 811 iilia
858 748 914 809 sub
936 747 1072 809 neoessi·

148 838 211 893 tate
233 831 338 892 salutis
363 840 393 892 et
414 831 624 913 indignatione
641 832 696 893 Dei
719 839 839 895 tenetur
860 831 945 912 seq'ui
967 837 999 894 et
1020 849 1072 891 eo·

148 915 260 976 sallum
283 935 398 996 ponere
421 916 537 996 absque
559 916 720 997 scrupulo,
750 935 806 998 pro
835 917 920 977 irrito
943 915 1073 991 habens,

148 1001 173 1059 si
196 1007 344 1061 sexcenta
365 1007 439 1060 vota
461 1001 606 1079 vovisset,
631 1007 662 1060 et
683 1006 730 1061 tot
751 1001 942 1061 oharaeteres
964 996 1072 1079 indeli-

146 1081 223 1144 biles
246 1083 382 1164 haberet,
404 1089 480 1163 quot
502 1091 572 1144 sunt
584 1083 686 1165 eapilli
709 1085 817 1166 eapitis
839 1085 894 1147 sui.
929 1083 968 1143 At
991 1101 1073 1143 nune

150 1164 232 1227 illios
254 1187 273 1227 a
295 1174 454 1246 parentum
477 1166 652 1229 obedientia
675 1167 796 1229 solvunt
830 1169 860 1228 iu
883 1173 980 1228 totum
1003 1180 1072 1247 gar·

147 1250 270 1326 nentes,
288 1251 317 1311 in
341 1250 431 1312 rebus
455 1250 663 1332 spiritualibus
679 1269 924 1333 unumquemque
942 1249 1071 1312 liberum

147 1352 225 1396 esse.
270 1334 331 1396 Gur
364 1354 438 1415 ergo
469 1354 529 1395 nou
564 1344 594 1395 et
622 1337 769 1416 coniuges
800 1333 965 1416 separanti
1011 1332 1073 1394 Aut

148 1436 201 1478 aur
224 1437 284 1479 non
309 1425 339 1479 et
368 1418 498 1479 infantes
527 1418 663 1480 avellunt
690 1418 729 1480 ab
758 1417 900 1479 uberibus
930 1422 1072 1491 matrum,

145 1501 171 1561 si
193 1500 253 1562 boa
274 1504 347 1562 satis
371 1508 426 1582 est,
450 1501 532 1582 quod
556 1503 585 1562 in
610 1502 818 1579 spiritualibus
831 1501 921 1562 rebus
944 1500 1071 1562 libertas

146 1585 218 1646 est?
261 1585 308 1645 An
333 1605 394 1646 non
417 1594 448 1644 et
470 1585 601 1646 infantes
623 1587 746 1647 suntin
769 1586 883 1647 eisdem
906 1583 1070 1665 spirituali·

147 1667 203 1729 bus
226 1668 337 1729 rebus?
373 1667 452 1744 Quin
475 1669 534 1730 hoo
555 1671 675 1730 ratione
697 1668 898 1731 omnesfllios
920 1688 939 1728 a
962 1686 1070 1748 pareu-

148 1750 243 1827 tibus,
271 1771 379 1813 omnes
402 1772 507 1814 servos
530 1773 549 1814 a
571 1752 725 1829 dominis,
755 1773 863 1815 omnes
892 1751 1027 1832 populos
1053 1771 1071 1810 a

148 1835 376 1917 magistratibus
398 1835 578 1914 avellamus,
601 1837 705 1897 omnia
727 1835 862 1913 foedera,
885 1836 1071 1915 omniapao·

147 1926 189 1998 ta,
210 1938 318 1981 omnes
340 1928 516 1981 contractus
538 1919 710 1996 solvamus,
734 1920 892 1997 dieentes,
920 1919 950 1979 in
980 1917 1070 1979 rebus

151 2002 358 2085 spiritualibus
382 2023 489 2064 omnes
512 2003 626 2063 liberos
650 2009 680 2063 et
701 2004 746 2063 sui
769 2002 894 2083 arbitrii,
918 2002 1069 2062 neminem

148 2105 222 2150 veru
257 2086 380 2146 alterius
411 2088 483 2147 iuris
513 2105 591 2149 esse.
636 2086 697 2148 Sed
736 2107 784 2148 res
825 2084 998 2166 spirituales
1028 2083 1069 2145 illi

116 2205 118 2209 ν
148 2168 310 2230 verborum
345 2171 484 2231 lictorum
513 2179 637 2230 autores
671 2178 785 2232 vooaut
816 2189 886 2230 suas
919 2168 1070 2228 humanas

147 2252 336 2333 traditiones,
360 2256 455 2330 nasei,
477 2254 617 2332 sacrilegi
642 2259 673 2313 et
696 2252 875 2334 blasphemi.

233 2336 283 2397 Sia
306 2337 388 2416 quod
412 2339 568 2398 caritatem
594 2338 730 2398 exerceri
756 2339 834 2397 inter
856 2337 941 2417 ipsos
965 2352 1069 2394 mona·

147 2420 240 2480 stieos
265 2439 367 2499 posse,
391 2429 421 2480 ut
446 2422 577 2480 invicem
600 2421 755 2500 serviant,
793 2439 895 2480 verum
920 2422 996 2493 est,¹
1018 2414 1070 2475 sed

146 2521 208 2562 non
233 2523 302 2564 vere
332 2503 453 2564 dietum.
498 2503 615 2563 Caritas
647 2505 725 2563 enim
760 2503 855 2563 libera
882 2508 945 2579 est,
981 2499 1070 2560 nullis

146 2588 286 2667 personis
310 2588 432 2668 proprie
455 2586 593 2662 addicta,
621 2592 653 2646 at
682 2588 724 2647 illi
753 2589 814 2646 suis
845 2596 874 2645 et
911 2585 967 2644 sibi
997 2582 1069 2663 ipsis

147 2668 298 2732 duntaxat
320 2670 457 2751 alligant,
479 2670 607 2731 aliorum
624 2689 748 2750 prorsus
766 2669 1070 2750 negligentes,'quae

147 2755 258 2814 caritas
280 2753 351 2813 fieta
375 2759 430 2832 est,
454 2760 484 2812 et
506 2754 673 2813 fomentum
693 2761 844 2813 saetarum
868 2750 1070 2826 alodiorum,

146 2837 235 2897 siouti
259 2837 407 2916 videmus,
432 2837 617 2898 monasteria
635 2836 781 2896 adversus
807 2835 1004 2907 monasteria,
1027 2849 1070 2891 or·

147 2919 233 2980 dines
266 2920 412 2980 adversus
448 2919 571 2980 ordines
596 2926 700 2979 mutuo
735 2920 867 2980 insanire
899 2925 929 2977 et
962 2916 1071 2977 zelare.

146 3002 301 3064 Germana
323 3011 424 3063 autem
447 3003 501 3063 illa
528 3010 556 3062 et
581 3001 760 3063 universalis
784 3003 896 3063 auritas
928 2999 967 3061 ab
993 3000 1070 3078 Apo-

146 3087 239 3166 stolo‚
267 3091 292 3148 l.
315 3086 451 3148 Corinth.
476 3089 530 3162 13,
554 3084 728 3165 descripta,
751 3105 830 3166 quae
854 3082 996 3145 omnibus
1020 3101 1069 3141 ex·

144 3171 248 3250 posita
269 3178 332 3247 est,
365 3170 471 3230 amieis
502 3169 692 3247 etinimicis,
715 3168 753 3229 ad
777 3167 994 3245 serviendum,
1028 3172 1073 3224 est

143 3252 203 3314 illis
232 3253 382 3332 prohibita
410 3261 441 3313 et
462 3253 577 3315 illicita.
626 3251 714 3332 Quia,
743 3260 774 3312 ut
802 3271 894 3331 supra
931 3250 1072 3317 diximus,

145 3334 303 3416 Religioso
326 3355 387 3397 non
412 3336 483 3396 linet
511 3334 594 3396 exire
618 3335 853 3410 monasterium,
878 3332 1071 3394 visitare'in-

144 3416 259 3494 firmos,
282 3427 311 3478 at
323 3419 384 3480 alia
401 3419 573 3480 Christiana
589 3417 735 3498 obsequia
755 3417 944 3498 impendere,
967 3416 1072 3476 etiarn-

145 3503 169 3561 si
193 3520 270 3583 opus
294 3504 333 3561 sit
355 3510 383 3562 et
407 3503 518 3581 poesit3
552 3503 614 3560 imo
638 3509 745 3562 eontra
774 3507 984 3582 pervertentes
1009 3516 1071 3559 om·

145 3586 222 3666 nia,
257 3587 366 3666 positis
396 3605 539 3645 manuum
572 3585 735 3664 operibus,
765 3587 823 3666 ipsi
855 3584 948 3645 otiosi
971 3584 1073 3644 sinunt

145 3668 222 3730 solis
245 3668 303 3730 sibi
326 3667 470 3729 benefieri
494 3687 511 3727 a
534 3675 599 3728 toto
625 3667 750 3746 mundo,
773 3669 910 3731 omnium
934 3666 1071 3728 substau-

142 3755 216 3823 tiam
241 3751 438 3837 devorantes,
458 3750 537 3813 bene
558 3751 624 3812 sani
640 3757 671 3812 et
693 3751 820 3834 robusti,
843 3768 958 3834 magno
980 3750 1071 3812 etiam
