2392 4170
183 207 246 292 240
340 269 342 274 .
418 229 569 283 Axiomata
589 230 621 284 D.
639 230 717 284 Eros.
736 232 814 283 Rote.
833 236 885 285 etc.

226 383 314 443 huius
337 383 404 443 libri
417 383 539 462 legitur:
562 383 652 446 Finis.
675 383 791 461 Pagina
804 382 909 443 ultima
921 403 1047 464 prorsus
1059 391 1108 446 est

225 466 317 526 nuda.
360 464 430 526 Non
453 465 575 526 dubium
599 472 654 544 est,
670 467 740 544 quin
760 464 810 524 hic
831 465 907 526 liber
929 486 1010 527 anno
1023 467 1103 532 1521

227 551 308 629 typis
331 567 462 609 excusus
485 550 532 626 sit,
556 569 624 609 nam
645 551 673 608 in
698 548 881 609 bibliotheca
897 549 1107 629 Scheurliana,

225 652 264 691 ex
286 651 347 710 qua
367 632 455 691 nobis
482 634 546 692 eins
574 632 732 711 exemplar
762 642 884 710 praesto
909 641 989 712 erat,
1024 633 1107 695 volu·

224 717 296 775 mini
311 716 440 774 insertus
463 724 519 788 est,
543 733 603 793 quo
627 717 739 794 scripta
761 734 788 775 a.
804 717 880 780 1521
905 719 1107 778 continentur.

265 798 381 858 Iudicia
412 798 643 878 Oecolampadii
678 799 868 878 aliorumque
898 800 935 859 ds
963 800 1108 878 Luthero,

184 900 263 961 quae
285 882 315 941 in
339 882 398 941 hoc
420 881 507 941 buius
535 880 602 940 libri
626 881 713 941 titulo
737 892 1029 962 commemorantur,
1059 903 1108 944 re-

185 967 340 1046 periuntur
362 965 453 1024 etiam
476 966 504 1024 in
530 963 648 1042 libello,
676 965 726 1043 qni
749 965 804 1025 snb
827 965 886 1026 hac
907 967 1108 1047 inscriptione

183 1050 214 1108 in
238 1047 346 1126 vulgus
368 1048 459 1107 exiit:
1060 1115 1063 1118 ⁴

226 1130 456 1209 Oecolampadii
495 1131 526 1189 iu
546 1127 549 1211 l
570 1129 681 1188 dicium
721 1130 758 1189 da
793 1129 920 1190 doctore
946 1133 951 1209 Ι
975 1132 1107 1193 Martino

225 1215 268 1272 Lu
288 1216 292 1295 Ι
311 1214 408 1275 thern.
436 1211 578 1273 -Tituli
601 1215 725 1291 pagina,
747 1232 826 1291 quae
843 1232 900 1272 nec
921 1214 1023 1274 locum
1048 1234 1107 1277 nec

135 1341 137 1344 ι
227 1316 338 1375 annum
367 1297 498 1373 indicat,
529 1303 649 1374 praeter
672 1296 752 1356 hanc
780 1297 1009 1376 inscriptionnm
1033 1298 1108 1359 nibil

226 1381 361 1441 continet
376 1379 527 1456 nullisque
549 1387 657 1438 ornata
672 1385 719 1438 est
740 1379 844 1459 figuris
866 1382 1108 1462 typographicis.

223 1463 256 1524 In
280 1463 340 1523 line
362 1463 484 1542 legitur:
512 1461 559 1520 Ex
581 1460 676 1540 Liptz.
700 1463 791 1522 Anno
817 1463 930 1523 domini
952 1465 1105 1526 XVCXV.

226 1547 317 1607 Finis.
344 1545 393 1622 (In
409 1544 593 1605 bibliotheca
606 1544 802 1605 Scheurliana
814 1545 865 1605 hic
877 1566 1002 1628 quoqne
1024 1547 1108 1610 libel·

224 1631 271 1690 lns
293 1629 440 1689 volumini
453 1630 584 1688 insertus
607 1635 663 1704 est,
686 1647 746 1708 quo
769 1630 885 1709 scripta
897 1651 925 1692 a.
938 1633 1015 1701 1521
1035 1650 1109 1692 con·

226 1714 388 1787 tinentnr).

217 1829 220 1842 ι
267 1796 407 1856 Brevis
431 1796 751 1855 commemoratio
775 1797 1108 1860 rarumOoloniae

183 1882 219 1941 in
243 1899 361 1940 cansa
383 1878 539 1939 Lutheri
563 1897 590 1939 a.
607 1880 687 1941 1520
710 1886 905 1956 gestarum
929 1883 959 1939 in
973 1879 1108 1963 editione

184 1963 339 2043 originali,
380 1980 471 2040 quam
508 1963 591 2040 prius
622 1962 863 2037 nominavimus,
907 1963 1018 2042 legitur
1050 1963 1108 2025 sub

184 2045 287 2109 titulo:
323 2046 513 2105 Friderici
542 2044 630 2105 Duc.
654 2043 738 2104 Sax.
762 2044 956 2106 Electoris
980 2046 1106 2108 datum

185 2132 429 2210 Responsum
452 2126 609 2206 Legatis
632 2127 731 2188 Rom.
756 2128 975 2189 Pontificio.

268 2213 476 2272 Axiomata
497 2210 651 2270 Erasini
680 2220 711 2271 et
732 2210 1032 2292 Oecolampadii
1055 2215 1108 2273 in·

185 2297 328 2356 dicium
355 2294 399 2354 de
422 2294 460 2354 M.
485 2293 652 2353 Lnthero
686 2295 827 2374 leguntur
855 2298 945 2355 etiam
975 2298 1004 2356 in
1029 2297 1108 2357 libro

185 2379 348 2457 singulari:
370 2377 534 2457 „Doctoris
548 2377 666 2436 Martini
686 2377 806 2437 Lutheri
820 2378 899 2439 Acta
912 2379 1109 2442 Wormaciae

185 2465 215 2523 in
239 2462 378 2522 Comitiis
408 2459 617 2541 Imperialibus
648 2461 830 2539 Principum.
880 2464 971 2523 Anno
1001 2464 1109 2524 salutis

185 2552 319 2606 nostrae.
342 2544 382 2605 Μ.
404 2544 441 2605 D.
464 2541 545 2606 XXl.
591 2543 686 2620 (Bibl.
721 2545 805 2624 regia
832 2545 983 2628 Monac).
1029 2546 1108 2607 ludi·

186 2630 265 2688 cium
295 2636 411 2706 autem,
443 2628 525 2708 quod
557 2626 814 2707 Oeoolampadins
848 2629 885 2689 de
907 2629 1046 2690 Doctore
1069 2630 1108 2694 M.

184 2712 316 2773 Lnthero
340 2720 402 2772 tum
426 2713 572 2792 temporis
594 2712 790 2791 conscripsit,
813 2721 859 2771 est
881 2714 955 2773 hoo:
989 2714 1109 2791 „Oeon-

186 2796 330 2877 lampadii
369 2794 512 2856 indicium
549 2793 586 2854 de
627 2795 762 2855 Doctore
798 2796 928 2856 Mar-tino
966 2797 1107 2862 nurnero.

185 2881 252 2940 lam
276 2879 314 2940 de
343 2880 473 2939 Martino
506 2877 599 2939 libere
633 2878 757 2957 loquar,
790 2887 822 2938 ut
851 2898 946 2959 saepe
968 2880 1110 2958 antehac,

186 2963 268 3042 quod
303 2964 501 3042 evangelicae
535 2961 654 3021 veritati
687 2963 812 3042 propius
854 2963 982 3024 accedat
1016 2983 1107 3043 quam

186 3045 352 3106 adversarii
375 3047 430 3108 sni.
474 3045 512 3105 Et
547 3047 696 3124 poteritne
729 3046 879 3106 humanus
908 3048 1032 3127 spiritus
1060 3048 1109 3108 vel

187 3129 225 3190 ab
248 3130 352 3189 auditu
374 3130 423 3191 vel
445 3148 464 3189 a
485 3128 732 3209 promulgatione
754 3129 905 3209 evangelii
930 3133 992 3190 suis
1015 3130 1110 3191 mina-

185 3212 271 3272 cibus
297 3212 446 3275 mandatis
469 3214 627 3273 averterer
653 3214 760 3272 mirum
792 3232 859 3272 cum
889 3214 1017 3275 meliora
1046 3233 1108 3276 non

187 3295 332 3374 offerant,
365 3295 447 3376 qnod
478 3294 618 3357 omnibus
641 3296 716 3357 sole¹
735 3296 845 3356 clarius
868 3305 931 3371 est,
966 3297 1110 3358 condem-

139 3382 141 3386 '
185 3398 260 3440 nare
282 3388 383 3441 tamen
406 3398 467 3440 non
490 3388 642 3455 verentur,
665 3380 747 3458 quod
765 3380 939 3460 improbare
961 3388 1107 3460 quantum

185 3465 259 3524 satis
281 3462 329 3524 'est
357 3482 418 3524 non
442 3472 578 3544 possunt.
624 3463 703 3522 Vera
731 3463 804 3523 dicit
826 3463 954 3524 Ennius:
985 3463 1110 3524 Pellitur

186 3548 327 3608 emedio
350 3547 510 3627 sapientia,
534 3547 562 3607 vi
584 3547 697 3626 geritur
719 3566 776 3610 res.
811 3547 948 3608 Viderint
971 3548 1108 3628 episcopi

185 3633 252 3693 sive
280 3652 328 3692 me
356 3631 502 3692 damnent
529 3641 581 3693 ant
609 3638 736 3712 parcant
768 3630 994 3697 condemnanti.
1037 3629 1108 3692 Non

188 3715 226 3777 ds
248 3715 406 3796 omnibus,
443 3735 521 3800 quaa
548 3717 669 3797 scripsit
691 3715 854 3800 Martinus,
887 3714 1012 3798 loquor,
1045 3734 1108 3777 nou
