2392 4170
125 237 189 306 404
330 238 435 295 Conna
453 237 600 294 Henricum
617 253 711 309 regem
729 235 852 309 angliae

126 419 232 494 aperte
267 417 299 473 et
330 419 414 473 recta
441 414 470 473 in
495 418 585 475 oset
610 411 773 473 infaciem
803 409 937 472 divinam
961 411 1052 472 maie

127 501 238 557 statem
262 494 456 577 blasphemat
477 503 509 557 et
529 494 680 556 mendacii
702 496 812 576 arguit.

209 577 242 640 Si
265 586 368 639 autem
390 598 459 639 eum
481 599 569 640 usum
596 578 645 638 vel
667 579 864 640 autoritatem
890 576 1051 639 hominum

127 660 251 741 allegat,
279 680 359 742 quae
380 681 443 724 nou
471 669 610 744 pugnent
632 660 812 743 Scripturis,
839 680 903 723 nou
925 659 1051 741 damno,

127 743 182 804 sed
205 744 328 805 tolerari
351 746 444 824 volo,
472 747 532 806 lroc
554 751 671 806 tantum
693 744 837 824 adiecto,
869 753 905 804 nt
925 743 1051 804 libertas

127 826 299 888 Christiana
311 829 397 888 salvs
412 830 462 906 sit,
484 836 517 890 et
528 827 561 890 in
573 829 699 889 arbitrio
720 835 827 889 nostro
849 829 888 888 sit
901 847 939 888 ea
953 827 1051 907 sequi,

126 919 253 987 tenere,
274 917 408 991 mutare,
436 911 560 991 quando
572 959 581 988 ,
602 911 671 992 ubi,
704 910 862 992 quomodo
890 911 1050 991 placuerit

128 992 218 1068 Quod
241 995 266 1052 si
288 993 368 1056 hanc
390 995 562 1056 libertatem
586 993 675 1056 nobis
697 995 853 1075 captivare
886 992 992 1054 volent
1020 999 1053 1053 et

127 1075 320 1139 necessarios
343 1078 488 1138 articulos
511 1077 583 1138 fidei
606 1082 742 1138 statuere
765 1078 919 1154 tentarint,
941 1078 1050 1136 iterum

128 1158 213 1220 dico:
246 1160 421 1221 Anathema
449 1163 506 1241 sit,
535 1162 586 1240 qui
608 1161 669 1222 hoc
689 1161 951 1243 praesumpserit,
985 1161 1051 1220 sive

127 1244 166 1302 sit
198 1243 331 1303 insulsus
357 1244 532 1323 Thomista,
561 1245 609 1304 vel
646 1243 786 1324 stupidus
815 1243 956 1326 Papista,
984 1243 1051 1303 sive

127 1326 205 1405 Rex,
228 1328 293 1387 sive
315 1327 409 1407 Papa.

208 1408 285 1469 Tale
308 1419 363 1487 est,
387 1410 468 1488 quod
493 1411 646 1472 Dominus
668 1416 773 1471 noster
792 1409 862 1470 Rex
883 1415 973 1489 urget
993 1426 1050 1489 pro

127 1493 262 1552 articulis
287 1492 359 1552 fidei
388 1514 443 1554 sua
477 1494 677 1555 Sacramenta
706 1492 964 1569 confirmationis,
986 1511 1051 1552 ma·

128 1577 272 1652 trimonii‚
294 1576 426 1657 ordinis,
449 1578 603 1638 unctionis
638 1585 669 1638 et
701 1578 866 1638 mixturam
898 1594 999 1654 aquae
1019 1575 1050 1636 in

128 1662 231 1720 unum
253 1665 312 1720 etc.
617 1704 622 1711 .

210 1740 272 1803 Sed
305 1741 395 1803 uobis
428 1742 575 1803 adversus
618 1744 673 1804 has
704 1742 832 1825 stipulas
859 1748 890 1802 et
921 1749 1051 1822 stuppas

127 1825 332 1885 Themisticas
355 1826 423 1906 plus
447 1844 537 1905 quam
561 1827 651 1886 nimis
686 1826 824 1906 potentia
852 1831 924 1885 sunt
946 1823 1051 1884 divina

127 1908 265 1989 fulmina,
287 1909 339 1970 ubi
362 1909 500 1970 Christus
522 1910 628 1970 Matth.
646 1913 683 1974 15
708 1907 845 1970 decernit
865 1925 959 1988 super
988 1926 1051 1967 om·

128 2011 183 2052 nes
205 1991 363 2052 hominum
387 1991 579 2071 traditiones,
602 1993 727 2053 dicens:
750 1992 821 2054 Sine
839 2009 934 2051 causa
946 1990 1053 2051 colunt

130 2094 178 2135 me
201 2074 347 2135 doctrinis
371 2083 402 2136 et
424 2075 576 2136 mandatis
598 2076 766 2137 hominum.
811 2073 890 2150 Quid
918 2079 967 2134 est
987 2075 1051 2133 uni·
1106 2107 1110 2113 ·

128 2178 217 2217 versa
240 2158 311 2218 faex
333 2159 423 2218 huius
456 2159 564 2219 larvati
587 2159 766 2222 Thomistae
787 2158 936 2218 adversus
959 2176 1050 2217 unam

128 2241 207 2301 banc
229 2260 338 2302 vocem
361 2241 487 2322 Christi,
511 2244 624 2302 utalia
646 2243 776 2322 plurima
796 2249 949 2302 transeam
974 2242 1051 2301 alias

129 2324 324 2384 memorata?
368 2325 399 2385 Si
422 2326 625 2385 frustraneum
644 2335 700 2404 est,
723 2323 869 2405 quidquid
892 2325 1050 2384 hominum

128 2406 305 2466 mandatum
328 2416 384 2484 est,
406 2428 466 2488 qua
488 2411 589 2469 fronte
620 2409 749 2470 stolidus
772 2409 840 2468 Rex
868 2407 957 2467 nobis
980 2410 1051 2467 arti·

129 2490 216 2549 culos
238 2489 310 2551 fidei
333 2511 372 2550 ex
390 2510 427 2552 eo
449 2492 561 2552 faciet?
582 2493 691 2572 ltaque
713 2493 772 2552 hac
785 2491 853 2553 sola
876 2509 954 2551 voce
967 2489 1051 2553 chri-

128 2576 167 2633 sti
193 2581 365 2653 prostratus
394 2577 475 2635 iacet
504 2576 609 2635 infelix
639 2584 669 2636 et
696 2575 877 2636 miserabilis
907 2572 1051 2635 defensor

128 2658 278 2717 ecclesiae
300 2657 504 2718 Henrioianae
527 2678 596 2718 curn
620 2666 686 2719 toto
709 2678 766 2719 suo
790 2658 904 2718 libello.

211 2740 269 2801 Ubi
291 2742 374 2817 estis,
398 2742 529 2801 Domine
551 2742 708 2803 Henrice?
730 2741 891 2822 producite
914 2749 1050 2801 vestrum

128 2826 284 2904 egregium
293 2824 570 2885 contraLutberum
581 2825 738 2885 libellum?
751 2824 831 2900 Quid
840 2822 1051 2884 assoritdomi·

128 2906 341 2967 natiovestraf
364 2906 488 2987 Septem
502 2907 724 2969 Sacramenta?
746 2907 863 2983 Quibus
876 2906 1050 2968 doctrinis?

128 2990 185 3048 Dei
206 3009 246 3050 an
269 2990 447 3050 hominum?
479 2990 593 3052 Audiat
628 3012 702 3073 ergo
731 2991 921 3052 Themistica
950 2997 1052 3051 vestra

129 3072 297 3133 dominatio
319 3072 485 3154 iudicium,
514 3095 576 3136 non
598 3075 730 3155 lutheri,
766 3075 821 3135 sed
843 3076 926 3154 eius,
959 3092 1050 3153 quem

128 3164 261 3215 tremunt
283 3155 423 3216 cardines
446 3157 543 3217 orbis:
581 3158 706 3219 Frustra
734 3159 840 3219 colunt
867 3178 916 3218 me
940 3158 1050 3218 doctri·

128 3239 174 3296 nis
197 3238 366 3301 hominum.
402 3240 461 3299 Eat
493 3241 661 3303 dominatio
685 3252 787 3303 vestra
809 3251 841 3302 et
862 3241 975 3302 doceat
997 3240 1051 3303 do·

129 3322 312 3381 minutiones
333 3322 460 3402 papales
482 3323 563 3385 hauc
586 3327 787 3386 frustraneum
815 3325 906 3385 fidem
932 3333 965 3385 et
985 3325 1051 3385 reli-

127 3405 261 3482 gionem,
285 3423 415 3483 eamque
437 3409 516 3467 sicut
538 3410 653 3488 optime
677 3411 774 3487 novit,
797 3419 920 3469 strenue
945 3408 1050 3469 defen·

128 3487 189 3549 dat.
233 3485 348 3549 Verum
371 3490 408 3549 ab
432 3491 563 3552 ecclesia
586 3493 642 3552 Dei
665 3513 700 3554 os
724 3500 844 3553 vestrae
867 3492 1051 3554 dominatio·

127 3572 174 3629 nis
196 3572 348 3650 impurum
372 3581 402 3631 et
424 3576 606 3656 sacrilegum
630 3576 792 3652 abstinete,
815 3594 971 3657 quaeuon
993 3575 1050 3637 nisi

127 3658 252 3719 verbum
275 3658 332 3719 Dei
354 3658 494 3721 admittit.

210 3742 351 3829 Denique
374 3743 451 3805 adeo
474 3743 598 3805 stultum
629 3754 676 3807 est
697 3745 757 3805 hoc
780 3745 874 3826 Regis
909 3744 1051 3828 proposi·
