2392 4170
386 261 510 314 Rationis
531 259 706 311 Latomianoa
724 259 775 309 eto.
986 246 1050 315 491

131 416 221 490 tiam,
245 431 417 493 quaecum
441 418 538 475 totum
562 413 726 494 gratificet,
757 419 791 473 ut
811 430 945 492 persona
966 410 1059 489 pron

77 501 86 515 ⁴
132 516 184 558 ena
206 499 411 578 acceptarit,
439 504 470 558 et
492 496 595 558 nullua
616 498 680 558 irae
701 498 789 559 loona
809 497 839 556 in
866 514 903 557 eo
927 495 966 555 ait
988 511 1050 555 am·

133 581 230 661 plina,
260 580 374 641 donum
395 600 488 658 vero,
517 581 600 661 quod
627 601 696 643 eum
720 587 808 641 sanet
830 600 848 640 a
869 583 998 660 peccato
1020 583 1051 637 et

132 670 199 724 tota
220 666 417 745 corruptione
453 684 509 725 aua
537 666 629 726 enimi
659 673 690 726 et
718 665 866 744 corporis.
909 660 1051 741 lmpiiari·

133 766 214 808 mum
238 767 311 827 ergo
345 753 392 809 eol
420 747 537 820 dicere,
575 748 760 828 baptisatum
794 765 862 807 ease
890 744 991 807 adhuc
1019 745 1051 803 in

133 831 285 911 peccatis,
318 839 372 891 out
404 849 466 892 non
500 850 568 891 esse
598 833 702 893 omnia
724 838 853 911 peccato
874 828 1052 910 plenissime

132 914 278 991 remissa3
305 913 377 993 quid
406 916 485 975 enim
508 914 549 974 ibi
570 916 708 994 peccati,
730 913 780 974 uhi
802 912 886 976 Deus
908 912 1000 988 iavet,
1022 916 1053 970 et

133 996 247 1056 nullum
277 1015 370 1058 nosse
399 997 464 1057 vult
491 1006 668 1076 peccatum,
703 1004 847 1076 totusque
878 1003 976 1057 totum
1003 1011 1052 1054 ao

133 1085 236 1159 captat
258 1087 289 1141 et
311 1080 505 1141 sanctificati
537 1080 597 1141 Sed
621 1082 681 1142 hoc
709 1100 771 1144 non
793 1087 841 1141 eet
860 1076 1052 1140 referendum

134 1162 173 1222 ad
195 1170 332 1224 nostram
354 1165 525 1244 puritatem,
548 1171 581 1224 ut
601 1164 700 1244 videa,
724 1164 778 1226 aed
801 1163 840 1224 ad
863 1163 961 1225 solam
985 1180 1051 1239 gra·

134 1248 207 1306 tium
236 1247 366 1307 faventis
394 1246 460 1309 Dei.
511 1247 651 1308 Remissa
678 1254 748 1308 aunt
777 1248 881 1308 omnia
907 1264 961 1326 per
986 1262 1052 1323 gro

134 1330 217 1408 tiam,
240 1330 293 1388 aed
318 1329 452 1390 nondum
466 1331 571 1391 omnia
590 1329 900 1411 sanotaperdonnm.
928 1328 1052 1389 Donum

134 1412 225 1472 etiarn
248 1412 379 1472 infusum
402 1419 465 1489 est,
487 1413 667 1474 fermentum
691 1415 818 1474 mixtum
841 1420 902 1489 est,
923 1410 1053 1488 laborat,

135 1500 167 1555 ut
188 1504 349 1574 peccatum
373 1504 533 1577 expurget,
556 1496 638 1577 quod
661 1498 721 1558 iam
736 1514 889 1579 personae
901 1493 1052 1555 indultum

135 1584 192 1651 eat,
214 1587 244 1638 et
265 1578 417 1658 hospitem
440 1579 553 1639 malum
576 1579 734 1657 extrudat,
758 1581 806 1640 cni
828 1578 951 1640 licentia
973 1577 1055 1637 facta

136 1669 183 1720 eat
205 1661 356 1721 eiiciendi.
389 1662 512 1722 Interim
536 1661 606 1723 dnm
630 1663 707 1724 haec
729 1669 871 1743 aguntur,
892 1665 1053 1742 peccatum

137 1743 263 1822 dicitur,
291 1753 321 1804 et
343 1750 390 1804 eat
410 1764 482 1804 vere
504 1753 613 1806 natura
635 1766 706 1825 aua,
735 1745 870 1807 sedium
892 1749 1054 1825 peccatum

137 1827 204 1885 sine
225 1828 285 1905 ira,
309 1828 375 1887 sine
397 1827 481 1907 lege,
510 1835 671 1908 peecatum
695 1836 866 1905 mortuum,
894 1831 1056 1908 peccatum

136 1910 316 1984 innoxium,
338 1910 430 1971 modo
452 1911 482 1970 in
507 1913 606 1990 gretia
627 1920 656 1972 et
678 1910 760 1972 dono
783 1913 848 1972 eius
869 1926 1057 1992 perseveres.

136 1992 217 2052 Nihil
241 1992 342 2053 differt
354 2001 515 2072 peccatum
539 2015 558 2055 a
580 2013 614 2055 oe
627 1996 707 2076 ipso,
730 1994 896 2056 secundom
919 1999 1057 2053 naturam

137 2094 241 2151 soom,
263 2083 335 2136 ante
357 2077 487 2155 gratiam
509 2085 632 2158 etpost
654 2080 798 2159 gratiam,
821 2078 920 2139 differt
943 2093 1016 2135 vero
1038 2093 1057 2134 a

137 2159 183 2217 sni
215 2165 356 2220 tractatu.
417 2160 515 2220 Aliter
553 2163 633 2221 enirn
666 2181 747 2222 nunc
785 2167 932 2222 tractatur
964 2175 1055 2236 quam

138 2246 240 2302 antea.
289 2240 453 2317 Quomodo
484 2250 576 2303 antea
610 2244 817 2305 tractabatur?
851 2252 883 2304 ut
917 2249 1000 2303 esaet
1026 2246 1066 2300 et*

137 2331 394 2402 cognosceretur,
416 2331 446 2385 et
470 2326 612 2387 obrueret
632 2345 705 2404 oos3
737 2346 819 2388 nunc
840 2331 1002 2400 tractatur,
1024 2329 1058 2383 ut

137 2425 197 2465 non
221 2409 260 2466 sit
281 2413 313 2466 et
344 2408 490 2470 eliciatur.
536 2408 576 2470 At
596 2428 658 2470 non
681 2409 720 2470 ob
743 2411 803 2471 hoc
830 2429 891 2470 non
915 2414 962 2469 eat
985 2424 1056 2466 vere

137 2496 168 2549 et
189 2490 367 2550 naturaliter
387 2497 558 2570 peccatum.
592 2491 672 2566 Quin
686 2492 873 2572 ingratitudo
896 2498 927 2552 et
945 2489 1067 2551 iniuria

136 2578 183 2632 eat
204 2574 322 2652 gratiae
352 2580 382 2632 et
410 2573 482 2634 doni
504 2575 578 2651 Dei,
615 2594 729 2654 negare
757 2577 858 2654 ipsum
885 2591 958 2634 vere
987 2589 1068 2632 ease

134 2661 306 2735 peccatum.
350 2655 457 2717 Gratia
479 2657 602 2736 quidem
619 2657 734 2718 nullum
756 2657 799 2717 ibi
821 2664 981 2738 peccatum
1004 2654 1055 2715 ha·

135 2738 203 2813 bet,
226 2740 297 2818 quia
324 2757 457 2818 persona
478 2746 545 2800 tota
573 2740 689 2819 placet,
726 2741 839 2802 donum
861 2746 962 2800 entem
987 2755 1055 2816 pec

136 2828 238 2881 catum
260 2820 371 2898 habet,
402 2821 485 2900 quod
507 2828 659 2902 expurget
679 2830 709 2884 et
737 2829 910 2904 expugnet,
939 2819 992 2881 sed
1025 2825 1055 2880 et

135 2923 270 2983 persona
292 2923 353 2963 non
377 2904 479 2984 placet
500 2924 558 2966 nec
581 2905 674 2967 habet
695 2908 835 2987 gretiam,
857 2907 915 2966 nisi
939 2902 979 2965 ob
1003 2902 1055 2963 (lo-

136 3006 207 3047 num
231 2987 293 3046 hoo
314 2987 407 3048 modo
430 2996 590 3068 peccatum
608 3008 780 3070 expurgare
796 2989 950 3062 laborans,
971 2986 1054 3046 Deos

136 3089 199 3130 non
221 3069 333 3144 fictos,
357 3070 410 3131 sed
434 3090 523 3132 veros
545 3078 725 3152 peccatores
747 3073 850 3134 salvos
872 3072 961 3147 lacit,
992 3087 1053 3129 non

136 3153 250 3230 lictum,
272 3152 325 3212 sed
349 3173 454 3213 verum
475 3161 637 3234 peccatum
660 3155 844 3217 mortificare
867 3155 967 3216 docet.

219 3236 301 3296 Ecce
331 3236 422 3296 istum
457 3237 579 3298 modum
616 3238 808 3320 intelligendi
835 3245 865 3299 et
898 3234 1054 3316 loquendi,

135 3318 307 3397 simplicem
330 3325 360 3377 et
381 3319 541 3380 Paulinum
566 3340 625 3400 ego
653 3339 768 3399 quaero
795 3328 826 3382 et
847 3321 920 3382 volo
941 3317 1055 3380 habere

135 3401 165 3460 in
190 3407 319 3461 tractatu
348 3404 468 3481 peccati
497 3410 528 3463 et
557 3405 683 3482 gratiae.
728 3404 785 3464 Hic
814 3423 907 3484 purus
936 3409 967 3463 et
996 3402 1054 3461 sin·

137 3501 224 3544 cerua
259 3503 385 3564 prorsus
418 3486 485 3545 sine
507 3487 570 3546 ulla
591 3486 772 3548 difficultate
799 3488 935 3568 capitur,
963 3484 1054 3545 nullia

137 3565 380 3627 distinctionibus
403 3568 529 3648 indiget,
551 3577 582 3629 et
603 3571 680 3631 miro
702 3569 796 3632 modo
820 3569 949 3630 blandus
970 3586 1055 3647 aper·

136 3660 245 3728 tuaque
273 3655 335 3725 eat,
364 3656 395 3710 et
423 3657 519 3712 totam
541 3651 728 3734 Scriptorum
759 3653 866 3734 aperit.
916 3651 985 3712 Non
1010 3654 1057 3710 eat

135 3731 188 3792 hie
208 3751 336 3794 neaerae
358 3732 475 3815 dicere,
497 3741 659 3816 peccatum
680 3735 765 3820 apud
784 3735 912 3798 Paulum
933 3751 991 3818 pro
1012 3733 1056 3793 in·
