<?xml version="1.0" encoding="UTF-8"?>
<!DOCTYPE html PUBLIC "-//W3C//DTD XHTML 1.0 Transitional//EN"
    "http://www.w3.org/TR/xhtml1/DTD/xhtml1-transitional.dtd">
<html xmlns="http://www.w3.org/1999/xhtml" xml:lang="en" lang="en">
 <head>
  <title>
</title>
<meta http-equiv="Content-Type" content="text/html;charset=utf-8" />
  <meta name='ocr-system' content='tesseract 3.04.00' />
  <meta name='ocr-capabilities' content='ocr_page ocr_carea ocr_par ocr_line ocrx_word'/>
</head>
<body>
  <div class='ocr_page' id='page_1' title='image "./dmartinilutheri03luthgoog_0761.png"; bbox 0 0 2392 4170; ppageno 0'>
   <div class='ocr_carea' id='block_1_1' title="bbox 68 3884 102 3928">
    <p class='ocr_par' dir='ltr' id='par_1_1' title="bbox 68 3884 102 3928">
     <span class='ocr_line' id='line_1_1' title="bbox 68 3884 102 3928; baseline 0 0"><span class='ocrx_word' id='word_1_1' title='bbox 68 3884 102 3928; x_wconf 69' lang='lat' dir='ltr'>h</span> 
     </span>
    </p>
   </div>
   <div class='ocr_carea' id='block_1_2' title="bbox 181 244 844 340">
    <p class='ocr_par' dir='ltr' id='par_1_2' title="bbox 181 244 844 340">
     <span class='ocr_line' id='line_1_2' title="bbox 181 244 844 340; baseline -0.011 -19"><span class='ocrx_word' id='word_1_2' title='bbox 181 244 244 321; x_wconf 80' lang='lat'>2&#39;18</span> <span class='ocrx_word' id='word_1_3' title='bbox 441 253 585 315; x_wconf 70' lang='lat' dir='ltr'>Sententia</span> <span class='ocrx_word' id='word_1_4' title='bbox 603 257 685 314; x_wconf 69' lang='lat' dir='ltr'><strong>mac.</strong></span> <span class='ocrx_word' id='word_1_5' title='bbox 704 257 844 340; x_wconf 72' lang='lat' dir='ltr'><strong>wemno.</strong></span> 
     </span>
    </p>
   </div>
   <div class='ocr_carea' id='block_1_3' title="bbox 171 421 1129 3257">
    <p class='ocr_par' dir='ltr' id='par_1_3' title="bbox 180 421 1101 586">
     <span class='ocr_line' id='line_1_3' title="bbox 181 421 1101 506; baseline 0.005 -27"><span class='ocrx_word' id='word_1_6' title='bbox 181 436 268 480; x_wconf 90' lang='lat' dir='ltr'><strong>nsum</strong></span> <span class='ocrx_word' id='word_1_7' title='bbox 290 438 410 484; x_wconf 79' lang='lat' dir='ltr'><strong>menae</strong></span> <span class='ocrx_word' id='word_1_8' title='bbox 430 421 555 485; x_wconf 85' lang='lat' dir='ltr'><strong>Domini</strong></span> <span class='ocrx_word' id='word_1_9' title='bbox 577 422 729 487; x_wconf 78' lang='lat' dir='ltr'><strong>schristo</strong></span> <span class='ocrx_word' id='word_1_10' title='bbox 752 429 783 485; x_wconf 89' lang='lat' dir='ltr'><strong>st</strong></span> <span class='ocrx_word' id='word_1_11' title='bbox 794 422 944 506; x_wconf 88' lang='lat' dir='ltr'><strong>apostolis</strong></span> <span class='ocrx_word' id='word_1_12' title='bbox 955 421 1101 486; x_wconf 69' lang='lat' dir='ltr'><strong>meditem</strong></span> 
     </span>
     <span class='ocr_line' id='line_1_4' title="bbox 180 501 882 586; baseline 0.01 -21"><span class='ocrx_word' id='word_1_13' title='bbox 180 501 441 586; x_wconf 71' lang='lat' dir='ltr'><strong>observatumque</strong></span> <span class='ocrx_word' id='word_1_14' title='bbox 462 505 602 570; x_wconf 89' lang='lat' dir='ltr'><strong>adiutore</strong></span> <span class='ocrx_word' id='word_1_15' title='bbox 623 508 691 569; x_wconf 91' lang='lat' dir='ltr'><strong>Dec</strong></span> <span class='ocrx_word' id='word_1_16' title='bbox 712 509 882 572; x_wconf 86' lang='lat' dir='ltr'><strong>restituere.</strong></span> 
     </span>
    </p>

    <p class='ocr_par' dir='ltr' id='par_1_4' title="bbox 176 585 1129 1241">
     <span class='ocr_line' id='line_1_5' title="bbox 263 585 1102 671; baseline 0.004 -22"><span class='ocrx_word' id='word_1_17' title='bbox 263 585 423 667; x_wconf 83' lang='lat' dir='ltr'><strong>Secundo,</strong></span> <span class='ocrx_word' id='word_1_18' title='bbox 454 590 595 653; x_wconf 74' lang='lat' dir='ltr'><strong>Privatae</strong></span> <span class='ocrx_word' id='word_1_19' title='bbox 616 591 749 670; x_wconf 79' lang='lat' dir='ltr'><strong>Missae,</strong></span> <span class='ocrx_word' id='word_1_20' title='bbox 771 591 878 671; x_wconf 83' lang='lat' dir='ltr'><strong>quales</strong></span> <span class='ocrx_word' id='word_1_21' title='bbox 898 590 992 653; x_wconf 91' lang='lat' dir='ltr'><strong>hodie</strong></span> <span class='ocrx_word' id='word_1_22' title='bbox 1014 590 1102 668; x_wconf 74' lang='lat' dir='ltr'><strong>tinuit,</strong></span> 
     </span>
     <span class='ocr_line' id='line_1_6' title="bbox 178 672 1103 754; baseline 0.005 -22"><span class='ocrx_word' id='word_1_23' title='bbox 178 677 285 750; x_wconf 79' lang='lat' dir='ltr'><strong>aperte</strong></span> <span class='ocrx_word' id='word_1_24' title='bbox 306 681 445 754; x_wconf 78' lang='lat' dir='ltr'>pugnant</span> <span class='ocrx_word' id='word_1_25' title='bbox 467 693 535 736; x_wconf 89' lang='lat' dir='ltr'><strong>cum</strong></span> <span class='ocrx_word' id='word_1_26' title='bbox 557 672 747 737; x_wconf 82' lang='lat' dir='ltr'><strong>institutione</strong></span> <span class='ocrx_word' id='word_1_27' title='bbox 767 681 860 754; x_wconf 83' lang='lat' dir='ltr'><strong>atque</strong></span> <span class='ocrx_word' id='word_1_28' title='bbox 882 674 1103 739; x_wconf 84' lang='lat' dir='ltr'><strong>observatione</strong></span> 
     </span>
     <span class='ocr_line' id='line_1_7' title="bbox 179 752 1102 839; baseline 0.001 -21"><span class='ocrx_word' id='word_1_29' title='bbox 179 752 290 818; x_wconf 75' lang='lat' dir='ltr'>Christi</span> <span class='ocrx_word' id='word_1_30' title='bbox 328 762 359 818; x_wconf 86' lang='lat' dir='ltr'><strong>et</strong></span> <span class='ocrx_word' id='word_1_31' title='bbox 385 757 608 839; x_wconf 88' lang='lat' dir='ltr'><strong>apostolorum.</strong></span> <span class='ocrx_word' id='word_1_32' title='bbox 651 757 1102 838; x_wconf 70' lang='lat' dir='ltr'><strong>NamOhristusut1Jmini-</strong></span> 
     </span>
     <span class='ocr_line' id='line_1_8' title="bbox 179 838 1102 924; baseline 0.004 -25"><span class='ocrx_word' id='word_1_33' title='bbox 179 854 261 901; x_wconf 88' lang='lat' dir='ltr'><strong>mum</strong></span> <span class='ocrx_word' id='word_1_34' title='bbox 294 838 456 903; x_wconf 73' lang='lat' dir='ltr'><strong>duodecim</strong></span> <span class='ocrx_word' id='word_1_35' title='bbox 490 842 624 922; x_wconf 87' lang='lat' dir='ltr'><strong>apostoli</strong></span> <span class='ocrx_word' id='word_1_36' title='bbox 659 843 760 905; x_wconf 87' lang='lat' dir='ltr'><strong>multis</strong></span> <span class='ocrx_word' id='word_1_37' title='bbox 788 863 849 904; x_wconf 89' lang='lat' dir='ltr'><strong>una</strong></span> <span class='ocrx_word' id='word_1_38' title='bbox 871 840 1102 924; x_wconf 84' lang='lat' dir='ltr'><strong>distribuerunt,</strong></span> 
     </span>
     <span class='ocr_line' id='line_1_9' title="bbox 180 926 1103 1008; baseline 0.002 -22"><span class='ocrx_word' id='word_1_39' title='bbox 180 940 389 1004; x_wconf 87' lang='lat' dir='ltr'><strong>necunquam</strong></span> <span class='ocrx_word' id='word_1_40' title='bbox 413 945 491 986; x_wconf 89' lang='lat' dir='ltr'><strong>unus</strong></span> <span class='ocrx_word' id='word_1_41' title='bbox 512 927 655 1008; x_wconf 88' lang='lat' dir='ltr'><strong>privatim</strong></span> <span class='ocrx_word' id='word_1_42' title='bbox 677 946 710 987; x_wconf 92' lang='lat' dir='ltr'><strong>se</strong></span> <span class='ocrx_word' id='word_1_43' title='bbox 724 927 824 1007; x_wconf 92' lang='lat' dir='ltr'><strong>ipsum</strong></span> <span class='ocrx_word' id='word_1_44' title='bbox 854 926 1103 989; x_wconf 73' lang='lat' dir='ltr'><strong>communicasse</strong></span> 
     </span>
     <span class='ocr_line' id='line_1_10' title="bbox 178 1005 1129 1090; baseline 0.003 -24"><span class='ocrx_word' id='word_1_45' title='bbox 178 1005 297 1087; x_wconf 82' lang='lat' dir='ltr'><strong>legitur.</strong></span> <span class='ocrx_word' id='word_1_46' title='bbox 340 1007 420 1069; x_wconf 90' lang='lat' dir='ltr'><strong>Hinc</strong></span> <span class='ocrx_word' id='word_1_47' title='bbox 442 1010 534 1070; x_wconf 88' lang='lat' dir='ltr'><strong>etiam</strong></span> <span class='ocrx_word' id='word_1_48' title='bbox 556 1008 671 1072; x_wconf 91' lang='lat' dir='ltr'><strong>Paulus</strong></span> <span class='ocrx_word' id='word_1_49' title='bbox 693 1010 829 1090; x_wconf 86' lang='lat' dir='ltr'><strong>privatas</strong></span> <span class='ocrx_word' id='word_1_50' title='bbox 852 1028 966 1075; x_wconf 77' lang='lat' dir='ltr'><strong>coenas.</strong></span> <span class='ocrx_word' id='word_1_51' title='bbox 990 1009 1102 1070; x_wconf 75' lang='lat' dir='ltr'><strong>Corin·</strong></span> <span class='ocrx_word' id='word_1_52' title='bbox 1125 1081 1129 1087; x_wconf 19' lang='lat'><em>⁶</em></span> 
     </span>
     <span class='ocr_line' id='line_1_11' title="bbox 178 1089 1101 1172; baseline 0.004 -23"><span class='ocrx_word' id='word_1_53' title='bbox 178 1089 247 1151; x_wconf 88' lang='lat' dir='ltr'><strong>thila</strong></span> <span class='ocrx_word' id='word_1_54' title='bbox 269 1089 419 1170; x_wconf 77' lang='lat' dir='ltr'><strong>prohibet,</strong></span> <span class='ocrx_word' id='word_1_55' title='bbox 443 1111 510 1152; x_wconf 90' lang='lat' dir='ltr'><strong>cum</strong></span> <span class='ocrx_word' id='word_1_56' title='bbox 534 1093 633 1172; x_wconf 88' lang='lat' dir='ltr'><strong>inquit</strong></span> <span class='ocrx_word' id='word_1_57' title='bbox 655 1092 764 1156; x_wconf 69' lang='lat' dir='ltr'><strong>iiior.</strong></span> <span class='ocrx_word' id='word_1_58' title='bbox 777 1098 830 1156; x_wconf 89' lang='lat' dir='ltr'><strong>ll:</strong></span> <span class='ocrx_word' id='word_1_59' title='bbox 873 1093 1003 1170; x_wconf 78' lang='lat' dir='ltr'><strong>Quoties</strong></span> <span class='ocrx_word' id='word_1_60' title='bbox 1026 1098 1101 1153; x_wconf 88' lang='lat' dir='ltr'><strong>con·</strong></span> 
     </span>
     <span class='ocr_line' id='line_1_12' title="bbox 176 1173 699 1241; baseline 0.015 -8"><span class='ocrx_word' id='word_1_61' title='bbox 176 1175 285 1234; x_wconf 90' lang='lat' dir='ltr'><strong>venitis</strong></span> <span class='ocrx_word' id='word_1_62' title='bbox 308 1173 347 1235; x_wconf 89' lang='lat' dir='ltr'><strong>ad</strong></span> <span class='ocrx_word' id='word_1_63' title='bbox 373 1174 618 1237; x_wconf 89' lang='lat' dir='ltr'><strong>manducandum</strong></span> <span class='ocrx_word' id='word_1_64' title='bbox 641 1184 699 1241; x_wconf 90' lang='lat' dir='ltr'><strong>eto.</strong></span> 
     </span>
    </p>

    <p class='ocr_par' dir='ltr' id='par_1_5' title="bbox 175 1257 1101 1842">
     <span class='ocr_line' id='line_1_13' title="bbox 258 1257 1101 1341; baseline 0.004 -23"><span class='ocrx_word' id='word_1_65' title='bbox 258 1257 383 1339; x_wconf 81' lang='lat' dir='ltr'><strong>Tertio,</strong></span> <span class='ocrx_word' id='word_1_66' title='bbox 404 1257 540 1320; x_wconf 77' lang='lat' dir='ltr'><strong>Christus</strong></span> <span class='ocrx_word' id='word_1_67' title='bbox 563 1267 723 1341; x_wconf 85' lang='lat' dir='ltr'><strong>utramque</strong></span> <span class='ocrx_word' id='word_1_68' title='bbox 745 1267 874 1340; x_wconf 89' lang='lat' dir='ltr'><strong>partem,</strong></span> <span class='ocrx_word' id='word_1_69' title='bbox 895 1259 956 1321; x_wconf 91' lang='lat' dir='ltr'><strong>hoc</strong></span> <span class='ocrx_word' id='word_1_70' title='bbox 978 1264 1036 1339; x_wconf 94' lang='lat' dir='ltr'><strong>est,</strong></span> <span class='ocrx_word' id='word_1_71' title='bbox 1054 1260 1101 1321; x_wconf 90' lang='lat' dir='ltr'><strong>in-</strong></span> 
     </span>
     <span class='ocr_line' id='line_1_14' title="bbox 176 1342 1100 1425; baseline 0.003 -25"><span class='ocrx_word' id='word_1_72' title='bbox 176 1345 294 1425; x_wconf 81' lang='lat' dir='ltr'><strong>tegrum</strong></span> <span class='ocrx_word' id='word_1_73' title='bbox 317 1351 543 1404; x_wconf 90' lang='lat' dir='ltr'><strong>sacramentum</strong></span> <span class='ocrx_word' id='word_1_74' title='bbox 573 1344 637 1404; x_wconf 90' lang='lat' dir='ltr'><strong>dari</strong></span> <span class='ocrx_word' id='word_1_75' title='bbox 659 1346 750 1405; x_wconf 89' lang='lat' dir='ltr'><strong>iussit</strong></span> <span class='ocrx_word' id='word_1_76' title='bbox 772 1351 802 1403; x_wconf 88' lang='lat' dir='ltr'><strong>et</strong></span> <span class='ocrx_word' id='word_1_77' title='bbox 825 1342 977 1405; x_wconf 84' lang='lat' dir='ltr'><strong>ordinavit</strong></span> <span class='ocrx_word' id='word_1_78' title='bbox 1001 1343 1100 1404; x_wconf 88' lang='lat' dir='ltr'><strong>omui-</strong></span> 
     </span>
     <span class='ocr_line' id='line_1_15' title="bbox 176 1422 1100 1508; baseline 0.002 -23"><span class='ocrx_word' id='word_1_79' title='bbox 176 1422 243 1485; x_wconf 89' lang='lat' dir='ltr'><strong>bus.</strong></span> <span class='ocrx_word' id='word_1_80' title='bbox 287 1425 363 1487; x_wconf 80' lang='lat' dir='ltr'><strong>Cum</strong></span> <span class='ocrx_word' id='word_1_81' title='bbox 386 1424 630 1507; x_wconf 70' lang='lat' dir='ltr'><strong>igitur&#39;lllissae,</strong></span> <span class='ocrx_word' id='word_1_82' title='bbox 664 1447 740 1508; x_wconf 89' lang='lat' dir='ltr'><strong>quas</strong></span> <span class='ocrx_word' id='word_1_83' title='bbox 776 1433 881 1488; x_wconf 90' lang='lat' dir='ltr'><strong>nostra</strong></span> <span class='ocrx_word' id='word_1_84' title='bbox 902 1426 978 1487; x_wconf 89' lang='lat' dir='ltr'><strong>vidit</strong></span> <span class='ocrx_word' id='word_1_85' title='bbox 1001 1433 1100 1504; x_wconf 86' lang='lat' dir='ltr'><strong>aetas,</strong></span> 
     </span>
     <span class='ocr_line' id='line_1_16' title="bbox 175 1503 1100 1588; baseline 0.002 -20"><span class='ocrx_word' id='word_1_86' title='bbox 175 1508 220 1569; x_wconf 89' lang='lat' dir='ltr'><strong>ita</strong></span> <span class='ocrx_word' id='word_1_87' title='bbox 240 1506 409 1588; x_wconf 85' lang='lat' dir='ltr'><strong>dispositae</strong></span> <span class='ocrx_word' id='word_1_88' title='bbox 431 1511 501 1586; x_wconf 87' lang='lat' dir='ltr'><strong>sint,</strong></span> <span class='ocrx_word' id='word_1_89' title='bbox 523 1518 556 1570; x_wconf 94' lang='lat' dir='ltr'><strong>ut</strong></span> <span class='ocrx_word' id='word_1_90' title='bbox 576 1511 766 1574; x_wconf 72' lang='lat' dir='ltr'><strong>adstantibus</strong></span> <span class='ocrx_word' id='word_1_91' title='bbox 780 1531 839 1571; x_wconf 89' lang='lat' dir='ltr'><strong>una</strong></span> <span class='ocrx_word' id='word_1_92' title='bbox 852 1503 1005 1572; x_wconf 84' lang='lat' dir='ltr'><strong>duntaxat</strong></span> <span class='ocrx_word' id='word_1_93' title='bbox 1026 1528 1100 1588; x_wconf 87' lang='lat' dir='ltr'><strong>pars</strong></span> 
     </span>
     <span class='ocr_line' id='line_1_17' title="bbox 176 1593 1100 1675; baseline 0.001 -23"><span class='ocrx_word' id='word_1_94' title='bbox 176 1593 359 1653; x_wconf 85' lang='lat' dir='ltr'><strong>sacramenti</strong></span> <span class='ocrx_word' id='word_1_95' title='bbox 393 1593 589 1675; x_wconf 81' lang='lat' dir='ltr'><strong>exhibeatur,</strong></span> <span class='ocrx_word' id='word_1_96' title='bbox 622 1613 684 1656; x_wconf 93' lang='lat' dir='ltr'><strong>non</strong></span> <span class='ocrx_word' id='word_1_97' title='bbox 720 1601 850 1675; x_wconf 86' lang='lat' dir='ltr'><strong>possunt</strong></span> <span class='ocrx_word' id='word_1_98' title='bbox 882 1594 1100 1674; x_wconf 78' lang='lat' dir='ltr'><strong>Augustiniani</strong></span> 
     </span>
     <span class='ocr_line' id='line_1_18' title="bbox 176 1673 1099 1759; baseline 0.002 -23"><span class='ocrx_word' id='word_1_99' title='bbox 176 1673 260 1738; x_wconf 88' lang='lat' dir='ltr'><strong>bona</strong></span> <span class='ocrx_word' id='word_1_100' title='bbox 281 1677 471 1738; x_wconf 89' lang='lat' dir='ltr'><strong>conscientia</strong></span> <span class='ocrx_word' id='word_1_101' title='bbox 492 1677 574 1739; x_wconf 92' lang='lat' dir='ltr'><strong>hano</strong></span> <span class='ocrx_word' id='word_1_102' title='bbox 586 1680 803 1759; x_wconf 88' lang='lat' dir='ltr'><strong>ceremoniam,</strong></span> <span class='ocrx_word' id='word_1_103' title='bbox 827 1698 845 1739; x_wconf 97' lang='lat' dir='ltr'><strong>a</strong></span> <span class='ocrx_word' id='word_1_104' title='bbox 868 1677 969 1739; x_wconf 86' lang='lat' dir='ltr'><strong>verbis</strong></span> <span class='ocrx_word' id='word_1_105' title='bbox 985 1676 1099 1738; x_wconf 78' lang='lat' dir='ltr'><strong>Christi</strong></span> 
     </span>
     <span class='ocr_line' id='line_1_19' title="bbox 176 1757 778 1842; baseline 0.008 -23"><span class='ocrx_word' id='word_1_106' title='bbox 176 1757 319 1835; x_wconf 86' lang='lat' dir='ltr'><strong>alienam,</strong></span> <span class='ocrx_word' id='word_1_107' title='bbox 342 1779 398 1821; x_wconf 90' lang='lat' dir='ltr'><strong>suo</strong></span> <span class='ocrx_word' id='word_1_108' title='bbox 421 1761 564 1842; x_wconf 86' lang='lat' dir='ltr'><strong>exemplo</strong></span> <span class='ocrx_word' id='word_1_109' title='bbox 587 1761 778 1824; x_wconf 87' lang='lat' dir='ltr'><strong>confirmare.</strong></span> 
     </span>
    </p>

    <p class='ocr_par' dir='ltr' id='par_1_6' title="bbox 174 1842 1101 2508">
     <span class='ocr_line' id='line_1_20' title="bbox 258 1842 1100 1924; baseline 0.002 -21"><span class='ocrx_word' id='word_1_110' title='bbox 258 1842 305 1904; x_wconf 92' lang='lat' dir='ltr'><strong>De</strong></span> <span class='ocrx_word' id='word_1_111' title='bbox 325 1843 372 1904; x_wconf 91' lang='lat' dir='ltr'><strong>his</strong></span> <span class='ocrx_word' id='word_1_112' title='bbox 395 1842 691 1924; x_wconf 88' lang='lat' dir='ltr'><strong>Augustiniancrum</strong></span> <span class='ocrx_word' id='word_1_113' title='bbox 726 1844 860 1909; x_wconf 85' lang='lat' dir='ltr'><strong>articulis</strong></span> <span class='ocrx_word' id='word_1_114' title='bbox 885 1843 949 1907; x_wconf 81' lang='lat' dir='ltr'><strong>(lei.</strong></span> <span class='ocrx_word' id='word_1_115' title='bbox 971 1843 1009 1908; x_wconf 89' lang='lat' dir='ltr'><strong>V.</strong></span> <span class='ocrx_word' id='word_1_116' title='bbox 1032 1843 1100 1906; x_wconf 74' lang='lat' dir='ltr'><strong>bre</strong></span> 
     </span>
     <span class='ocr_line' id='line_1_21' title="bbox 174 1926 1101 2009; baseline 0.003 -21"><span class='ocrx_word' id='word_1_117' title='bbox 174 1926 252 1988; x_wconf 81' lang='lat' dir='ltr'><strong>viter</strong></span> <span class='ocrx_word' id='word_1_118' title='bbox 285 1926 422 2007; x_wconf 87' lang='lat' dir='ltr'><strong>cogitata</strong></span> <span class='ocrx_word' id='word_1_119' title='bbox 443 1936 549 1990; x_wconf 89' lang='lat' dir='ltr'><strong>nostra</strong></span> <span class='ocrx_word' id='word_1_120' title='bbox 584 1929 824 2009; x_wconf 84' lang='lat' dir='ltr'><strong>perscribemus,</strong></span> <span class='ocrx_word' id='word_1_121' title='bbox 862 1935 892 1990; x_wconf 87' lang='lat' dir='ltr'><strong>st</strong></span> <span class='ocrx_word' id='word_1_122' title='bbox 922 1933 1101 1991; x_wconf 84' lang='lat' dir='ltr'><strong>reverenter</strong></span> 
     </span>
     <span class='ocr_line' id='line_1_22' title="bbox 174 2009 1100 2093; baseline 0.001 -23"><span class='ocrx_word' id='word_1_123' title='bbox 174 2029 298 2072; x_wconf 89' lang='lat' dir='ltr'><strong>cramus</strong></span> <span class='ocrx_word' id='word_1_124' title='bbox 321 2009 386 2073; x_wconf 79' lang='lat' dir='ltr'><strong>(iel.</strong></span> <span class='ocrx_word' id='word_1_125' title='bbox 409 2011 457 2084; x_wconf 72' lang='lat' dir='ltr'><strong>V„</strong></span> <span class='ocrx_word' id='word_1_126' title='bbox 476 2010 514 2072; x_wconf 79' lang='lat' dir='ltr'><strong>&#39;ut</strong></span> <span class='ocrx_word' id='word_1_127' title='bbox 535 2030 593 2072; x_wconf 89' lang='lat' dir='ltr'><strong>nos</strong></span> <span class='ocrx_word' id='word_1_128' title='bbox 615 2012 791 2093; x_wconf 82' lang='lat' dir='ltr'><strong>clementer,</strong></span> <span class='ocrx_word' id='word_1_129' title='bbox 814 2012 948 2093; x_wconf 90' lang='lat' dir='ltr'><strong>benigne</strong></span> <span class='ocrx_word' id='word_1_130' title='bbox 981 2019 1014 2073; x_wconf 91' lang='lat' dir='ltr'><strong>ct</strong></span> <span class='ocrx_word' id='word_1_131' title='bbox 1033 2011 1100 2072; x_wconf 81' lang='lat' dir='ltr'><strong>dili-</strong></span> 
     </span>
     <span class='ocr_line' id='line_1_23' title="bbox 176 2093 1101 2174; baseline 0 -20"><span class='ocrx_word' id='word_1_132' title='bbox 176 2099 284 2174; x_wconf 86' lang='lat' dir='ltr'><strong>genter</strong></span> <span class='ocrx_word' id='word_1_133' title='bbox 307 2093 422 2171; x_wconf 89' lang='lat' dir='ltr'><strong>audiat,</strong></span> <span class='ocrx_word' id='word_1_134' title='bbox 444 2093 536 2174; x_wconf 82' lang='lat' dir='ltr'><strong>idque</strong></span> <span class='ocrx_word' id='word_1_135' title='bbox 556 2096 593 2156; x_wconf 90' lang='lat' dir='ltr'><strong>iia</strong></span> <span class='ocrx_word' id='word_1_136' title='bbox 614 2095 736 2156; x_wconf 89' lang='lat' dir='ltr'><strong>auribus</strong></span> <span class='ocrx_word' id='word_1_137' title='bbox 759 2095 864 2156; x_wconf 85' lang='lat' dir='ltr'><strong>attali</strong></span> <span class='ocrx_word' id='word_1_138' title='bbox 886 2101 1000 2171; x_wconf 87' lang='lat' dir='ltr'><strong>mente,</strong></span> <span class='ocrx_word' id='word_1_139' title='bbox 1020 2112 1101 2173; x_wconf 84' lang='lat' dir='ltr'><strong>quae</strong></span> 
     </span>
     <span class='ocr_line' id='line_1_24' title="bbox 174 2177 1098 2258; baseline 0.002 -22"><span class='ocrx_word' id='word_1_140' title='bbox 174 2196 238 2238; x_wconf 90' lang='lat' dir='ltr'><strong>non</strong></span> <span class='ocrx_word' id='word_1_141' title='bbox 260 2177 493 2258; x_wconf 85' lang='lat' dir='ltr'><strong>intelligentiam</strong></span> <span class='ocrx_word' id='word_1_142' title='bbox 515 2179 678 2239; x_wconf 86' lang='lat' dir='ltr'><strong>humanam</strong></span> <span class='ocrx_word' id='word_1_143' title='bbox 718 2178 884 2256; x_wconf 87' lang='lat' dir='ltr'><strong>mundique</strong></span> <span class='ocrx_word' id='word_1_144' title='bbox 915 2179 1098 2258; x_wconf 87' lang='lat' dir='ltr'><strong>sapientiam</strong></span> 
     </span>
     <span class='ocr_line' id='line_1_25' title="bbox 175 2259 1099 2342; baseline 0 -22"><span class='ocrx_word' id='word_1_145' title='bbox 175 2261 206 2320; x_wconf 91' lang='lat' dir='ltr'><strong>in</strong></span> <span class='ocrx_word' id='word_1_146' title='bbox 227 2260 275 2321; x_wconf 90' lang='lat' dir='ltr'><strong>hia</strong></span> <span class='ocrx_word' id='word_1_147' title='bbox 298 2259 399 2339; x_wconf 89' lang='lat' dir='ltr'><strong>rebus,</strong></span> <span class='ocrx_word' id='word_1_148' title='bbox 422 2280 501 2340; x_wconf 90' lang='lat' dir='ltr'><strong>quac</strong></span> <span class='ocrx_word' id='word_1_149' title='bbox 523 2269 594 2322; x_wconf 92' lang='lat' dir='ltr'><strong>sunt</strong></span> <span class='ocrx_word' id='word_1_150' title='bbox 615 2262 783 2342; x_wconf 86' lang='lat' dir='ltr'><strong>religionis,</strong></span> <span class='ocrx_word' id='word_1_151' title='bbox 805 2261 858 2322; x_wconf 88' lang='lat' dir='ltr'><strong>sed</strong></span> <span class='ocrx_word' id='word_1_152' title='bbox 882 2260 1017 2322; x_wconf 89' lang='lat' dir='ltr'><strong>divinam</strong></span> <span class='ocrx_word' id='word_1_153' title='bbox 1034 2268 1099 2321; x_wconf 88' lang='lat' dir='ltr'><strong>tan-</strong></span> 
     </span>
     <span class='ocr_line' id='line_1_26' title="bbox 174 2341 1099 2425; baseline 0.002 -23"><span class='ocrx_word' id='word_1_154' title='bbox 174 2349 236 2403; x_wconf 92' lang='lat' dir='ltr'><strong>tum</strong></span> <span class='ocrx_word' id='word_1_155' title='bbox 260 2348 292 2403; x_wconf 93' lang='lat' dir='ltr'><strong>et</strong></span> <span class='ocrx_word' id='word_1_156' title='bbox 302 2341 490 2423; x_wconf 82' lang='lat' dir='ltr'><strong>spiritualem</strong></span> <span class='ocrx_word' id='word_1_157' title='bbox 503 2346 694 2425; x_wconf 87' lang='lat' dir='ltr'><strong>sapientiam,</strong></span> <span class='ocrx_word' id='word_1_158' title='bbox 717 2346 748 2405; x_wconf 92' lang='lat' dir='ltr'><strong>in</strong></span> <span class='ocrx_word' id='word_1_159' title='bbox 765 2344 859 2406; x_wconf 91' lang='lat' dir='ltr'><strong>verbo</strong></span> <span class='ocrx_word' id='word_1_160' title='bbox 873 2344 929 2404; x_wconf 90' lang='lat' dir='ltr'><strong>Dei</strong></span> <span class='ocrx_word' id='word_1_161' title='bbox 944 2344 1099 2422; x_wconf 88' lang='lat' dir='ltr'><strong>traditam,</strong></span> 
     </span>
     <span class='ocr_line' id='line_1_27' title="bbox 175 2425 572 2508; baseline 0.008 -22"><span class='ocrx_word' id='word_1_162' title='bbox 175 2425 354 2506; x_wconf 79' lang='lat' dir='ltr'><strong>magnifacit</strong></span> <span class='ocrx_word' id='word_1_163' title='bbox 374 2434 406 2488; x_wconf 89' lang='lat' dir='ltr'><strong>ct</strong></span> <span class='ocrx_word' id='word_1_164' title='bbox 426 2429 572 2508; x_wconf 89' lang='lat' dir='ltr'><strong>sequitur.</strong></span> 
     </span>
    </p>

    <p class='ocr_par' dir='ltr' id='par_1_7' title="bbox 171 2509 1101 3257">
     <span class='ocr_line' id='line_1_28' title="bbox 211 2509 1101 2591; baseline -0.003 -20"><span class='ocrx_word' id='word_1_165' title='bbox 211 2544 214 2550; x_wconf 93' lang='lat'>·</span> <span class='ocrx_word' id='word_1_166' title='bbox 258 2510 468 2571; x_wconf 77' lang='lat' dir='ltr'><strong>Certissimum</strong></span> <span class='ocrx_word' id='word_1_167' title='bbox 493 2519 554 2587; x_wconf 89' lang='lat' dir='ltr'><strong>est,</strong></span> <span class='ocrx_word' id='word_1_168' title='bbox 590 2512 671 2572; x_wconf 90' lang='lat' dir='ltr'><strong>inter</strong></span> <span class='ocrx_word' id='word_1_169' title='bbox 692 2511 874 2591; x_wconf 90' lang='lat' dir='ltr'><strong>gravissima</strong></span> <span class='ocrx_word' id='word_1_170' title='bbox 906 2509 1044 2570; x_wconf 91' lang='lat' dir='ltr'><strong>omnium</strong></span> <span class='ocrx_word' id='word_1_171' title='bbox 1069 2515 1101 2569; x_wconf 91' lang='lat' dir='ltr'><strong>ct</strong></span> 
     </span>
     <span class='ocr_line' id='line_1_29' title="bbox 173 2593 1100 2674; baseline -0.005 -18"><span class='ocrx_word' id='word_1_172' title='bbox 173 2594 308 2656; x_wconf 83' lang='lat' dir='ltr'><strong>maxime</strong></span> <span class='ocrx_word' id='word_1_173' title='bbox 329 2594 488 2656; x_wconf 85' lang='lat' dir='ltr'><strong>horribilia</strong></span> <span class='ocrx_word' id='word_1_174' title='bbox 509 2603 638 2674; x_wconf 87' lang='lat' dir='ltr'><strong>peccata</strong></span> <span class='ocrx_word' id='word_1_175' title='bbox 652 2593 872 2656; x_wconf 91' lang='lat' dir='ltr'><strong>numerandam</strong></span> <span class='ocrx_word' id='word_1_176' title='bbox 888 2611 958 2653; x_wconf 88' lang='lat' dir='ltr'><strong>esse</strong></span> <span class='ocrx_word' id='word_1_177' title='bbox 980 2610 1100 2653; x_wconf 89' lang='lat' dir='ltr'><strong>coenae</strong></span> 
     </span>
     <span class='ocr_line' id='line_1_30' title="bbox 173 2675 1100 2758; baseline -0.001 -21"><span class='ocrx_word' id='word_1_178' title='bbox 173 2677 300 2740; x_wconf 89' lang='lat' dir='ltr'><strong>Domini</strong></span> <span class='ocrx_word' id='word_1_179' title='bbox 334 2677 590 2758; x_wconf 76' lang='lat' dir='ltr'><strong>profanationem.</strong></span> <span class='ocrx_word' id='word_1_180' title='bbox 634 2676 714 2753; x_wconf 79' lang='lat' dir='ltr'><strong>Quia</strong></span> <span class='ocrx_word' id='word_1_181' title='bbox 747 2678 784 2739; x_wconf 86' lang='lat' dir='ltr'><strong>D.</strong></span> <span class='ocrx_word' id='word_1_182' title='bbox 806 2676 918 2737; x_wconf 89' lang='lat' dir='ltr'><strong>Paulus</strong></span> <span class='ocrx_word' id='word_1_183' title='bbox 953 2680 1040 2736; x_wconf 88' lang='lat' dir='ltr'><strong>tanta</strong></span> <span class='ocrx_word' id='word_1_184' title='bbox 1071 2675 1100 2736; x_wconf 81' lang='lat' dir='ltr'><strong>vi</strong></span> 
     </span>
     <span class='ocr_line' id='line_1_31' title="bbox 173 2757 1100 2843; baseline -0.003 -22"><span class='ocrx_word' id='word_1_185' title='bbox 173 2762 296 2843; x_wconf 73' lang='lat' dir='ltr'><strong>spiritns</strong></span> <span class='ocrx_word' id='word_1_186' title='bbox 318 2765 464 2840; x_wconf 89' lang='lat' dir='ltr'><strong>tantaque</strong></span> <span class='ocrx_word' id='word_1_187' title='bbox 485 2761 695 2837; x_wconf 83' lang='lat' dir='ltr'><strong>vehementia,</strong></span> <span class='ocrx_word' id='word_1_188' title='bbox 730 2767 761 2820; x_wconf 89' lang='lat' dir='ltr'><strong>ct</strong></span> <span class='ocrx_word' id='word_1_189' title='bbox 783 2760 869 2838; x_wconf 88' lang='lat' dir='ltr'><strong>quasi</strong></span> <span class='ocrx_word' id='word_1_190' title='bbox 897 2757 1010 2819; x_wconf 89' lang='lat' dir='ltr'><strong>ardore</strong></span> <span class='ocrx_word' id='word_1_191' title='bbox 1033 2777 1100 2818; x_wconf 85' lang='lat' dir='ltr'><strong>ver·</strong></span> 
     </span>
     <span class='ocr_line' id='line_1_32' title="bbox 173 2840 1099 2924; baseline -0.001 -19"><span class='ocrx_word' id='word_1_192' title='bbox 173 2842 281 2905; x_wconf 91' lang='lat' dir='ltr'><strong>borum</strong></span> <span class='ocrx_word' id='word_1_193' title='bbox 304 2843 499 2924; x_wconf 87' lang='lat' dir='ltr'><strong>reprehendit</strong></span> <span class='ocrx_word' id='word_1_194' title='bbox 520 2845 620 2905; x_wconf 84' lang='lat' dir='ltr'><strong>levem</strong></span> <span class='ocrx_word' id='word_1_195' title='bbox 643 2843 771 2905; x_wconf 82' lang='lat' dir='ltr'><strong>abusum</strong></span> <span class='ocrx_word' id='word_1_196' title='bbox 796 2842 920 2903; x_wconf 86' lang='lat' dir='ltr'><strong>Coenae</strong></span> <span class='ocrx_word' id='word_1_197' title='bbox 941 2840 1099 2921; x_wconf 82' lang='lat' dir='ltr'><strong>apud.Co·</strong></span> 
     </span>
     <span class='ocr_line' id='line_1_33' title="bbox 171 2923 1099 3007; baseline -0.003 -19"><span class='ocrx_word' id='word_1_198' title='bbox 171 2927 316 3003; x_wconf 71' lang='lat' dir='ltr'><strong>muthius,</strong></span> <span class='ocrx_word' id='word_1_199' title='bbox 350 2927 432 3007; x_wconf 90' lang='lat' dir='ltr'><strong>qucd</strong></span> <span class='ocrx_word' id='word_1_200' title='bbox 464 2928 502 2988; x_wconf 88' lang='lat' dir='ltr'><strong>ad</strong></span> <span class='ocrx_word' id='word_1_201' title='bbox 535 2927 619 2988; x_wconf 91' lang='lat' dir='ltr'><strong>illam</strong></span> <span class='ocrx_word' id='word_1_202' title='bbox 654 2926 738 2987; x_wconf 90' lang='lat' dir='ltr'><strong>velut</strong></span> <span class='ocrx_word' id='word_1_203' title='bbox 768 2926 943 2986; x_wconf 87' lang='lat' dir='ltr'><strong>instructuri</strong></span> <span class='ocrx_word' id='word_1_204' title='bbox 971 2923 1099 3004; x_wconf 88' lang='lat' dir='ltr'><strong>aliquod</strong></span> 
     </span>
     <span class='ocr_line' id='line_1_34' title="bbox 173 3007 1099 3088; baseline -0.005 -16"><span class='ocrx_word' id='word_1_205' title='bbox 173 3010 323 3072; x_wconf 88' lang='lat' dir='ltr'><strong>theatrale</strong></span> <span class='ocrx_word' id='word_1_206' title='bbox 345 3011 519 3072; x_wconf 88' lang='lat' dir='ltr'><strong>convivium</strong></span> <span class='ocrx_word' id='word_1_207' title='bbox 542 3009 751 3085; x_wconf 88' lang='lat' dir='ltr'><strong>accedebant,</strong></span> <span class='ocrx_word' id='word_1_208' title='bbox 783 3015 815 3070; x_wconf 93' lang='lat' dir='ltr'><strong>et</strong></span> <span class='ocrx_word' id='word_1_209' title='bbox 836 3009 886 3088; x_wconf 91' lang='lat' dir='ltr'><strong>qui</strong></span> <span class='ocrx_word' id='word_1_210' title='bbox 911 3008 1000 3087; x_wconf 89' lang='lat' dir='ltr'><strong>primi</strong></span> <span class='ocrx_word' id='word_1_211' title='bbox 1022 3007 1099 3068; x_wconf 88' lang='lat' dir='ltr'><strong>ade·</strong></span> 
     </span>
     <span class='ocr_line' id='line_1_35' title="bbox 172 3091 1100 3176; baseline -0.005 -22"><span class='ocrx_word' id='word_1_212' title='bbox 172 3101 242 3155; x_wconf 87' lang='lat' dir='ltr'><strong>rant</strong></span> <span class='ocrx_word' id='word_1_213' title='bbox 264 3093 412 3176; x_wconf 89' lang='lat' dir='ltr'><strong>neglectis</strong></span> <span class='ocrx_word' id='word_1_214' title='bbox 434 3095 502 3155; x_wconf 91' lang='lat' dir='ltr'><strong>aliis</strong></span> <span class='ocrx_word' id='word_1_215' title='bbox 524 3092 713 3154; x_wconf 90' lang='lat' dir='ltr'><strong>tenuioribus</strong></span> <span class='ocrx_word' id='word_1_216' title='bbox 735 3092 849 3173; x_wconf 89' lang='lat' dir='ltr'><strong>largius</strong></span> <span class='ocrx_word' id='word_1_217' title='bbox 872 3111 905 3150; x_wconf 88' lang='lat' dir='ltr'><strong>se</strong></span> <span class='ocrx_word' id='word_1_218' title='bbox 919 3091 1100 3170; x_wconf 75' lang='lat' dir='ltr'><strong>explebant,</strong></span> 
     </span>
     <span class='ocr_line' id='line_1_36' title="bbox 172 3175 1100 3257; baseline -0.002 -20"><span class='ocrx_word' id='word_1_219' title='bbox 172 3195 242 3238; x_wconf 92' lang='lat' dir='ltr'><strong>cum</strong></span> <span class='ocrx_word' id='word_1_220' title='bbox 263 3178 375 3257; x_wconf 89' lang='lat' dir='ltr'><strong>inquit:</strong></span> <span class='ocrx_word' id='word_1_221' title='bbox 419 3177 478 3254; x_wconf 79' lang='lat' dir='ltr'><strong>Qui</strong></span> <span class='ocrx_word' id='word_1_222' title='bbox 493 3197 555 3239; x_wconf 92' lang='lat' dir='ltr'><strong>non</strong></span> <span class='ocrx_word' id='word_1_223' title='bbox 567 3175 714 3237; x_wconf 88' lang='lat' dir='ltr'><strong>diiudicat</strong></span> <span class='ocrx_word' id='word_1_224' title='bbox 727 3195 839 3256; x_wconf 90' lang='lat' dir='ltr'><strong>corpus</strong></span> <span class='ocrx_word' id='word_1_225' title='bbox 851 3175 984 3253; x_wconf 89' lang='lat' dir='ltr'><strong>Domini,</strong></span> <span class='ocrx_word' id='word_1_226' title='bbox 1009 3194 1100 3235; x_wconf 88' lang='lat' dir='ltr'><strong>man-</strong></span> 
     </span>
    </p>
   </div>
   <div class='ocr_carea' id='block_1_4' title="bbox 47 3258 1100 3340">
    <p class='ocr_par' dir='ltr' id='par_1_8' title="bbox 47 3258 1100 3340">
     <span class='ocr_line' id='line_1_37' title="bbox 47 3258 1100 3340; baseline -0.002 -19"><span class='ocrx_word' id='word_1_227' title='bbox 47 3289 50 3295; x_wconf 94' lang='lat'>·</span> <span class='ocrx_word' id='word_1_228' title='bbox 171 3258 264 3321; x_wconf 88' lang='lat' dir='ltr'><strong>ducat</strong></span> <span class='ocrx_word' id='word_1_229' title='bbox 286 3259 343 3321; x_wconf 91' lang='lat' dir='ltr'><strong>sibi</strong></span> <span class='ocrx_word' id='word_1_230' title='bbox 365 3258 528 3340; x_wconf 90' lang='lat' dir='ltr'><strong>iudicium,</strong></span> <span class='ocrx_word' id='word_1_231' title='bbox 564 3267 594 3320; x_wconf 95' lang='lat' dir='ltr'><strong>et</strong></span> <span class='ocrx_word' id='word_1_232' title='bbox 616 3259 712 3336; x_wconf 90' lang='lat' dir='ltr'><strong>multi,</strong></span> <span class='ocrx_word' id='word_1_233' title='bbox 734 3260 795 3337; x_wconf 91' lang='lat' dir='ltr'><strong>ait,</strong></span> <span class='ocrx_word' id='word_1_234' title='bbox 823 3265 987 3338; x_wconf 88' lang='lat' dir='ltr'><strong>propterea</strong></span> <span class='ocrx_word' id='word_1_235' title='bbox 1011 3265 1100 3338; x_wconf 87' lang='lat' dir='ltr'><strong>peste</strong></span> 
     </span>
    </p>
   </div>
   <div class='ocr_carea' id='block_1_5' title="bbox 171 3343 1100 3673">
    <p class='ocr_par' dir='ltr' id='par_1_9' title="bbox 173 3343 653 3424">
     <span class='ocr_line' id='line_1_38' title="bbox 173 3343 653 3424; baseline 0.002 -20"><span class='ocrx_word' id='word_1_236' title='bbox 173 3349 205 3404; x_wconf 87' lang='lat' dir='ltr'><strong>et</strong></span> <span class='ocrx_word' id='word_1_237' title='bbox 227 3343 294 3403; x_wconf 91' lang='lat' dir='ltr'><strong>aliis</strong></span> <span class='ocrx_word' id='word_1_238' title='bbox 317 3343 431 3404; x_wconf 90' lang='lat' dir='ltr'><strong>morbis</strong></span> <span class='ocrx_word' id='word_1_239' title='bbox 454 3345 551 3424; x_wconf 91' lang='lat' dir='ltr'><strong>puniti</strong></span> <span class='ocrx_word' id='word_1_240' title='bbox 574 3349 653 3405; x_wconf 88' lang='lat' dir='ltr'><strong>sunt.</strong></span> 
     </span>
    </p>

    <p class='ocr_par' dir='ltr' id='par_1_10' title="bbox 171 3423 1100 3673">
     <span class='ocr_line' id='line_1_39' title="bbox 255 3423 1100 3506; baseline -0.001 -19"><span class='ocrx_word' id='word_1_241' title='bbox 255 3423 368 3504; x_wconf 80' lang='lat' dir='ltr'><strong>Quare,</strong></span> <span class='ocrx_word' id='word_1_242' title='bbox 391 3446 459 3487; x_wconf 93' lang='lat' dir='ltr'><strong>cum</strong></span> <span class='ocrx_word' id='word_1_243' title='bbox 484 3446 540 3488; x_wconf 89' lang='lat' dir='ltr'><strong>nos</strong></span> <span class='ocrx_word' id='word_1_244' title='bbox 563 3426 657 3506; x_wconf 88' lang='lat' dir='ltr'><strong>longe</strong></span> <span class='ocrx_word' id='word_1_245' title='bbox 679 3424 834 3506; x_wconf 87' lang='lat' dir='ltr'><strong>indignius</strong></span> <span class='ocrx_word' id='word_1_246' title='bbox 857 3430 887 3484; x_wconf 90' lang='lat' dir='ltr'><strong>et</strong></span> <span class='ocrx_word' id='word_1_247' title='bbox 907 3423 1100 3503; x_wconf 85' lang='lat' dir='ltr'><strong>prorsusab·</strong></span> 
     </span>
     <span class='ocr_line' id='line_1_40' title="bbox 173 3508 1099 3590; baseline -0.002 -19"><span class='ocrx_word' id='word_1_248' title='bbox 173 3508 346 3572; x_wconf 87' lang='lat' dir='ltr'><strong>ominandis</strong></span> <span class='ocrx_word' id='word_1_249' title='bbox 369 3510 468 3571; x_wconf 91' lang='lat' dir='ltr'><strong>modis</strong></span> <span class='ocrx_word' id='word_1_250' title='bbox 492 3510 664 3590; x_wconf 90' lang='lat' dir='ltr'><strong>polluamus</strong></span> <span class='ocrx_word' id='word_1_251' title='bbox 697 3508 935 3569; x_wconf 87' lang='lat' dir='ltr'><strong>sacratissimam</strong></span> <span class='ocrx_word' id='word_1_252' title='bbox 959 3525 1099 3569; x_wconf 88' lang='lat' dir='ltr'><strong>ceramo·</strong></span> 
     </span>
     <span class='ocr_line' id='line_1_41' title="bbox 171 3589 1099 3673; baseline -0.001 -19"><span class='ocrx_word' id='word_1_253' title='bbox 171 3593 264 3673; x_wconf 86' lang='lat' dir='ltr'><strong>uiam,</strong></span> <span class='ocrx_word' id='word_1_254' title='bbox 287 3612 349 3654; x_wconf 93' lang='lat' dir='ltr'><strong>non</strong></span> <span class='ocrx_word' id='word_1_255' title='bbox 373 3592 497 3654; x_wconf 90' lang='lat' dir='ltr'><strong>dubium</strong></span> <span class='ocrx_word' id='word_1_256' title='bbox 521 3601 577 3673; x_wconf 84' lang='lat' dir='ltr'><strong>est,</strong></span> <span class='ocrx_word' id='word_1_257' title='bbox 602 3594 673 3672; x_wconf 90' lang='lat' dir='ltr'><strong>quin</strong></span> <span class='ocrx_word' id='word_1_258' title='bbox 698 3591 792 3652; x_wconf 90' lang='lat' dir='ltr'><strong>multo</strong></span> <span class='ocrx_word' id='word_1_259' title='bbox 814 3589 991 3652; x_wconf 90' lang='lat' dir='ltr'><strong>horribilius</strong></span> <span class='ocrx_word' id='word_1_260' title='bbox 1009 3593 1099 3671; x_wconf 86' lang='lat' dir='ltr'><strong>puni·</strong></span> 
     </span>
    </p>
   </div>
   <div class='ocr_carea' id='block_1_6' title="bbox 242 3758 1052 3850">
    <p class='ocr_par' dir='ltr' id='par_1_11' title="bbox 242 3758 1052 3850">
     <span class='ocr_line' id='line_1_42' title="bbox 242 3758 1052 3850; baseline -0.006 -14"><span class='ocrx_word' id='word_1_261' title='bbox 242 3773 275 3850; x_wconf 88' lang='lat'><strong>1)</strong></span> <span class='ocrx_word' id='word_1_262' title='bbox 293 3774 326 3832; x_wconf 88' lang='lat' dir='ltr'><strong>In</strong></span> <span class='ocrx_word' id='word_1_263' title='bbox 345 3773 389 3832; x_wconf 87' lang='lat' dir='ltr'><strong>ed.</strong></span> <span class='ocrx_word' id='word_1_264' title='bbox 407 3775 471 3833; x_wconf 76' lang='lat' dir='ltr'><strong>len.</strong></span> <span class='ocrx_word' id='word_1_265' title='bbox 491 3774 610 3847; x_wconf 81' lang='lat' dir='ltr'><strong>margini</strong></span> <span class='ocrx_word' id='word_1_266' title='bbox 628 3758 772 3847; x_wconf 79' lang='lat' dir='ltr'><strong>adscdpta</strong></span> <span class='ocrx_word' id='word_1_267' title='bbox 792 3779 837 3833; x_wconf 88' lang='lat' dir='ltr'><strong>cst</strong></span> <span class='ocrx_word' id='word_1_268' title='bbox 853 3779 934 3832; x_wconf 80' lang='lat' dir='ltr'><strong>notar</strong></span> <span class='ocrx_word' id='word_1_269' title='bbox 953 3776 990 3831; x_wconf 81' lang='lat' dir='ltr'><strong>ct</strong></span> <span class='ocrx_word' id='word_1_270' title='bbox 1048 3838 1052 3845; x_wconf 55' lang='grc'><strong>,</strong></span> 
     </span>
    </p>
   </div>
   <div class='ocr_carea' id='block_1_7' title="bbox 0 0 1200 4170">
    <p class='ocr_par' dir='ltr' id='par_1_12' title="bbox 0 0 1200 4170">
     <span class='ocr_line' id='line_1_43' title="bbox 0 0 1200 4170; baseline 0 2"><span class='ocrx_word' id='word_1_271' title='bbox 0 0 1200 4170; x_wconf 95' lang='lat' dir='ltr'><strong> </strong></span> 
     </span>
    </p>
   </div>
  </div>
 </body>
</html>
