2392 4170
133 235 198 304 492
425 242 585 298 Coululalio
602 243 769 298 Lulheriuna

131 396 272 458 firmitate
305 397 389 476 oapi,
416 397 478 457 imo
508 415 636 460 neeesse
665 405 711 459 asl
739 417 795 479 pro
824 416 899 459 vero
921 403 1062 478 peooalo

133 481 218 561 oapi,
248 497 309 558 quo
331 479 431 559 gralia
453 487 484 541 et
505 479 619 542 donum
642 482 700 543 Dei
721 501 797 562 pure
825 488 855 542 et
879 499 949 542 vere
971 499 1054 540 oom-
1114 488 1120 497 '

133 562 322 624 mandentur.
373 561 463 638 Quod
497 565 522 624 si
550 566 617 644 quis
647 572 755 645 neget,
784 583 857 625 vere
890 572 1053 646 pensatum

132 666 215 722 esse,
245 646 294 706 hio
316 645 430 706 donum
455 646 514 707 Dei
550 647 742 729 blasphemat
779 654 810 708 el
838 650 975 729 ingratus
998 655 1055 706 est.

132 730 177 791 lla
200 729 269 790 dieo
292 736 322 789 el
344 728 459 805 doceo,
492 736 525 790 ut
554 732 769 792 omnishomo
792 732 821 790 iu
853 732 936 791 omni
960 748 1057 809 opere

132 832 190 874 suo
212 813 289 873 soiat
312 831 345 873 se
369 820 486 874 lantum
500 812 614 876 habere
637 813 675 874 de
690 821 830 894 peooat0,
853 819 1001 893 quanlum
1024 814 1055 872 in

131 897 199 976 ipso
223 895 359 956 nondum
387 903 434 955 est
462 898 594 957 eieolum
625 904 801 976 peceatum,
830 897 928 975 qualis
962 894 1058 958 arbor

132 979 201 1041 talis
223 979 355 1054 fruetus,
384 998 422 1039 ue
444 979 589 1059 glorietur
622 1000 726 1041 eoram
749 981 815 1040 Deo
846 980 883 1040 de
905 977 1057 1040 munditia

132 1082 189 1123 sua
210 1063 239 1122 in
263 1081 296 1122 se
326 1064 411 1141 ipsu,
447 1062 594 1142 glorietur
616 1070 718 1125 autem
742 1065 894 1142 ingratia
918 1070 949 1123 st
971 1061 1056 1123 dono

132 1145 206 1220 Dei,
242 1145 324 1225 quod
345 1144 499 1206 laventem
525 1146 623 1207 Deum
646 1146 753 1226 habet,
790 1147 840 1226 qui
863 1146 924 1207 hoo
946 1163 1056 1226 peooo·

133 1237 194 1290 tum
218 1248 279 1290 uon
301 1229 446 1308 imputat,
480 1231 605 1310 insuper
635 1229 749 1291 donum
783 1228 881 1306 dedit,
916 1247 978 1308 quo
1002 1247 1056 1288 ex·

132 1318 250 1392 purget.
274 1311 440 1372 Veritatem
454 1331 527 1393 ergo
545 1313 736 1388 confiteatur,
753 1311 835 1391 quod
849 1313 874 1372 si
886 1310 1055 1372 seeundum

133 1401 271 1456 naturam
295 1395 406 1474 operis,
429 1396 505 1457 eitra
519 1397 659 1476 gratiam,
682 1395 863 1457 iudioandus
878 1401 972 1471 esset,
992 1413 1056 1455 non

133 1486 239 1557 posset
259 1477 426 1539 subsistere
448 1486 518 1538 aule
541 1479 650 1539 faeiem
680 1480 762 1556 eius,
796 1496 894 1551 nuno,
924 1478 996 1557 quia
1023 1477 1055 1537 iu

133 1562 232 1640 gralia
254 1562 374 1635 nititur,
404 1561 477 1621 nihil
501 1561 651 1640 estquod
681 1581 749 1622 eum
773 1579 921 1622 decusare
942 1567 1056 1640 potest.
1109 1581 1112 1591 ²

134 1645 182 1705 An
213 1652 283 1704 sunl
317 1644 394 1705 haee
427 1650 489 1704 lem
522 1644 669 1718 obseura,
702 1654 734 1705 ut
756 1643 967 1724 sophistarum
1001 1644 1055 1702 im·

134 1746 241 1788 mensa
262 1727 313 1788 illa
336 1726 491 1787 volumina
514 1727 552 1788 de
574 1735 702 1807 peuoalo
725 1737 755 1788 et
770 1727 869 1807 gratia
882 1726 1056 1806 congesta?

134 1810 265 1871 Annon
288 1812 347 1870 iam
373 1809 456 1869 Pauli
480 1810 605 1871 verbum
635 1821 664 1871 et
693 1812 792 1890 pietas
825 1809 894 1870 fidei
917 1818 947 1869 el
975 1809 1055 1869 ratio

48 1963 51 1971 ¹
133 1893 196 1969 illa,
218 1912 297 1972 quae
320 1911 432 1973 eogere
454 1893 623 1970 videbatur,
647 1902 851 1973 ulpeeoaium
874 1911 930 1972 pro
953 1910 1056 1972 poeno

133 1985 304 2056 caperetur,
326 1976 453 2056 pulchre
468 1977 681 2037 conveniunt?
705 1975 784 2052 Quid
801 1975 918 2036 facilius
942 1975 1054 2048 disere,

134 2077 226 2138 quam
259 2066 420 2137 peooalum
452 2060 575 2120 tractari
609 2069 660 2119 aul
683 2059 764 2139 Lege
788 2064 842 2120 aut
862 2057 1056 2138 Evangelio?

134 2141 164 2200 Si
186 2141 267 2220 Lege
290 2142 357 2201 sola
380 2149 501 2220 tractes,
525 2160 605 2201 mors
629 2149 660 2200 et
680 2144 725 2202 ira
748 2150 803 2221 est,
826 2143 851 2201 si
874 2140 1055 2201 soloEvau-

133 2223 231 2302 gello,
253 2225 351 2303 gratia
373 2233 403 2283 el
425 2224 486 2284 viia
508 2231 568 2298 esi,
593 2233 695 2284 munel
718 2234 819 2284 lamen
843 2224 899 2301 sub
923 2232 1054 2302 utroque

132 2326 204 2365 vere
237 2313 268 2367 et
302 2308 480 2368 naturaliter
516 2316 687 2387 peecatum.
743 2306 896 2382 Quooirda
931 2307 1055 2367 Palrum

134 2389 322 2467 autoritates,
345 2391 395 2470 qui
419 2400 533 2470 negant
546 2400 707 2470 peooalum
730 2392 849 2450 esseio
875 2391 966 2464 iusto,
991 2408 1055 2449 om·

134 2490 188 2532 ues
209 2472 427 2551 intelligendae
450 2480 520 2533 sunl
542 2473 708 2534 seeundum
733 2475 879 2552 gratiam,
914 2471 968 2532 sed
992 2490 1054 2532 nou

133 2554 300 2615 seeundum
336 2563 472 2616 naturam
507 2558 646 2637 pessuli,
681 2557 728 2614 vel
753 2557 882 2634 Legem,
915 2554 1055 2615 Christus

134 2639 213 2698 enim
247 2658 304 2699 nos
334 2638 491 2708 liberavit,
522 2647 553 2697 ut
585 2640 645 2698 iam
676 2658 736 2698 uon
766 2641 860 2698 simus
883 2637 938 2697 sub
963 2637 1057 2717 Lege,

133 2720 186 2781 sed
210 2722 265 2780 sub
287 2724 396 2800 gralia.

217 2804 256 2863 Al
278 2804 372 2865 dines:
415 2805 518 2864 Patres
542 2804 570 2866 S.
595 2813 755 2883 peooalum
780 2813 908 2882 negant,
944 2812 1054 2862 noctu

133 2885 245 2965 probas
269 2887 328 2947 hoo
351 2887 443 2948 modo
467 2894 626 2966 peooalum
658 2887 706 2946 hio
730 2885 952 2966 aoeipieudum.
999 2886 1054 2945 Re·

133 2969 287 3048 spondeo:
311 2971 443 3030 Primum
464 2970 538 3029 nihil
561 2971 686 3048 impium
712 2970 885 3029 elalieoum
910 2978 1011 3026 tamen
1036 2989 1054 3026 a

134 3051 193 3111 lide
216 3055 303 3132 sapio
328 3063 359 3111 el
374 3053 489 3113 doceo.
534 3052 643 3112 Nonne
668 3052 823 3111 admittis?
852 3050 892 3109 Et
913 3051 1054 3130 probabo

132 3134 231 3196 lulius.
276 3135 393 3196 Deinde
416 3137 476 3196 hoo
497 3134 606 3213 probo,
623 3135 705 3213 quod
729 3142 888 3215 peooalum
911 3135 940 3192 in
954 3133 1053 3213 Sorip-

133 3217 206 3276 turis
229 3219 377 3297 aooipilur
400 3218 511 3298 ubique
536 3227 567 3278 ut
589 3237 648 3297 ego
683 3218 820 3296 aooipio,
852 3216 921 3277 ideo
953 3215 1053 3276 ellioa-

133 3299 208 3359 eiter
229 3300 337 3380 probe,
361 3302 405 3361 sio
427 3303 638 3381 accipiendum
663 3320 750 3378 esse,
774 3319 842 3359 oum
866 3301 931 3357 siue
953 3299 1053 3376 Serip-

134 3392 220 3443 lurae
243 3385 387 3463 exemplo
412 3384 482 3445 nihil
506 3386 544 3443 sil
566 3386 595 3443 in
620 3383 679 3443 lide
704 3382 909 3443 asserendum.
935 3381 1055 3441 Deinde

133 3465 294 3547 duplioiler
317 3476 347 3526 lu
371 3469 443 3527 nihil
467 3467 590 3547 probas,
614 3468 742 3546 primum
767 3486 828 3524 non
851 3464 975 3544 probas,
999 3465 1054 3524 Pa·

133 3555 193 3609 tres
216 3569 329 3629 negare
346 3557 518 3630 peceatum,
541 3551 585 3610 sio
608 3549 820 3629 aooipiendum
837 3566 905 3607 esse
927 3556 981 3607 aut
1004 3567 1052 3607 ao·

132 3632 192 3713 oipi
214 3652 316 3712 posse,
339 3642 371 3693 ul
393 3654 452 3714 ego
475 3634 574 3713 capio,
597 3634 677 3710 quia,
701 3632 758 3691 etsi
771 3631 978 3692 infirmitatem
1002 3650 1054 3709 ap·

132 3715 246 3796 pellent
268 3724 298 3776 el
319 3722 480 3798 peceatum
503 3721 632 3797 negent,
662 3715 721 3777 hoo
743 3715 844 3778 lasere
867 3711 961 3773 videri
984 3731 1054 3795 pos-
