2392 4170
131 240 173 312 54
333 239 535 299 condemnatio
550 235 692 296 Librorum
712 238 745 294 D.
764 236 799 295 lt.
818 236 848 293 L.

215 416 300 478 Haeo
338 416 509 496 Propositio
555 412 766 475 universaliter
808 410 964 472 intellecta
1007 414 1055 471 ast
1104 410 1108 415 '

133 501 228 581 falsa,
263 520 320 561 neo
353 500 449 561 sacris
483 499 614 579 eloquiis
647 496 821 557 oousormis.

217 673 274 738 Do
296 671 553 738 immunitate
574 667 975 735 Ecclesiastioornm.

221 830 251 909 1)
273 830 304 892 Si
328 830 494 911 imperator
517 828 564 888 vel
581 825 774 907 prinoipesl)
798 832 947 886 revocent
968 823 1055 885 liber·

134 922 228 975 tatem
262 913 364 975 dolam
399 912 539 992 personis
573 919 604 971 et
634 911 723 970 rebus
756 909 1056 984 Ecclesiastioorum‚

136 1017 197 1058 nou
223 1001 327 1077 potest
348 997 391 1056 eis
414 997 514 1058 resisti
536 995 602 1055 sinc
626 1001 755 1073 peccato
779 999 809 1053 et
830 995 998 1072 impietate.

217 1079 303 1142 Haec
324 1080 497 1160 Propositio
520 1086 568 1139 est
590 1077 682 1157 salsa,
712 1078 823 1163 impia2
851 1075 1056 1151 schismatica!

136 1164 282 1226 libertatis
317 1163 547 1224 ecclesiasticae
582 1162 775 1241 enervativa,
816 1179 854 1219 ac
891 1159 1056 1238 impietatis

136 1248 315 1328 tyrannicae
337 1247 504 1308 excitativa
526 1254 555 1305 et
578 1246 731 1308 nutritiva.

384 1415 595 1481 Delibero
618 1414 802 1480 arbitrio.
902 1494 906 1499 ⁵

222 1577 258 1648 1)
273 1574 413 1636 Liberum
437 1575 592 1635 arbitrium
617 1591 678 1633 non
702 1579 749 1634 est
767 1573 909 1633 dominus
934 1581 1056 1634 actuum

135 1676 270 1722 suorum.

218 1742 303 1802 Haec
325 1742 499 1822 Propositio
522 1740 658 1821 falsa²)‚
692 1741 787 1804 sacris
811 1741 998 1802 Doctoribus
1021 1759 1057 1799 uo

137 1827 220 1886 omni
243 1825 401 1886 doetrinae
416 1824 525 1886 morali
548 1824 688 1902 adversa,
712 1842 780 1884 cum
804 1822 1055 1885 Manichaeorum

135 1928 239 1970 errore
260 1909 467 1985 convenicus,
491 1927 529 1968 ao
550 1908 714 1971 haeretica.

219 1991 253 2069 2)
276 1991 400 2053 Frustra
431 1992 568 2070 garriunt
596 1990 775 2070 Sophistae,
812 1997 913 2050 actum
943 1989 1056 2049 bonum

83 2090 87 2095 ’
137 2094 206 2135 esse
226 2081 324 2135 totum
348 2094 366 2134 a
387 2075 465 2151 Deo,
488 2073 542 2133 sed
565 2094 626 2134 non
650 2073 791 2134 totaliter.
816 2096 820 2107 ·

222 2157 306 2217 Haeo
333 2158 507 2237 Propositio
542 2164 588 2217 est
619 2158 734 2217 sanctis
768 2156 953 2217 Ductoribus
990 2175 1056 2215 earn

138 2239 321 2321 ponentibus
338 2241 457 2316 iniuria,
482 2240 644 2300 Ambrosio
660 2242 861 2320 potissimum,
885 2240 1056 2320 Augustino

137 2331 169 2384 et
189 2323 360 2404 BernardO,
389 2343 466 2404 quos
489 2324 539 2384 bio
560 2323 720 2402 Sophistas
741 2324 887 2402 appellat,
910 2331 941 2382 et
963 2343 1056 2403 quan-

139 2415 200 2465 tum
231 2406 269 2465 ad
296 2406 343 2482 id,
379 2406 460 2487 quod
490 2408 675 2486 praetendit,
710 2415 810 2466 actum
847 2407 960 2466 bonum
991 2426 1058 2466 csse

138 2489 272 2550 totaliter
300 2510 319 2549 a
341 2491 424 2569 Deo,
457 2498 488 2550 et
515 2489 598 2549 nullo
628 2490 721 2549 modo
749 2511 767 2548 a
797 2490 892 2549 libero
922 2489 1056 2567 arbitria,

138 2580 185 2634 est
206 2573 371 2635 haeretica.
967 2614 970 2619 -

220 2652 257 2738 3)
281 2655 420 2716 Liberum
451 2656 627 2733 arbitrium,
658 2655 727 2714 dum
759 2656 829 2714 lacit
861 2655 942 2733 quod
972 2656 1001 2714 in
1024 2675 1057 2715 se

137 2746 193 2818 cst,
216 2746 325 2819 peccat
348 2739 525 2801 mortaliter.

219 2823 305 2883 Haeo
326 2823 499 2902 Propositio
522 2829 570 2881 est
593 2820 794 2900 scandaloso,
818 2822 923 2900 impin,
946 2824 975 2881 in
999 2821 1056 2881 fide

139 2917 168 2964 et
193 2904 326 2966 moribus
347 2924 486 2968 erronea.

220 2986 258 3071 4)
283 2987 422 3049 Liberum
446 2987 601 3048 arbitrium
631 2991 702 3046 ante
725 2989 854 3065 gratlam
880 2988 952 3047 nibil
976 2989 1057 3047 valet

136 3073 193 3130 nisi
216 3070 254 3131 ad
277 3071 477 3151 peccandum,
501 3089 562 3131 non
585 3078 686 3130 autem
705 3071 743 3129 ad
767 3072 996 3150 poenitendum,
1020 3091 1056 3130 ex

138 3152 310 3234 Augustino
334 3154 373 3215 de
395 3155 503 3235 spiritu
528 3162 559 3214 et
582 3155 677 3215 litera.

218 3237 303 3298 Haeo
320 3238 505 3318 Propositio‚
528 3236 710 3316 accipiendo
728 3238 856 3317 gratiam
880 3257 936 3317 pro
960 3238 1056 3316 gratia

137 3328 256 3399 gratum
280 3321 421 3395 faciente,
445 3319 565 3401 dequo
587 3320 721 3400 loquitur
743 3321 883 3400 scriptor,
906 3328 953 3379 est
975 3340 1055 3379 erro«

136 3422 209 3475 nea,
238 3404 331 3463 errori
354 3403 604 3464 Manichaeorum
628 3404 808 3477 conformis,
832 3422 851 3461 a
876 3405 971 3462 sacris
994 3402 1056 3463 elo·

135 3487 214 3564 quiis
247 3487 365 3564 aliena,
400 3506 543 3567 perverse
571 3493 603 3546 ct
635 3491 774 3546 truncate
812 3507 851 3545 ex
883 3486 1054 3565 Augustino

136 3568 279 3649 allegata.

320 3708 553 3717 -—-——-——-

207 3752 235 3823 1)
256 3752 287 3806 lu
307 3751 351 3811 od.
369 3751 449 3811 lena
469 3751 609 3833 Princeps.
646 3755 677 3819 2)
701 3751 782 3807 Ibida
807 3750 950 3821 ostfaloa.
