2392 4170
171 240 240 310 280
484 237 528 294 Da
545 236 620 294 votis
637 234 799 292 nooutiois

176 403 255 467 ultra
276 410 307 464 et
329 410 449 484 praeter
470 400 561 462 fidem
590 400 710 478 doeeri,
732 419 801 463 essa
821 401 932 480 impia,
959 395 1098 478 gentilia,

176 489 307 561 iudaice,
329 486 495 565 saerilega,
531 485 701 563 mendacia,
724 503 861 562 erronea,
884 481 1098 551 daemonium,

176 571 380 652 bypooritiea,
408 570 598 650 apostatica,
626 570 719 631 etiarn
742 569 923 629 Senatorum
947 561 1099 644 exemplis

175 654 362 717 adversaria.
405 651 507 728 Quare
539 670 607 711 eum
630 651 741 713 fiducia
764 648 938 712 revocanda
960 656 990 708 et
1013 647 1099 708 deae·

176 737 271 798 reoda
293 746 378 812 sunt,
414 737 533 797 etiamsi
567 737 616 814 pia
650 744 681 795 et
709 736 788 794 seria
809 734 955 815 opinione
985 731 1100 792 emisse

176 821 296 881 fuerint.
340 820 370 880 Si
392 821 472 880 enim
496 838 592 898 opera
612 818 690 899 legis
715 815 1101 895 divinaeApoatoluspro·

177 904 261 964 bibet
282 903 386 963 dooeri
408 911 438 961 et
459 909 546 962 tanto
569 911 654 963 aestu
680 903 764 979 cogit
785 901 956 978 relinquere
969 897 1101 959 Galatas

179 996 210 1047 et
231 986 406 1064 Romanos,
444 993 560 1064 quanto
590 986 688 1066 magis
710 983 763 1046 iila
784 984 919 1063 oteotitia
940 983 1100 1043 bominum

179 1089 274 1150 opera
296 1079 327 1129 et
350 1077 422 1129 vota
445 1068 682 1147 prohibitarum
702 1075 734 1128 et
756 1065 966 1144 relinquenda.
1009 1062 1102 1126 Sum·

156 1160 229 1212 'ma
251 1171 454 1228 summarum,
483 1171 578 1231 opero
600 1158 631 1212 et
653 1161 726 1212 vota
747 1171 805 1211 neo
826 1150 929 1211 doceri
953 1167 1010 1209 nee
1034 1167 1102 1227 per-

80 1233 91 1242 ’
179 1234 299 1296 suaderi
320 1245 459 1316 possunt,
482 1235 540 1295 nisi
563 1255 601 1296 ea
623 1235 768 1297 salutaria
789 1242 821 1294 et
841 1233 925 1294 utilia
954 1231 1039 1292 dieas
1060 1229 1100 1291 ad

179 1318 308 1380 salutern
331 1330 359 1379 et
382 1319 537 1379 iustitiam.
580 1316 660 1393 Quid
684 1319 763 1379 enim
787 1325 834 1378 est
855 1318 981 1390 dooere,
1003 1333 1101 1393 opera

180 1409 211 1463 et
233 1407 305 1464 vota
337 1421 399 1462 oon
437 1421 506 1461 esse
539 1403 762 1463 salutationes
784 1399 979 1461 necessaria?
1023 1397 1102 1474 Quis

179 1485 303 1546 audiet?
327 1487 394 1565 quis
408 1485 630 1565 amplectetur?
673 1487 714 1546 At
727 1484 869 1545 docuisse
891 1503 927 1543 ea
952 1480 1103 1544 salutaria

180 1580 227 1629 est
249 1570 481 1630 daemoniacum
510 1577 540 1627 et
563 1569 767 1649 apostatioum
791 1589 807 1628 a
831 1566 907 1641 nde,
941 1584 1008 1625 oum
1033 1565 1103 1626 sola

180 1651 259 1712 fides
292 1653 330 1711 sit
359 1652 534 1711 necessaria
556 1660 586 1712 et
608 1652 760 1714 salutaris.
804 1651 907 1726 Quare
929 1650 1103 1710 monastiea

180 1744 254 1796 vota
276 1745 306 1795 et
329 1753 424 1813 opera
447 1742 500 1795 aut
521 1736 602 1795 serio
625 1734 727 1795 dooeri
740 1740 772 1795 et
783 1733 857 1795 disoi
880 1752 941 1793 oon
959 1740 1103 1812 possunt,

179 1826 231 1877 aut
253 1824 431 1898 apostatare
454 1839 472 1878 a
494 1817 615 1879 Christo
640 1826 671 1878 et
692 1817 835 1878 excidere
855 1837 871 1876 a
895 1816 954 1877 fide
977 1823 1104 1896 oportet

180 1911 241 1961 tam
277 1904 424 1962 docentes
453 1919 544 1980 quam
572 1901 776 1962 attendentes.
835 1900 874 1960 Et
905 1905 966 1960 stat
988 1900 1103 1959 Paulus

180 1984 281 2063 tortis,
303 2003 372 2046 ease
394 2004 431 2043 eo
455 1985 608 2045 doetrinae
631 1984 863 2045 daemoniorum
887 1989 916 2042 et
939 1983 1102 2045 mendacia

179 2073 210 2128 et
231 2087 375 2135 erronea,
417 2068 567 2147 aquibus
599 2069 657 2128 nisi
681 2069 727 2128 vet
755 2069 785 2127 io
809 2066 869 2127 fine
892 2066 1009 2126 resilias
1032 2085 1102 2127 oum

178 2149 209 2212 Β.
233 2147 422 2228 Bernhardo‚
444 2152 473 2210 in
498 2160 654 2211 aeternum
677 2151 798 2231 peribis.

261 2233 347 2294 Haeo
380 2235 482 2293 omnia
513 2254 581 2294 oum
611 2255 685 2294 vera
719 2241 749 2292 et
783 2232 884 2293 solida
906 2234 965 2291 sint
990 2231 1102 2292 divinis

179 2318 253 2377 nixa
274 2316 485 2396 firmamentis,
521 2318 707 2377 convincunt
737 2318 875 2376 voventis
899 2322 971 2374 vota
993 2334 1103 2376 mona-

179 2397 265 2474 stiea,
289 2401 313 2459 si
334 2401 398 2459 sine
421 2399 480 2460 fide
503 2408 626 2474 voveat,
650 2420 718 2460 esse
740 2401 820 2460 hanc
843 2398 944 2460 cordis
967 2400 1012 2459 sui
1035 2419 1102 2458 sen-

179 2484 306 2543 tentiam
329 2502 433 2544 ooram
457 2484 544 2543 Deo:
588 2483 669 2544 Eece
693 2483 786 2564 Deus,
820 2501 921 2542 voveo
955 2482 1007 2542 tibi
1036 2503 1103 2543 am·

180 2567 257 2645 plius
296 2567 377 2626 nolte
411 2568 615 2628 Christianum
656 2587 739 2642 esse,
781 2585 895 2627 revoco
931 2574 1036 2625 votum
1072 2567 1101 2627 in

180 2650 332 2729 baptismo
356 2651 484 2724 iactum,
512 2651 542 2710 in
566 2649 686 2711 Christo
710 2651 840 2729 amptius
863 2669 924 2708 non
948 2651 1027 2709 nitar
1050 2670 1102 2710 oe-

179 2752 238 2812 que
261 2735 371 2809 vivam,
395 2735 477 2793 irrita
501 2733 869 2794 enimsunthaeeomnia
892 2741 920 2791 et
944 2734 1103 2809 antiquata

179 2815 365 2879 iamdudum.
409 2817 516 2876 Voveo
545 2826 645 2876 autem
676 2818 728 2877 tibi
757 2817 833 2877 ultra
857 2824 888 2875 et
910 2823 997 2875 extra
1019 2816 1102 2877 Chri·

179 2906 258 2959 stum
283 2919 396 2959 novum
420 2909 451 2960 et
474 2900 567 2960 mutto
592 2901 698 2959 metius
722 2908 837 2974 votum,
859 2900 977 2958 aeilioet
998 2900 1102 2959 vivere

178 2983 208 3042 in
232 2984 361 3062 propriis
396 2983 538 3062 operibus
564 2984 729 3060 eastitatis,
758 2981 953 3042 obedientiae
976 2989 1007 3040 et
1027 3001 1101 3062 pau·

177 3067 303 3143 peitatis
326 3075 356 3124 et
379 3066 466 3125 buius
490 3067 581 3125 totius
596 3066 741 3146 Regutae.
785 3065 838 3124 His
862 3066 942 3124 euim
957 3065 1101 3144 operibus

178 3157 208 3207 et
230 3150 327 3207 iustus
351 3158 379 3208 et
410 3149 513 3208 salvus
544 3168 596 3208 ero
619 3157 650 3208 et
672 3148 739 3208 aliis
763 3168 882 3207 meeum
906 3147 1038 3227 prodero
1063 3149 1101 3209 ad

177 3231 321 3292 iustitiam
351 3238 381 3292 et
404 3233 543 3293 satutem.
587 3230 747 3292 Horresois
776 3238 806 3291 et
834 3250 930 3310 neges
952 3232 995 3290 ita
1017 3233 1100 3311 eogi-

177 3313 232 3372 tari
255 3332 273 3373 a
297 3314 453 3375 vovente?
499 3316 583 3375 Atei
609 3334 715 3394 negas,
752 3314 878 3394 negabis
902 3314 991 3374 simul
1014 3334 1100 3394 prae-

178 3395 259 3455 diota
281 3416 349 3457 esse
372 3418 452 3458 vera.
498 3399 558 3459 Cor
581 3399 673 3474 enirn,
697 3397 778 3476 quod
795 3417 856 3457 non
875 3405 922 3456 est
942 3396 1002 3457 fide
1026 3418 1100 3474 pura

177 3479 206 3537 in
237 3477 386 3540 Christum
416 3480 609 3541 aedificatum
650 3491 680 3540 et
706 3480 947 3560 praesumpserit
975 3501 1102 3553 vovere,

177 3579 237 3620 ooo
260 3569 363 3641 potest
396 3563 484 3624 aliter
498 3557 648 3624 'affectum
672 3583 756 3644 ease,
786 3583 877 3643 quam
907 3563 1101 3637 dictumest,

176 3647 373 3726 operaenim
396 3654 515 3727 speotet
537 3654 568 3707 et
589 3648 731 3708 aestimet
754 3666 882 3708 neeesse
904 3654 961 3728 est,
985 3648 1100 3727 elioqui

176 3746 237 3789 noo
261 3734 398 3793 voveret.
444 3730 483 3791 At
505 3749 600 3812 opere
621 3732 784 3793 aestimare
808 3728 958 3793 esttidem
974 3751 1099 3812 negare,
