2392 4170
384 237 510 290 Rationis
530 236 711 291 latomianu
730 243 780 291 ate.
993 232 1056 301 wss

132 396 310 470 pauentum,
341 394 456 472 prima,
493 390 564 452 dnm
593 390 682 452 abest
702 409 774 452 ntus
795 390 938 469 rationis,
972 396 1005 451 ut
1024 391 1056 451 in

117 474 263 562 ‘inmunia
288 474 517 553 dormientibus,
539 473 715 550 infantibus,
736 473 882 548 seranda,
906 472 976 534 dum
990 493 1052 535 non

133 559 323 620 eonsentitur
342 559 411 640 illi,
437 569 468 618 ut
496 560 525 618 in
554 556 723 637 virginibus
745 564 803 618 eto.
847 556 923 632 Quis
944 558 1054 618 iterum

133 640 183 702 bin
205 661 265 702 non
289 641 381 718 ridet,
405 641 524 702 delendi
549 661 608 702 noo
633 641 850 715 lovanienses,
874 640 925 719 qui
947 638 1055 701 Lutbe·

133 744 201 786 rum
222 723 445 786 damnaverunt
475 724 513 784 de
543 731 673 804 peenatn
703 724 755 784 illo
789 725 820 783 in
844 721 964 784 Sanctis
997 742 1057 784 ser·

134 808 237 869 viante
259 827 314 888 par
335 809 464 887 gratiam
481 808 548 887 Dei,
572 807 626 868 sed
639 807 728 869 fletos
745 807 865 885 aliquos
879 805 1056 886 Morpheus,

134 892 185 970 qui
208 891 382 953 damnarint
402 910 483 972 eum,
505 892 555 970 qui
578 898 739 971 pennatum
750 888 881 950 mortale
902 889 933 948 in
955 902 1056 970 vopere

135 973 218 1036 bono
239 974 395 1054 posuerit?
429 975 523 1036 Plane
545 973 645 1033 nullus
673 973 821 1033 haetenus
842 970 1057 1053 Sophistnrunl

134 1075 184 1118 ure
206 1055 309 1118 taedio
332 1059 404 1117 vioit
436 1066 557 1138 praeter
586 1056 668 1116 hune
689 1056 872 1131 batumum,
907 1062 991 1116 tanta
1012 1063 1060 1114 est

134 1141 165 1200 in
188 1139 313 1202 homine
341 1143 477 1220 nequitia
503 1143 534 1201 et
562 1139 698 1219 nugandi
720 1139 850 1201 insania.
894 1137 974 1199 Nam
995 1146 1058 1199 tens

134 1222 230 1284 babes
253 1243 314 1284 non
338 1232 394 1302 est,
418 1232 534 1285 utnon
557 1222 753 1304 intellexerit,
776 1241 825 1281 me
847 1221 887 1281 de
907 1220 1060 1282 eiusmodi

114 1311 266 1386 ‚pruneto
288 1325 349 1366 non
374 1308 474 1386 loqui,
514 1325 690 1387 superque
714 1305 837 1365 Patrurn
871 1303 953 1364 diota
975 1305 1059 1375 uitat,

135 1390 255 1468 etipse
278 1388 418 1466 blaterat,
440 1410 508 1450 eum
532 1390 591 1450 bon
613 1390 737 1469 saepius
759 1407 829 1447 sese
851 1405 945 1449 nosse
965 1393 1059 1448 teate-

135 1479 201 1550 tur,
232 1471 285 1533 sed
317 1492 401 1534 mera
429 1474 564 1553 nequitia
585 1479 650 1547 est,
684 1490 745 1551 qno
774 1475 883 1531 oontm
902 1470 1059 1550 proprium

136 1555 342 1616 testimonium
379 1556 417 1616 de
446 1563 576 1634 peceato
611 1554 817 1616 damnationis
847 1571 896 1613 me
923 1552 1059 1614 loentum

135 1657 205 1700 asse
226 1638 330 1714 mutet,
352 1647 382 1699 et
404 1638 470 1699 orbi
497 1637 546 1720 (nt
570 1638 652 1711 dixi]
678 1639 827 1717 imponat.

218 1720 293 1782 Tale
316 1729 363 1782 est
384 1730 414 1782 et
435 1722 525 1799 illud,
563 1720 645 1801 quod
668 1721 853 1800 pronitatem
882 1717 922 1780 sd
945 1719 1059 1779 malum

136 1823 201 1868 non
223 1805 474 1883 impedimentum
499 1805 632 1881 virtutis,
657 1822 714 1863 neo
735 1802 848 1862 malum
872 1820 931 1862 neo
952 1821 1062 1881 peonn-

134 1895 199 1948 tnm
215 1885 297 1962 diuit,
320 1889 381 1948 imo
396 1889 525 1967 proseoit
543 1885 677 1966 (inquit)
695 1884 863 1966 matyribus
879 1884 917 1944 ad
936 1883 1060 1945 bonum.

136 1969 216 2046 Quid
239 1970 360 2031 audin?
383 1971 512 2050 profecit
535 1973 578 2030 eis
603 1970 641 2030 ad
665 1970 798 2042 bonum,
832 1985 907 2047 ergo
930 1980 992 2027 non
1016 1977 1062 2026 est

135 2060 314 2133 pennatum,
349 2053 449 2132 vides,
484 2062 516 2114 ut
537 2054 696 2133 insigniter
735 2052 865 2131 gretiam
888 2049 945 2111 Dei
982 2049 1061 2111 blas-

136 2136 282 2216 pbemme
322 2136 474 2197 voluerint
507 2136 680 2216 sophistae.
729 2135 808 2195 Nam
852 2133 931 2210 hoo,
980 2134 1061 2214 quod

136 2219 255 2298 gratiae
268 2219 323 2279 Dei
336 2227 392 2290 est,
405 2228 534 2298 peooeto
550 2218 813 2299 impudentissime
825 2215 967 2278 tribuunt.
991 2216 1060 2278 Die-

136 2300 227 2364 bolus
239 2306 375 2363 tentator
390 2301 511 2382 profluit
520 2303 678 2362 Senntisin
693 2301 819 2379 bonnm,
833 2319 907 2379 ergo
919 2301 985 2360 eine
999 2305 1061 2360 tan-

136 2385 269 2447 tab'ones
282 2403 342 2445 non
354 2393 424 2446 sont
437 2386 790 2464 malaenequepeooata.
813 2382 975 2444 Vinoenda
991 2390 1062 2442 sunt

138 2467 406 2548 anteponimus,
429 2486 504 2547 ergo
525 2486 585 2527 non
598 2475 669 2527 sunt
685 2467 774 2526 mala.
799 2465 948 2542 Obsaaro,
970 2484 1062 2544 quam

137 2551 195 2612 inte
208 2548 355 2630 Sophiste
368 2570 468 2611 meam
482 2558 578 2611 tentat
591 2551 769 2629 patientiam
786 2548 919 2628 egregie.
943 2548 1022 2608 Vere
1038 2549 1062 2607 si

138 2632 212 2713 quid
241 2636 367 2712 peoeevi
390 2636 420 2693 in
445 2633 549 2694 libello
578 2639 687 2694 nonne
709 2652 814 2691 eornm
834 2630 1061 2691 damnationem

138 2715 244 2790 edito,
276 2715 327 2776 hio
349 2717 469 2778 abunde
492 2717 713 2796 poenitentiam
736 2733 815 2793 ago,
851 2712 1062 2774 incredibilem
1113 2745 1115 2750 ·

137 2798 371 2878 hebetudinem,
404 2800 557 2861 ineuitiam
591 2807 621 2858 et
656 2797 804 2858 malitiam
841 2797 906 2856 eins
927 2795 1063 2856 ferendo.

137 2881 213 2945 Ideo
236 2883 316 2942 enim
347 2890 508 2961 pennatum
532 2890 579 2942 est
599 2882 755 2962 pronitas,
794 2881 865 2960 quia
899 2880 1012 2939 resistit
1034 2889 1064 2938 et.

139 2965 297 3044 negotium
326 2965 399 3025 lauit
432 2965 633 3046 martyribus,
667 2982 843 3043 quanquam
876 2943 947 3022 hirst
969 2964 1063 3021 virtus

138 3047 256 3128 gratiae
278 3048 431 3109 eluresoat
454 3050 562 3128 magis.
604 3047 674 3108 Non
697 3046 788 3106 debet
809 3053 910 3106 autem
933 3045 993 3105 hou
1014 3064 1064 3105 ne·

138 3132 256 3210 gotium
279 3147 357 3208 esau,
380 3132 404 3190 si
425 3130 570 3192 iudininm
587 3131 642 3190 Dei
661 3136 790 3210 speotes.
836 3127 1063 3189 Misericordiae

137 3221 202 3289 aet,
225 3213 307 3293 quod
332 3215 480 3293 parcitur,
512 3213 584 3274 doni
608 3213 701 3273 divini
725 3219 786 3289 est,
812 3211 894 3290 quud
919 3212 1064 3287 vincitur,

139 3305 185 3374 tu,
204 3297 314 3375 lentur,
335 3296 414 3370 vide,
436 3317 497 3377 qun
519 3296 681 3377 parrieidio
705 3314 775 3355 rens
795 3294 913 3371 fuerim,
936 3293 1060 3374 quando

139 3381 198 3441 boe
221 3380 360 3442 homines
384 3387 492 3441 trunoo
515 3379 700 3460 stupidiores
725 3377 809 3438 finxi.

223 3461 345 3526 Etiam
371 3462 431 3523 hou
453 3463 546 3537 addit,
569 3469 729 3542 pennatum
753 3479 814 3520 nnn
839 3479 909 3520 esse
931 3461 987 3520 nisi
1011 3480 1063 3522 vo·

139 3545 327 3623 bennum,
349 3547 528 3624 praesertim
552 3545 690 3624 actuale,
714 3563 788 3624 ergo
811 3545 841 3605 in
865 3561 958 3623 opere
981 3543 1064 3604 bono

140 3647 204 3694 non
231 3637 281 3692 est
303 3639 473 3708 pennatum.
516 3629 614 3690 Tenet
645 3627 865 3706 consequentia
895 3626 1064 3687 aLatomo

139 3711 184 3779 ul
205 3711 384 3794 utonem,
417 3713 465 3773 vel
488 3713 560 3798 quie
582 3711 749 3797 Gregorius
777 3709 869 3777 dtetz-
901 3705 1065 3794 Nunquam
