2392 4170
137 261 198 329 144
302 336 303 339 ¹
338 226 341 231 v
371 265 512 320 Adversus
531 266 732 321 exsecrabilem
751 267 860 325 Bnllam

134 438 200 479 rum
223 425 433 499 portentorum
457 427 546 481 autor
568 428 623 498 est,
645 421 744 500 ipsum
767 440 836 481 essa
849 438 954 480 rernm
976 417 1059 479 illum

133 501 255 562 finalem
265 503 478 582 ,pessimum,
506 503 720 583 famosumque
742 504 971 577 antichristum,
993 500 1062 563 aab*

135 547 302 647 vertentdm
341 585 446 647 orbam
476 594 572 648 totum
614 586 842 668 operationibus
871 586 984 646 erroris
1004 584 1059 663 sui,

133 667 164 728 id
187 668 269 765 quod
295 669 452 749 impletum
482 670 593 750 ubique
626 669 889 731 videmussed
922 686 985 749 qno
1011 686 1060 729 ms

134 753 213 832 rapit
239 750 331 813 ardor
357 752 450 813 fidei?
499 753 642 814 Nondum
679 759 760 814 totus
799 770 964 848 persuasus
992 770 1058 813 sum

134 853 233 915 papae
254 853 323 895 esse
345 835 425 895 hauc
447 834 576 913 bullam,
610 836 664 896 aad
692 836 825 916 apostoli
851 834 964 895 illins
955 834 1060 914 impia·

133 919 203 978 tatis
224 917 321 1000 Flauii,
342 920 392 998 qui
416 938 484 978 cum
507 920 570 978 suis
592 919 739 1000 patribus,
760 918 879 979 furente
892 917 989 995 hiatu,
1009 934 1059 979 ms

132 1000 297 1062 ahsorbere
319 1002 452 1078 festinat,
474 1011 616 1062 cantans:
639 1000 852 1082 Deglutiamus
874 1020 956 1077 eum,
977 1000 1060 1061 sicut

132 1085 267 1144 infernus
287 1085 439 1145 viventem
453 1091 484 1145 at
495 1086 644 1165 integrum
669 1086 756 1164 quasi
769 1082 1008 1146 descendentem
1027 1084 1059 1143 ia

133 1167 243 1228 lacum.
277 1166 356 1228 Huic
368 1169 448 1228 enim
462 1167 576 1228 furioso
589 1167 703 1228 homini
716 1187 834 1248 parum,
857 1168 919 1227 imo
940 1166 1060 1241 lucrum

134 1250 263 1330 videtur,
285 1251 310 1310 ai
333 1253 491 1312 veritatem
515 1251 572 1311 Dei
596 1251 782 1331 exstinguat,
806 1251 985 1311 modovota
1005 1250 1059 1313 in·

133 1334 255 1415 pietatis
282 1343 313 1394 ct
341 1333 495 1394 fratricidii
525 1334 661 1413 impleat.
711 1335 737 1395 0
765 1343 879 1395 sortem
907 1333 1059 1395 ecclesias

133 1417 323 1493 hodiernam,
347 1417 671 1497 sanguineislacrimis
684 1416 819 1497 dignam,
841 1415 895 1476 sed
917 1416 987 1494 quis
1009 1432 1060 1497 gau

135 1500 226 1560 mitus
248 1508 370 1561 nostros
393 1499 498 1560 audit?
520 1501 587 1579 quis
609 1500 767 1580 plorantes
788 1498 927 1561 solatur?
948 1499 1061 1561 tuasn-

132 1582 236 1644 rabilis
258 1588 305 1644 est
325 1583 409 1644 furor
429 1582 554 1644 Domini
577 1602 669 1663 super
690 1603 758 1646 nos.

86 1718 89 1723 .
216 1665 342 1727 Addunt
362 1666 454 1726 iidem
476 1665 626 1743 homines,
650 1673 767 1727 ntsunt
788 1664 955 1727 admodum
966 1664 1060 1727 taem

132 1755 164 1810 at
185 1769 313 1827 suaves,
347 1749 502 1829 quoddam
525 1748 701 1827 ridiculum,
734 1769 795 1828 quo
824 1768 880 1829 pro
911 1768 969 1810 sua
990 1766 1059 1829 pru·t

132 1832 235 1892 dantia
258 1839 430 1928 temperant
452 1833 533 1893 seria
555 1832 642 1895 ludo:
673 1832 840 1893 scribentes
867 1831 940 1892 mihi
968 1850 1005 1892 su

133 1917 252 1994 omnia,
287 1933 366 1995 quae
398 1916 429 1974 in
458 1935 507 1975 me
536 1916 730 1977 contulerunt
763 1917 915 1975 immensa
948 1914 1028 1976 stn

133 2000 224 2059 etiam
247 2006 399 2078 sumptum
430 2005 460 2058 ct
488 2001 649 2095 pecuniam
672 1999 709 2060 ad
732 2000 789 2059 iter
811 1997 985 2059 Romanum
1007 1978 1059 2061 obi

131 2082 248 2142 tulisse.
291 2080 416 2141 Scilicet
444 2100 526 2142 nova
555 2083 665 2142 caritas
687 2083 821 2156 Romae,
849 2099 930 2160 quae
952 2080 1059 2143 orba·

131 2164 274 2227 exhausit
295 2165 431 2244 pecuniis
459 2172 489 2225 et
510 2167 643 2226 vastavit
673 2164 834 2245 tyrannide
861 2183 917 2224 sua
950 2164 1056 2225 intola·

132 2246 230 2322 rabili,
251 2248 323 2307 mihi
347 2248 397 2306 uni
420 2249 581 2328 pecuniam
604 2248 714 2309 offert?
749 2249 872 2324 Verum,
894 2247 956 2308 hoc
976 2246 1059 2309 inell-

132 2338 195 2392 tum
219 2330 410 2390 mendacium
425 2333 490 2393 scio
513 2332 598 2392 cuius
621 2331 697 2391 labri
720 2333 768 2408 sit,
790 2328 1060 2393 etiamnunc-rili

133 2413 171 2476 ad
185 2414 345 2475 mendacia
357 2415 571 2494 componenda
593 2422 683 2475 natus
706 2423 736 2475 et
757 2414 914 2491 formatus,
937 2413 1059 2475 tonat·

132 2497 287 2578 legatione
310 2516 365 2557 sua
387 2497 570 2578 felicissima,
593 2498 950 2575 nuncRomaesecurus,
972 2495 1058 2579 fingit

134 2582 204 2641 mihi
227 2601 285 2662 per.
301 2600 336 2641 se
358 2581 540 2660 promissam
563 2601 630 2642 asse
653 2582 831 2661 pecuniam,
858 2599 926 2640 eum
951 2580 1058 2661 Augu·

132 2672 199 2725 stae
221 2674 282 2725 tam
306 2663 429 2725 sordida
450 2664 616 2744 infamique
638 2670 744 2742 ageret
767 2665 910 2743 penuria,
939 2670 974 2724 nt
993 2678 1054 2725 ma·

133 2747 417 2809 deretur-familiam
442 2766 528 2807 suam
552 2748 631 2808 fame
649 2749 814 2808 occisurus.
858 2745 920 2808 Sed
943 2745 1058 2809 bullon

133 2830 314 2891 denotasse
338 2829 468 2908 bullam,
494 2837 524 2891 et
548 2833 674 2891 veritate
701 2837 731 2890 et
752 2831 903 2910 sapientia
924 2831 1058 2893 inanem

133 2914 173 2974 tot
206 2912 434 2974 damnatoribus
463 2914 529 2973 istis
554 2916 602 2973 ius
632 2922 678 2975 est
708 2914 796 2974 nohis
829 2912 1005 2989 mandare,
1024 2916 1058 2975 at

133 3016 202 3057 esse
224 3015 349 3057 veraces
371 3013 426 3058 eos
448 2997 617 3072 credamus,
642 2998 712 3056 dum
736 2998 931 3074 mentiuntur,
954 3004 986 3057 et
1005 3012 1060 3057 aa*

132 3080 273 3157 tholicos,
297 3079 367 3139 dum
390 3080 545 3140 haeretica
566 3079 688 3157 docent,
710 3089 741 3139 et
762 3079 963 3160 Christianos,
985 3078 1059 3141 dum*

132 3164 341 3224 antichristum
363 3171 510 3242 statuunt,
533 3183 586 3235 per
607 3163 679 3223 illud
695 3162 917 3222 distributivum
940 3163 1059 3225 unire·-

132 3246 210 3309 sale:
234 3245 447 3325 Quodcunque
470 3247 621 3344 ligaveris,
645 3245 704 3321 ubi,
727 3245 1060 3343 cumnihilexqeptul

133 3331 180 3407 sit,
203 3331 306 3390 omnia
328 3349 382 3409 per
405 3331 507 3390 omnia
536 3319 579 3390 ais
607 3329 714 3404 licent,
742 3336 772 3388 at
801 3348 861 3389 uon
891 3328 994 3409 potins
1015 3346 1054 3391 οι

132 3412 257 3474 diaholo
280 3414 486 3492 conceperint,
508 3414 558 3491 qui
581 3431 642 3473 non
665 3373 765 3473 solum
785 3412 971 3472 mentiuntur
991 3428 1055 3473 m·

132 3496 255 3573 nifasts,
295 3494 348 3555 sed
387 3494 469 3575 quod
512 3515 633 3556 omnem
670 3494 888 3573 impudentiam
921 3499 1056 3592 apparat,

132 3578 293 3639 mendacio
316 3577 425 3638 eodem
449 3597 518 3638 sesa
540 3578 578 3639 ad
595 3577 735 3659 plausum
752 3577 952 3658 popularem
943 3597 974 3638 ru
997 3576 1055 3649 nri

75 3730 77 3736 ,
130 3663 275 3723 invidiam
297 3667 423 3743 ornant,
453 3669 483 3723 et
505 3665 662 3722 caritatem
685 3680 753 3721 sese
776 3661 847 3720 mihi
870 3659 1063 3739 exhibuisset

131 3744 259 3807 altero
250 3763 312 3807 ram
336 3708 497 3807 mendacio
513 3743 641 3826 tingunt,
664 3763 745 3826 cum,
766 3745 792 3804 si
814 3743 886 3823 quid
907 3744 1064 3827 vertum,-
