2392 4170
230 254 383 310 axiomata
402 255 430 308 D.
448 254 527 308 Erss.
546 254 624 308 Rota.
646 260 693 308 etc.
713 268 788 307 anno
808 253 885 312 1520.
957 251 1019 318 239

91 410 201 490 quinto
223 429 264 470 m.
286 408 483 486 Novembris3
514 405 750 469 Seclrendorflus
775 406 794 472 l.
817 408 836 469 l.
865 407 943 469 falso
965 427 1020 470 no-

92 493 190 553 minat
212 491 291 552 diem
315 492 451 572 quintum
477 512 514 551 rn.
536 490 732 568 Decembris,
754 510 824 551 nam
847 492 896 550 dic
913 491 962 555 18.
979 510 1017 552 m.

90 575 172 637 Nov.
206 575 329 636 Elector
360 577 421 634 iam
454 574 639 654 Honbergae
682 576 713 633 in
743 573 910 635 Hassorunr
943 593 1017 655 agro

91 658 271 718 versabatur
306 663 350 733 [v.
380 657 509 740 infra]),
544 658 703 738 spalatino
727 665 889 736 praesente
918 659 1017 736 primo

90 741 325 802 cunctabundus
347 759 528 820 responsum
553 741 682 818 distulit,
710 741 802 819 paulo
825 750 926 800 autern
949 747 1020 821 post

91 826 172 885 baec
183 824 303 900 locutus
314 831 374 887 est:
392 823 560 899 „Lutlrerus
572 823 712 902 peccavit
723 824 752 882 in
766 823 894 901 duobus,
908 842 1020 904 nempe

90 907 176 987 quod
200 907 298 988 tetigit
319 925 466 967 coronam
480 905 634 967 Pontificis
657 915 688 967 et
712 914 831 967 ventres
854 905 1020 968 monacho·

90 993 192 1052 rum.“
236 991 314 1050 Eum
337 997 399 1050 tam
423 988 501 1049 bene
524 997 585 1049 turn
610 989 648 1049 de
670 988 792 1049 Lutheri
814 989 954 1050 doctrina
974 990 1019 1050 iu·

91 1073 213 1134 dicasse
225 1073 315 1133 refert
323 1072 498 1152 Spalatinus
512 1070 1019 1149 (cl.Seclrend.Hist.Luth.ibid.),
1088 1144 1089 1147 Ἴ

90 1163 141 1232 ut,
175 1175 243 1216 cum
265 1156 441 1235 Spalatinus
465 1175 533 1214 euru
564 1155 602 1215 ab
627 1155 767 1214 illectura
800 1155 963 1216 abeuntem
986 1157 1016 1215 in

91 1238 187 1301 aedes
209 1239 332 1299 Henrici
347 1238 474 1299 Comitis
496 1237 650 1313 Nuenarii,
676 1237 843 1319 Praepositi
857 1238 1019 1299 Colonien·

92 1324 146 1401 sis,
169 1321 344 1399 deduceret,
366 1321 416 1380 ille
430 1323 531 1381 statim
545 1320 707 1381 considens
731 1321 938 1382 Axiomata
953 1342 1019 1402 sua,

91 1413 126 1466 ut
149 1405 292 1483 vocabat,
315 1423 370 1484 pro
393 1422 486 1464 causa
509 1402 630 1464 Lutheri
652 1405 867 1484 conscripserit
890 1412 919 1465 et
942 1403 1018 1485 Spa-

91 1489 189 1549 latino
213 1486 379 1549 tradiderit.
423 1487 498 1547 Mox
510 1486 632 1566 quidem
654 1489 768 1567 scripto
791 1488 933 1567 epistolio
946 1487 1020 1568 Spa·

91 1573 219 1631 latinum
242 1573 380 1651 impense
402 1571 533 1649 rogavit,
557 1577 589 1630 ut
611 1589 647 1630 ea
669 1571 726 1630 sibi
748 1570 957 1649 redderentur,
979 1590 1018 1630 ne

91 1653 175 1734 apud
198 1653 385 1714 Alcandrurn
407 1652 505 1713 fraudi
528 1653 585 1712 sibi
610 1663 722 1730 essent,
745 1653 798 1714 sed
827 1656 888 1715 iarn
914 1673 1018 1715 mense

94 1737 261 1798 Februario
284 1757 312 1798 a.
326 1741 404 1800 1521
429 1736 506 1796 baec
519 1736 685 1796 Axiornata
701 1756 761 1796 una
775 1756 843 1797 curn
857 1737 1019 1817 Respouso

91 1818 1021 1899 Friderici,quodilleLegatisPontiticiisdeditinscioiuvito·

91 1922 154 1983 que
165 1902 296 1963 Luthero
309 1902 429 1982 Lipsiae
441 1903 521 1982 typis
533 1920 649 1962 excusa
661 1923 739 1982 esse,
762 1911 890 1984 apparet
903 1923 942 1964 ex
959 1904 1019 1982 epi·

91 1986 190 2064 stola,
221 1987 251 2045 in
274 2004 334 2065 que
356 1985 502 2046 Lutherus
526 1985 574 2044 die
603 1988 650 2048 27.
677 2007 713 2044 m.
737 1985 891 2047 Februarii
915 1986 1018 2067 Spala·

92 2071 159 2130 tino
191 2069 269 2129 haec
300 2069 418 2129 scribit:
454 2068 545 2151 „Non
577 2071 675 2129 minus
709 2088 766 2130 nos
796 2070 875 2130 male
905 2070 1020 2131 habent

92 2170 211 2213 excuss
233 2153 443 2213 Axiornata
469 2151 521 2211 ille
544 2151 663 2212 Erasmi
697 2160 727 2212 et
748 2153 897 2234 Principis
924 2155 1020 2214 nostri

93 2233 257 2315 Responsa
278 2235 416 2317 Lipsiae,
450 2244 480 2295 et
508 2236 627 2310 nescio,
657 2235 707 2296 ubi
730 2237 789 2296 ista
811 2244 917 2297 curata
939 2246 1021 2316 sunt,

91 2319 305 2399 ignorantibus
339 2318 427 2378 nobis
463 2326 555 2398 atque
588 2319 667 2379 adeo
704 2319 897 2396 mirantibus,
939 2320 1020 2381 unde

92 2403 284 2482 exemplaria
306 2402 482 2463 habuerint:
505 2410 609 2462 nostra
631 2421 726 2481 penes
749 2423 805 2463 nos
823 2412 903 2465 sunt.
940 2403 1020 2464 Nihil

91 2496 139 2546 est
163 2505 247 2565 ergo,
272 2489 354 2565 quod
377 2503 434 2546 nos
455 2485 486 2545 in
509 2484 568 2555 hac
589 2505 622 2544 re
642 2503 780 2565 accuses,
803 2487 1020 2548 molestissime

91 2570 227 2630 ferentes
250 2588 302 2629 aas
325 2567 491 2647 editiones,
521 2587 601 2647 quse
626 2575 657 2628 et
684 2571 773 2629 nobis
802 2580 883 2630 metu
907 2577 938 2631 et
959 2573 1021 2631 iac·

91 2653 189 2713 tantia
223 2660 383 2733 suspectos
416 2652 551 2712 iaciuut“
585 2651 641 2726 (cf.
672 2651 760 2713 Luth.
796 2654 873 2733 Epp.
909 2653 957 2717 ed.
982 2653 1020 2714 de

94 2737 198 2797 Wette
220 2735 242 2812 l,
265 2754 295 2815 p.
318 2737 389 2814 562,
413 2736 461 2795 ed.
484 2734 579 2797 Auris.
602 2734 624 2809 l,
648 2756 675 2814 p.
699 2736 790 2816 307).
966 2746 969 2754 '

177 2818 638 2879 InveniunturetAxionrata
661 2820 839 2880 etBrevis
863 2837 1021 2879 comme·

94 2903 261 2964 moratio
284 2921 410 2963 rerum
432 2902 624 2962 Coloniae
646 2903 683 2961 in
715 2921 835 2963 causa
856 2902 1020 2964 Lutheri

93 3008 120 3050 a.
147 2987 228 3050 1520
250 2993 411 3066 gestaru
472 2987 501 3044 in
526 2985 613 3064 libro,
635 2986 686 3064 qui
700 3005 758 3046 nec
779 2987 849 3047 loco
865 3004 1019 3047 nacanno

80 3069 229 3131 'indicato
252 3068 308 3129 sub
330 3068 392 3130 hoc
434 3068 497 3129 tulo
520 3068 647 3149 prodiit:

135 3151 290 3214 Contenta
311 3153 342 3212 in
370 3152 429 3213 hoo
449 3158 454 3232 Ι
472 3153 622 3231 opusculo
642 3155 646 3233 1
667 3153 833 3213 Axiomata
846 3152 940 3213 Erae:
962 3152 1020 3214 Ro.

136 3254 192 3315 pro
215 3253 309 3296 causa
328 3237 332 3315 Ι
351 3235 473 3296 Martini
494 3236 626 3297 Lutheri.
646 3241 650 3310 1
670 3234 833 3296 Fridericbi
852 3235 917 3296 Du:
941 3235 1019 3298 Sex:

136 3319 286 3379 Electorie
307 3322 311 3395 l
331 3317 433 3378 datum
463 3319 657 3398 Responsum
684 3319 792 3398 legatis
815 3337 892 3398 pon:
915 3319 978 3378 Ro:
998 3318 1003 3398 Ι

138 3399 282 3462 Eiusdem
295 3402 393 3461 littere
417 3403 508 3462 misse
520 3403 631 3462 Docto.
655 3403 696 3462 Pe
715 3411 720 3478 Ι
739 3410 786 3462 tro
799 3402 923 3463 Rectori
935 3402 1019 3462 Vuit·

136 3483 303 3565 tenbergen
333 3482 356 3566 ll
389 3484 444 3544 Per
467 3484 631 3545 Henricum
658 3487 790 3564 priorem
822 3484 1020 3547 Gundensem

136 3586 210 3648 quo·
229 3570 233 3648 Ι
252 3568 381 3628 tundam
404 3587 471 3647 sup.
485 3569 558 3631 Mar.
573 3568 816 3631 collataiuditia.
835 3572 839 3648 Ι
859 3568 1020 3631 Oecolanr·

135 3651 219 3731 padii
238 3652 394 3713 iudicium.
415 3655 419 3726 l
440 3651 555 3732 Viginti
578 3651 724 3712 nobilium
748 3653 891 3713 iuvenum
910 3652 979 3712 Em·
998 3655 1003 3731 1

137 3753 207 3797 sero
227 3735 375 3797 indictum
399 3733 520 3797 belluni.
541 3741 545 3812 l
565 3738 584 3800 8
604 3734 656 3798 iol.
669 3736 757 3798 form.
772 3744 869 3817 quart.
909 3737 941 3796 lu
959 3733 1021 3796 fine
