2392 4170
414 280 467 336 fide
485 283 577 336 inlusa
595 287 623 335 et
641 282 782 352 acquisito.
999 278 1062 346 277

137 443 183 498 tar
204 437 262 496 sic:
299 434 378 512 Quia
406 435 485 496 velle
513 435 655 498 occidere
682 444 730 496 est
757 437 857 496 minus
886 442 1061 516 padomum,

139 539 231 598 quam
255 537 317 579 non
340 519 480 594 credere,
510 538 577 580 cum
601 520 716 580 occisio
739 520 777 578 sit
799 525 908 581 contra
924 521 1061 599 quintum

137 608 345 683 praeceptum,
369 601 423 661 sed
435 602 630 663 incredulitas
653 611 760 663 contra
772 604 901 682 primum
925 610 955 662 et
967 604 1064 667 mcxi·

137 705 236 763 mnur3
259 684 325 759 sed,
347 686 425 744 sieut
447 685 559 745 dictum
583 692 639 760 est,
661 687 690 746 in
714 692 907 747 sacramento
930 686 1063 764 loquitur

136 775 165 829 et
198 775 343 848 operatur
371 768 454 828 Deus
489 768 526 829 ad
560 767 731 844 hominem,
764 769 836 847 quia
865 769 915 848 qui
947 770 975 829 ei
998 789 1060 830 non

136 851 249 930 credit,
278 851 412 912 maxime
442 852 556 911 resistit
576 859 606 910 et
628 851 746 912 obicem
775 852 862 930 ponit
884 853 1060 915 maximum.

137 935 251 1014 Atqui
283 934 412 995 infusam
434 933 525 994 fldem
555 934 748 1012 nonhabet,
778 952 838 994 uon
863 934 959 994 eredit
980 935 1061 1012 Deo,

137 1035 212 1099 ergo
231 1017 370 1087 ‚maxime
391 1026 501 1097 peccat
528 1024 559 1076 et
582 1035 643 1077 non
673 1017 772 1078 solum
794 1017 823 1075 in
846 1017 929 1078 malo
950 1036 1061 1098 propo·

136 1102 195 1161 sito
217 1106 281 1174 est,
303 1100 356 1160 sed
381 1100 462 1160 etin
486 1106 556 1160 actu
584 1101 650 1180 ipse
679 1101 813 1180 pessimo
842 1099 1062 1161 incredulitatis

136 1192 275 1246 uersatur
297 1191 355 1244 etc.

442 1332 562 1395 Octava
584 1331 762 1395 Conclusio.

219 1466 341 1527 Homo
382 1475 491 1528 extre
534 1466 648 1527 fidem
693 1465 858 1526 infusam
904 1466 1060 1546 positus

136 1551 370 1629 necessario
404 1560 440 1610 et
468 1568 619 1630 semper
648 1547 765 1610 habet
792 1546 944 1609 obicem
974 1567 1060 1628 gra·

136 1633 225 1696 tiae.
270 1631 359 1692 Patet
386 1654 424 1693 ex
447 1633 625 1713 praedictis:
650 1631 729 1708 Quis
757 1650 835 1704 uon
848 1624 973 1691 credere
993 1631 1060 1692 Deo

135 1721 183 1774 est
204 1716 373 1775 maximum
395 1722 574 1812 peccalum,
609 1717 639 1774 in
673 1733 734 1794 qno
764 1721 810 1775 est
839 1715 939 1774 omnis
966 1707 1060 1775 borno

136 1798 203 1857 sine
230 1795 291 1875 flde
324 1800 442 1877 gratiae
471 1799 558 1878 quasi
586 1796 729 1857 mendax.
784 1795 873 1858 Unde
896 1795 1061 1877 Esaiae?

133 1899 201 1942 cnm
223 1899 279 1940 rex
301 1881 405 1942 Achas
429 1882 523 1942 noluit
547 1882 666 1959 siguum
690 1888 810 1960 petere,
840 1878 915 1938 dixit
937 1843 1061 1941 Esaiae:

132 1961 245 2024 Audite
267 1983 342 2044 ergo
364 1963 474 2025 domus
493 1962 601 2042 David,
626 1962 761 2059 nunquid
784 1981 890 2042 parum
915 1969 961 2022 est
974 1949 1060 2022 vobis

132 2064 201 2106 esse
222 2045 371 2108 molestos
393 2045 582 2124 hominibus,
607 2047 678 2124 quia
702 2046 822 2106 molesti
845 2045 918 2105 estis
940 2051 971 2104 et
991 2044 1059 2105 Deo

134 2147 220 2205 mec,
250 2129 332 2207 quod
356 2131 453 2209 magis
476 2138 538 2209 est,
573 2148 663 2207 quam
686 2145 755 2188 esse
779 2127 941 2188 molestum
963 2127 1060 2188 homi·

134 2210 234 2272 nibus.

452 2361 544 2423 Nona
565 2361 741 2423 Conclusio.

216 2493 291 2570 Qui
315 2495 376 2555 vel
401 2515 473 2556 non
496 2496 668 2557 tollendi
699 2496 759 2557 vel
791 2515 864 2558 non
887 2494 1059 2575 ponendi

134 2578 289 2639 obicem
317 2577 464 2639 homini
496 2579 588 2638 dent
615 2588 876 2658 potestatem,
905 2576 1058 2639 obicem

134 2679 242 2721 snum
273 2678 346 2721 non
375 2661 620 2740 intelligunt.
637 2684 639 2688 ·
664 2660 740 2721 Sunt
762 2663 842 2721 enirn
869 2661 920 2739 qui
946 2658 1061 2736 dicunt,

133 2744 207 2806 salis
221 2761 363 2806 essenon
380 2763 496 2823 ponere
507 2745 667 2818 obicem,
658 2763 678 2803 1.
691 2763 717 2805 e.
730 2763 792 2804 non
805 2743 936 2803 formare
950 2758 1060 2819 propo-

133 2827 223 2887 situm
236 2824 351 2885 malum
372 2828 502 2907 peccati,
525 2826 789 2886 ethochominem
815 2825 892 2886 bene
906 2841 999 2904 posse
1021 2842 1060 2882 ex

134 2910 230 2969 libero
254 2908 395 2984 arbitri03
420 2909 474 2968 alii
506 2927 628 2988 quoqne
658 2910 755 2988 magis
778 2908 892 2969 audent
913 2906 1061 2977 dicentes

133 2991 216 3071 quod
240 2990 349 3068 homo,
380 2992 498 3053 etiamsi
521 2993 611 3052 sitm
648 2991 730 3052 malo
757 2991 934 3072 proposito,
963 2989 1062 3068 possit

134 3074 206 3134 illud
231 3073 357 3146 tollere
386 3081 416 3134 et
437 3074 537 3134 fecere
565 3084 681 3135 utnon
704 3076 759 3149 sit
790 3073 837 3133 vel
857 3071 969 3142 bonum
992 3090 1061 3150 pro-

138 3159 273 3238 positum
296 3119 429 3217 fordrare
450 3176 488 3216 ex
511 3157 618 3217 eadem
643 3156 782 3217 libertate
810 3153 945 3216 arbitrii·
976 3153 1062 3213 Haec

134 3249 241 3301 autem
275 3241 379 3300 omnis
411 3240 591 3318 impiissima
622 3247 693 3299 sunt
723 3248 754 3299 et
784 3239 953 3308 haeretica,
990 3238 1061 3314 quia

135 3321 237 3384 Galat.
262 3326 295 3385 5:
326 3322 405 3382 Caro
437 3323 626 3403 concupiscit
655 3323 802 3382 adversus
835 3321 971 3400 spiritum
1001 3328 1060 3380 etc.

135 3416 252 3466 utnon
276 3424 331 3475 ea,
342 3423 438 3482 quae
467 3405 573 3475 vultis
582 3447 584 3453 -
603 3404 729 3465 l.aciatis
774 3403 805 3465 si
835 3421 910 3482 ergo
938 3403 1061 3481 spiritns

135 3506 197 3548 non
221 3488 320 3582 possit
342 3505 465 3547 carnem
482 3488 643 3566 carnisque
656 3487 924 3584 cowncupiscentias
944 3484 1060 3555 sedare

135 3579 252 3667 quanto
277 3570 375 3628 minus
397 3568 464 3640 ille
490 3571 540 3647 qui
564 3570 629 3629 sine
651 3570 757 3649 spiritu
781 3576 842 3643 est
874 3567 925 3647 qui
947 3568 1062 3644 rapitur

134 3655 164 3712 vi
188 3653 458 3731 concupiscentiae
492 3663 522 3711 et
552 3651 632 3711 mali.
685 3650 745 3713 Sed
775 3670 859 3711 error
888 3650 1007 3711 illorum
1031 3654 1063 3708 et

134 3736 320 3817 ignorantia,
343 3734 425 3816 quod
449 3753 508 3797 non
533 3736 633 3796 sciunt
650 3743 738 3797 extre
758 3732 978 3814 fldemgratiae
992 3749 1061 3795 esse
