2392 4170
117 237 162 306 tu
351 240 496 311 Apsum
513 239 633 310 rumpat
651 236 817 297 M

116 410 208 465 natos
229 403 396 463 ardctrlos?
437 404 501 463 lam
536 422 606 462 cum
628 404 748 462 articuli
773 403 845 464 lidei
874 404 950 463 nulli
971 406 1044 481 siut,

116 488 177 549 nisi
199 505 279 567 quos
300 488 561 568 praescripserunt
582 505 689 546 sacrae
702 487 819 563 literae,
841 506 897 547 cur
916 490 1043 568 impin

119 584 181 648 est,
214 570 264 631 vel
292 589 313 630 a
332 570 488 643 conciliis,
519 571 568 629 rel
595 571 634 629 ab
657 569 931 650 Universitatibus,
952 572 1003 631 rel
1024 593 1043 632 a

119 652 152 718 S.
173 653 314 714 Patribus
334 654 505 729 dissentire,
527 653 650 713 modos
666 653 823 733 Scriptura
843 673 907 713 nou
923 654 1043 715 dissen-

118 738 240 797 licmus.
298 740 339 797 At
376 756 438 796 uon
468 739 609 796 dissentit
640 756 659 795 a
693 736 850 816 Scriptura
880 737 1042 811 hithems,

117 822 210 882 fflum
233 832 337 883 vestro
350 821 475 897 iudicio,
496 839 551 879 cur
571 822 840 900 igiturimpietatis
860 826 1044 882 accusatur?

202 908 244 965 At
263 904 405 966 dissentit
425 904 632 983 sScripturse
643 907 851 983 expositione,
873 923 953 984 quae
974 907 1045 967 bac

119 994 209 1048 tenus
232 1008 287 1068 per
307 986 424 1063 Patres,
445 1006 500 1067 per
517 985 668 1062 Concilio,
689 1006 745 1066 per
765 986 897 1048 Scbolas
919 1000 1044 1070 recepta

119 1080 177 1133 cst.
212 1071 300 1131 llaec
319 1084 377 1149 est,
398 1084 433 1129 ut
452 1069 554 1151 video,
576 1070 805 1130 coutroversiae
827 1090 958 1132 summa.
986 1073 1045 1134 Hic

121 1173 192 1235 cgc,
215 1156 353 1234 Magistri
386 1156 501 1226 nostri,
535 1157 710 1232 interrogo,
738 1157 821 1213 itane
853 1158 893 1213 sit
922 1156 1043 1235 prodita

118 1237 294 1318 Scriptura,
323 1248 358 1297 ut
385 1240 452 1296 sine
474 1237 699 1313 Conciliorum,
721 1238 868 1313 Patrum,
887 1257 926 1298 ac
946 1239 1044 1301 Sebo-

118 1322 217 1382 larum
240 1321 438 1402 expositione
460 1334 542 1379 certa
566 1322 796 1380 eiussententia
818 1320 922 1401 colligi
945 1325 1044 1401 possit

119 1424 160 1465 an
181 1405 265 1466 uon?
287 1404 378 1480 Quod
400 1407 425 1463 si
448 1405 615 1482 negabitis,
638 1416 753 1463 certam
775 1424 831 1483 per
850 1423 922 1465 sese
942 1406 1045 1487 Scrip-

117 1496 208 1549 turac
229 1491 413 1549 sententiam
435 1506 506 1547 esse
529 1489 594 1546 siue
616 1489 745 1566 glossis,
767 1506 829 1547 non
850 1489 963 1565 rideo,
990 1508 1044 1551 cur

119 1573 292 1653 oportuerit
312 1572 363 1631 edi
383 1570 582 1650 Scripturam,
604 1574 629 1629 si
652 1571 749 1631 noluit
766 1569 899 1651 Spiritus
918 1584 1044 1632 sauctus

118 1658 204 1717 certo
232 1664 399 1731 constare,
430 1651 504 1732 quid
540 1672 598 1713 uos
618 1657 732 1714 sentire
764 1654 867 1714 vellet.
907 1657 971 1715 Aut
992 1675 1046 1716 cur

119 1741 246 1801 omuino
269 1758 327 1799 nos
349 1736 388 1798 ad
406 1736 581 1817 Scripturas
603 1737 735 1797 studium
750 1739 881 1798 invitant
899 1741 1045 1821 apostoli,

120 1824 286 1884 siiucerta
312 1829 361 1882 est
387 1821 453 1882 eius
481 1821 654 1881 sententia?
697 1821 777 1896 Quid
805 1821 888 1900 quod
916 1832 1044 1884 eatenus

119 1904 177 1967 sili
204 1905 288 1968 credi
315 1905 422 1966 Patres
455 1905 579 1984 volunt,
611 1916 761 1984 quatenus
788 1926 842 1985 per
867 1909 1044 1967 testimonia

110 1988 296 2071 ‘Scripturas
328 2008 384 2048 sua
413 1989 679 2049 communierunt?
726 1989 806 2064 Quid
837 1989 919 2068 quod
949 1993 1042 2051 etiam

120 2080 224 2134 vetera
246 2072 387 2133 Concilis
412 2075 481 2132 sinc
501 2072 658 2153 Scriptura
685 2073 758 2133 nihil
780 2070 993 2149 decreverunt,
1014 2084 1044 2135 et

118 2157 178 2217 hac
199 2159 320 2216 ratione
339 2157 419 2216 iuter
438 2155 577 2216 Concilio
597 2177 670 2216 vera
692 2170 724 2217 et
744 2157 822 2218 salsa
835 2156 1043 2238 discernimus,

119 2242 202 2320 quod
225 2240 303 2299 haec
324 2258 393 2299 cum
415 2237 573 2319 Scriptura
594 2241 736 2301 evidente
760 2244 967 2315 consentiunt,
990 2242 1042 2302 illa

25 2344 31 2354 ·
119 2342 140 2384 s
160 2323 318 2403 Scriptura
339 2324 531 2386 dissentiunt.

204 2406 334 2467 Proinde
360 2408 471 2468 dabitis
500 2409 592 2483 milri,
624 2416 738 2467 certam
769 2427 838 2466 esse
867 2406 1043 2489 Scripturae

119 2492 303 2551 sententiam
319 2510 357 2550 ac
376 2493 580 2573 perspicuam,
601 2493 642 2550 ita
666 2501 697 2551 ut
711 2495 788 2571 ipsa,
811 2494 835 2550 si
850 2497 917 2571 quis
932 2492 1044 2554 alicubi

119 2574 206 2635 locus
243 2583 290 2634 est
322 2576 500 2651 obscurior,
539 2595 608 2634 sese
630 2587 783 2655 exponat,
813 2579 990 2655 praesertim
1012 2579 1042 2637 in

119 2660 175 2736 iis,
209 2676 288 2737 quac
323 2662 394 2719 sciri
432 2659 577 2737 credique
615 2659 713 2718 voluit
746 2670 870 2718 sanetus
904 2660 1042 2740 Spiritus.

121 2743 225 2802 Voluit
246 2750 348 2802 aulem
370 2742 452 2803 haud
474 2741 567 2802 dubie
584 2742 696 2820 Legem
716 2745 873 2821 cognosci,
896 2756 928 2802 ut
951 2762 1042 2821 quam

118 2824 245 2888 iubebat
265 2828 357 2886 etiam
379 2827 501 2888 aedium
525 2825 681 2886 vestibulis
704 2826 836 2905 inscribi,
860 2838 891 2885 et
912 2827 1042 2907 insculpi

118 2912 249 2970 restium
271 2908 407 2974 fimbriis.
452 2910 556 2969 Voluit
578 2912 650 2970 item
673 2911 821 2990 cognosci
831 2910 1043 2989 Evangelium,

119 2993 181 3053 hoc
208 3000 270 3072 est,
298 2995 446 3054 rationem
476 2994 610 3053 iustitiae
637 2992 771 3053 donatae
798 3011 853 3072 per
881 2993 1042 3057 Christum.

119 3075 197 3138 Nam
221 3096 289 3136 cum
311 3077 422 3138 debeat
444 3096 513 3137 esse
534 3088 621 3157 petra
643 3076 767 3137 verbum
791 3077 867 3151 Ilei,
897 3080 945 3137 cui
968 3079 1044 3138 inui-

121 3167 201 3221 tatur
224 3163 335 3241 anima,
359 3163 559 3240 quaesoquid
581 3161 752 3221 sentiatde
775 3179 824 3238 eo,
847 3161 904 3220 nisi
927 3172 1043 3221 certum

119 3246 169 3321 sit,
186 3262 264 3323 quae
288 3247 327 3305 sit
339 3247 492 3304 sententia
500 3245 623 3324 spiritus
637 3245 704 3306 Dei.
740 3244 804 3305 lam
819 3263 888 3303 cum
908 3255 993 3304 certa
1004 3246 1042 3305 sit

120 3326 296 3408 Scripturas
324 3330 476 3388 sententia
498 3349 553 3408 per
575 3348 658 3403 sese,
690 3328 782 3388 debet
808 3328 953 3406 praeferri
980 3345 1042 3388 non

120 3414 214 3472 modo
229 3410 349 3471 Scholia
371 3422 424 3470 aut
437 3411 587 3490 Patribus,
609 3412 663 3471 sed
676 3420 707 3471 et
719 3412 864 3472 Consiliis
888 3412 1042 3472 diversum

121 3494 334 3575 sentientibus,
357 3495 510 3574 Apostolo
533 3495 571 3554 ad
589 3495 869 3556 Calatasauotore:
894 3495 925 3555 Si
947 3514 1042 3576 ange·

118 3576 166 3640 lus
188 3579 227 3639 da
242 3578 331 3637 coelo
343 3579 545 3659 evangelizet,
559 3588 773 3659 praeterquam
787 3575 873 3658 quod
885 3578 1041 3659 evangeli·-

119 3665 257 3725 zavimus
280 3662 379 3744 vobis,
402 3665 565 3723 anathema
587 3665 634 3726 sil.
667 3664 771 3723 Liceat
792 3664 884 3743 igitur
905 3660 1042 3724 Luthero

121 3764 283 3835 opponere
322 3758 436 3811 certam
472 3752 639 3833 scripturae
672 3751 855 3811 seutentiam
885 3746 1041 3829 Consiliis,
