2392 4170
142 1076 284 1170 Breve
308 1068 581 1167 sanctissimi
607 1054 777 1164 Domini
804 1067 959 1178 nostri,
990 1069 1066 1163 De

142 1189 248 1286 mini
283 1183 470 1282 Adriani
498 1182 650 1280 divina
677 1181 956 1314 providentia
989 1182 1067 1277 Pa·

141 1330 224 1426 poe
252 1301 310 1396 Vl
338 1301 394 1394 ad
431 1297 700 1395 Friderieum
743 1298 958 1392 Saxomae
999 1298 1068 1391 do·
1183 1380 1186 1413 ,

258 1441 347 1512 cem
376 1415 513 1510 adver
541 1439 616 1507 sos
645 1411 947 1526 Lothernm*).

424 1599 516 1661 Anno
540 1599 579 1661 M.
602 1599 640 1662 D.
664 1594 787 1661 XXIII.¹

503 1832 712 1840 ——--—

229 1985 338 2046 Dileeti
360 1984 419 2066 fiii,
442 1983 571 2045 salutem
595 1989 626 2043 et
647 1981 850 2064 apostolicam
879 1981 1068 2046 benedictio·
1154 1986 1158 1999 ’

26 2126 31 2135 r
146 2087 227 2134 nem.
272 2065 355 2130 Satis
377 2075 408 2128 et
429 2067 497 2148 plns
512 2083 603 2146 qnam
626 2067 701 2127 satis
724 2067 932 2143 sustinuimus,
956 2066 1068 2128 dilecte

144 2154 175 2214 in
199 2152 342 2225 Christo,
376 2151 401 2209 si
424 2151 503 2211 forte
527 2150 581 2209 Dei
603 2149 702 2229 pietas
732 2156 814 2210 tuam
843 2151 980 2210 enimam
1006 2151 1066 2231 dig-

145 2242 235 2296 netur
256 2235 386 2295 iuvisere
418 2252 456 2293 ae
478 2235 551 2293 dare
574 2233 794 2313 poenitentiam
816 2232 854 2292 ad
877 2251 1068 2314 cognoscen-

148 2318 218 2380 dam
243 2319 412 2395 veritatem,
436 2324 467 2377 ut
490 2317 685 2397 resipisceres
707 2335 724 2376 a
749 2315 861 2377 diaboii
886 2316 1027 2397 laqueis,
1050 2336 1068 2376 a

148 2420 209 2482 quo
233 2402 370 2482 captivus
392 2400 547 2464 detineris.

230 2483 381 2547 Novimus
409 2493 438 2543 te
460 2489 587 2563 paterne
620 2483 767 2543 monitum
798 2501 815 2541 a
844 2483 939 2543 felicis
969 2502 1068 2544 recor·

148 2567 280 2628 dationis
312 2566 553 2627 Praedecessore
582 2572 711 2642 nostro,
745 2571 777 2624 ut
804 2573 876 2625 ate
908 2585 1068 2646 separares

148 2652 313 2731 perniciem
336 2649 419 2709 iiiam
433 2648 624 2709 Christianae
646 2647 812 2728 religionis,
836 2650 999 2709 Martinum
1014 2649 1068 2710 Lu·

148 2734 276 2808 thorum,
299 2741 339 2810 et,
361 2752 430 2794 oum
450 2733 510 2792 iam
534 2733 590 2791 toti
604 2731 669 2790 orbi
682 2731 860 2793 manifestae
877 2742 984 2793 essent
1006 2751 1068 2793 sce-

148 2816 330 2877 lestissimae
353 2815 594 2875 machinationes
606 2814 697 2892 illius,
720 2817 909 2895 speravimus
932 2823 965 2877 et
987 2815 1068 2876 tead

148 2919 203 2960 cor
223 2901 385 2982 poenitens
408 2917 607 2959 reversurum.
651 2896 712 2958 Sed
735 2900 879 2976 quoniam
904 2908 1069 2979 exspecte-

148 2985 247 3044 vimus
277 3002 371 3060 uvas,
402 2988 432 3043 et
464 3001 536 3042 eece
564 2980 722 3041 labruscas
751 2988 808 3045 eto.
852 2981 931 3056 Quia
959 2983 1070 3044 frustra

26 3076 31 3081 ’
149 3065 295 3127 conflavit
326 3063 496 3140 conflator,
526 3064 660 3124 malitiae
694 3064 774 3125 euim
807 3072 877 3125 tuae
908 3084 971 3125 oon
1001 3076 1071 3127 sunt

148 3156 360 3228 consumptae,
383 3149 486 3228 coegit
508 3167 565 3208 nos
589 3147 744 3207 miseratio
767 3149 819 3225 tui,
842 3149 947 3228 coegit
971 3160 1069 3230 pater·

148 3251 205 3290 nus
228 3251 334 3310 amor,
358 3251 419 3311 quo
441 3239 472 3292 te
496 3240 527 3291 et
548 3231 600 3290 tibi
624 3230 763 3291 subditos
785 3231 926 3293 Saxones
954 3234 986 3293 in
1010 3232 1070 3293 Do·

147 3316 230 3374 mino
253 3334 375 3395 semper
389 3334 492 3375 sumus
510 3316 698 3394 prosequuti,
720 3315 903 3375 salutaribus
924 3323 955 3376 et
969 3324 1069 3397 pster-

147 3398 194 3456 nis
218 3399 340 3458 monitis
363 3397 661 3480 adhucconvertere,
685 3406 717 3458 ut
734 3399 783 3458 vel
805 3397 930 3460 tandem
965 3401 1071 3481 resipi-

220 3595 249 3663 1)
271 3595 375 3651 Textus
388 3596 522 3666 repetitus
533 3605 620 3656 estex
639 3602 682 3657 ed.
693 3601 763 3672 Opp.
780 3602 859 3658 Luth.
880 3603 937 3660 len.
949 3620 976 3661 a.
993 3610 1071 3677 1557,

146 3664 224 3723 Tem.
244 3667 278 3722 11.
297 3683 324 3737 p.
344 3670 405 3727 572.
