2392 4170
340 268 374 308 ex
392 251 548 311 Academia
567 253 759 325 Wittemberg.
955 252 1017 321 233

97 431 257 505 tantopere
287 445 465 487 moveamur
486 425 532 486 his
555 427 684 505 spectris
712 435 742 487 et
765 425 1017 487 terriculamentis

95 508 239 583 Satanae,
264 517 294 568 et
311 529 372 569 sno
390 512 517 588 quisque
540 511 609 570 loco
634 519 777 590 tunquam
804 512 832 569 in
856 511 923 570 acic
946 530 1017 570 con·
1065 586 1068 592 Δ

97 593 239 651 sistentes
264 593 329 653 Deo
353 592 603 653 commendemus
626 604 778 656 eventum
824 592 913 654 Certe
936 596 1015 654 enim

96 675 282 754 Scripturam
313 677 430 756 impleri
463 684 600 756 oportet,
628 695 707 755 quse
738 676 886 760 praedicit
925 678 1015 738 tutem

95 760 339 837 persecutionem
363 759 522 831 ecciesiae,
546 759 644 840 qualis
668 779 728 819 non
757 761 846 820 fuerit
867 760 906 820 ab
928 780 1017 821 exor·
1052 835 1054 839 Ι

98 842 148 901 dio
173 841 285 919 mundi,
309 843 412 902 Matth.
436 842 485 905 24
523 842 562 902 Ει
581 842 717 902 hristus
735 844 916 903 ducentenos
932 863 1017 924 prae

96 933 209 1003 monet,
232 927 386 1003 inquiens:
410 926 479 985 Non
504 928 571 984 veni
596 946 703 1006 pacem
728 927 856 1005 mittere,
879 927 932 986 sed
955 926 1019 1006 gic-

96 1008 188 1085 dium,
212 1008 367 1069 dissidium
396 1010 474 1069 inter
496 1017 612 1088 patrem
642 1017 671 1069 et
693 1008 803 1087 fliium,
833 1018 959 1071 niatrem
988 1018 1018 1071 et

94 1091 203 1174 tiliam,
228 1092 307 1151 adeo
331 1102 361 1151 ut
384 1092 461 1152 alius
484 1093 574 1152 alium
607 1093 688 1152 verbi
724 1095 774 1153 [tei
803 1112 895 1153 causa
924 1093 1017 1154 offen·

94 1195 182 1234 surus
205 1182 235 1234 et
257 1175 429 1235 deserturus
453 1177 502 1236 sit.
544 1176 622 1236 Nam
653 1177 702 1254 qni
727 1196 776 1236 me
806 1195 866 1236 nou
887 1177 1017 1254 piusdi·

95 1259 160 1337 tigit
189 1260 251 1334 (ait
271 1258 382 1318 ibidem
413 1259 567 1338 Christus)
604 1278 694 1338 quarn
723 1269 840 1339 patrem
868 1268 920 1320 aut
954 1280 1017 1322 mc-

96 1348 182 1416 trem,
206 1361 266 1402 nori
290 1354 335 1401 est
359 1363 407 1402 me
435 1340 554 1422 dignus,
577 1343 708 1402 hoct
661 1351 716 1421 est,
740 1343 791 1422 qui
809 1352 934 1422 propter
952 1363 1017 1404 ver·

94 1423 164 1483 bum
190 1425 280 1484 Dei
274 1446 302 1484 ιιι
326 1425 489 1484 discrimen
518 1424 627 1485 offerre
659 1424 777 1486 dubitat
821 1428 1018 1487 existimatio·

94 1528 173 1583 nem,
196 1528 307 1588 corpus
330 1516 360 1568 et
382 1509 488 1568 bona
486 1529 551 1585 sua,
576 1528 636 1569 non
660 1519 705 1569 est
729 1529 799 1569 vere
818 1509 1017 1579 Christianus

177 1589 338 1653 Postremo
367 1611 425 1652 uec
453 1557 620 1669 scandala,
650 1595 776 1670 siquae
809 1595 905 1671 pariet
928 1593 1017 1653 huius

94 1674 250 1734 doctrinae
274 1675 443 1754 professio,
467 1694 640 1755 quenquam
670 1675 844 1736 deterreant
875 1677 920 1736 vel
956 1678 1017 1736 inn-

94 1777 152 1835 gne
156 1758 277 1819 corant
331 1757 597 1854 Quemadmodum
634 1761 713 1818 enim
750 1757 855 1840 (iuxta
888 1760 1007 1841 Scriptu
1010 1795 1019 1804 ·

95 1842 176 1937 iarn)
203 1842 340 1902 Christus
365 1843 448 1901 venit
469 1843 499 1900 in
526 1841 669 1901 muudum
694 1851 723 1902 et
747 1843 878 1902 donatus
901 1851 947 1903 est
974 1845 1020 1940 iis,

95 1925 145 2002 qui
169 1925 197 1982 in
222 1927 320 2005 ipsum
345 1936 375 1986 et
398 1924 523 1985 verbum
547 1927 611 1984 eius
635 1925 772 1999 credunt,
796 1933 828 1985 ut
849 1928 1022 2007 regenerati

94 2006 207 2086 Spiritu
231 2017 338 2069 sancto
365 2009 502 2069 fruantur
536 2019 661 2068 aeterua
690 2009 757 2068 luce
781 2017 810 2068 et
833 2011 912 2084 vita,
936 2011 1020 2070 sica
1092 2063 1094 2067 ,

94 2091 215 2151 diverso
238 2092 402 2167 incredulis
430 2104 458 2151 et
483 2092 622 2153 hostibus
646 2091 805 2173 Evangelii
836 2095 1019 2154 constitutus

94 2175 169 2232 est
162 2194 191 2232 m
217 2174 405 2250 scandalum,
429 2183 461 2235 ut
478 2177 657 2236 irruentes
649 2196 679 2236 ιιι
693 2195 761 2236 eum
776 2185 899 2238 aeterno
922 2186 1020 2239 morte

94 2258 318 2353 op3primantur
342 2259 418 2317 sicut
440 2258 513 2319 Luc
535 2257 563 2322 2.
589 2260 772 2320 vaticinatur
795 2259 935 2322 Simeon:
962 2261 1020 2320 Hic

95 2340 216 2435 positus
241 2342 316 2399 est
309 2360 338 2398 ιιι
363 2342 479 2400 ruinam
516 2349 546 2400 et
567 2344 821 2402 resurrectionem
858 2345 1018 2404 munitorum

93 2425 121 2482 in
153 2421 264 2500 Israel,
294 2424 366 2482 item
391 2423 460 2482 Luc
488 2425 542 2486 20:
566 2424 726 2521 Lapidem,
757 2444 846 2504 quem
875 2428 1018 2508 reprobe

93 2515 204 2565 verunt
194 2505 450 2586 tnediiicantes,¹
467 2507 565 2566 factus
584 2510 658 2566 est'
652 2528 680 2566 in
705 2517 797 2588 caput
817 2511 932 2588 anguli,
956 2512 1019 2590 qui·

93 2609 214 2669 cunque
235 2589 407 2650 inciderit
400 2611 429 2649 m
454 2609 540 2663 eum,
565 2589 690 2650 dissiiiet
704 2611 834 2670 ,super
856 2611 945 2670 quem
969 2594 1019 2653 iiie

93 2675 192 2751 cadet,
216 2681 399 2749 conteretur,
422 2694 491 2733 nam
516 2672 654 2732 Christus
677 2682 724 2733 est
745 2675 863 2754 positus
885 2685 915 2735 et
930 2676 1018 2736 datus

93 2757 122 2814 in
146 2758 265 2836 signum
290 2757 552 2864 contradictionis,
575 2756 673 2816 Lucae
696 2761 725 2821 2.

471 2875 569 2934 Iustus
592 2874 682 2936 lonas
708 2875 913 2956 Praepositus

469 2956 625 3038 Phiiippus
648 2958 836 3020 Melanthon.

470 3041 616 3102 Nicotaus
632 3041 799 3122 Amsdorff,
823 3043 1018 3104 Licentiatus.

469 3125 621 3185 lohannes
646 3126 701 3186 1)ϋὶ
705 3125 771 3186 sch
794 3146 812 3185 a
840 3125 1006 3186 Velthirch.
