2392 4170
141 258 206 328 M
333 263 877 336 condonandumupsr

53 479 56 483 .
140 423 172 478 ct
191 418 332 499 perdunt,
354 437 422 480 cum
445 421 506 480 aiut
526 420 600 481 nibil
621 422 679 483 uisi
701 388 824 483 fraudes
845 421 1064 484 sceleratorum

142 496 398 584 sanguisugarum
420 504 525 584 populi
549 505 616 568 Dei.

431 670 613 733 Decimus
641 691 783 733 nonna:

201 796 413 878 Indulgentiae
436 799 494 878 his,
515 801 567 880 qni
591 801 739 861 veraciter
761 820 813 861 eas
826 801 1065 878 consequuntur,

201 900 261 943 non
286 880 389 945 valent
410 881 448 942 ad
472 883 683 946 remissionem
706 903 826 965 poenae
848 902 904 963 pro
927 881 1065 962 peccatis

201 965 371 1026 actualibus
394 964 515 1028 debitae
536 965 618 1048 epud
641 967 775 1027 divinam
797 966 953 1029 iustitiam.

483 1134 720 1195 Vicesimus:

200 1258 393 1322 Seducnntur
420 1262 595 1342 credentes,
625 1261 831 1342 indulgentias
862 1279 931 1322 esse
951 1259 1065 1321 saluta·

201 1363 250 1406 res
273 1344 363 1405 etad
387 1346 517 1407 fluctum
541 1348 663 1427 spiritns
686 1346 785 1406 utiles.

392 1514 619 1574 Vicesimus
649 1514 810 1594 primns:

198 1637 411 1721 indulgentiae
433 1644 626 1706 necessariae
646 1648 718 1703 sunl
740 1641 838 1703 solum
856 1639 984 1723 publicis
1007 1637 1061 1698 cri·

201 1725 332 1785 minibus
355 1733 386 1785 et
397 1729 539 1807 propriae
550 1726 761 1788 conceduntur
774 1725 856 1787 dnus
868 1719 1064 1784 solummodo

203 1814 232 1867 et
254 1808 491 1889 impatientibus.

372 1981 592 2042 Vicesimus
621 1980 833 2042 secundus:

200 2105 262 2167 Sex
292 2107 453 2186 generibus
482 2109 639 2172 hominum
668 2108 878 2188 indulgentiae
908 2125 967 2166 nec
994 2112 1067 2165 sunt

201 2192 395 2250 necessariae
428 2211 484 2253 nec
516 2190 620 2269 utiles,
660 2193 802 2254 videlicet
837 2191 979 2262 mortuis,
1010 2206 1065 2248 seu

200 2275 366 2349 morituris,
394 2275 536 2354 infirmis,
567 2278 701 2375 legitime
736 2274 906 2355 impeditis,
935 2271 981 2332 his
1011 2269 1063 2348 qul

198 2373 259 2415 non
283 2358 499 2419 commiserunt
523 2362 665 2440 erimina,
687 2359 733 2419 his
756 2358 805 2438 qui
828 2356 954 2417 crimine
977 2372 1063 2413 com·
1099 2398 1102 2405 .

200 2439 362 2518 miserunt,
401 2440 454 2502 sed
493 2461 554 2504 non
590 2441 728 2525 publice,
767 2443 813 2500 his
848 2441 898 2520 qui
934 2435 1064 2498 meliore

201 2529 375 2602 operantur.

221 2638 283 2699 Has
297 2642 535 2722 propositiones,
559 2652 590 2704 ut
602 2643 676 2718 dixi,
697 2642 841 2702 revocavi
853 2646 953 2715 antea,
975 2657 1064 2718 roge·

137 2721 228 2800 vique
251 2731 280 2783 et
310 2725 410 2786 adhuc
442 2745 518 2806 rogo
549 2747 671 2803 omnes,
701 2733 763 2786 turn
793 2721 977 2804 bibliopolas
1000 2729 1072 2783 tum'

137 2803 285 2886 lectores,
322 2816 354 2869 ut
377 2829 430 2888 en,
460 2829 539 2888 qnae
569 2810 607 2870 de
639 2807 833 2888 indulgentiis
857 2806 1012 2886 disputate
1033 2811 1065 2865 et

137 2888 250 2968 scripta
272 2910 292 2950 a
313 2911 361 2951 me
389 2901 474 2968 suut,
503 2901 648 2971 exurent,
683 2891 857 2953 nesciebam
881 2891 962 2951 euim
984 2894 1062 2964 tum,

138 2989 207 3031 cnm
231 2992 267 3032 ea
290 2974 478 3051 laborarem,
514 2996 626 3056 pupam
655 2995 723 3037 esse
752 2974 979 3049 antichristum,
1012 2971 1064 3050 qui

138 3053 184 3115 his
206 3062 237 3114 et
258 3057 404 3117 similibus
432 3059 662 3138 operationibus
690 3059 800 3120 erroris
829 3064 938 3118 satane
965 3055 1063 3134 impa-

136 3143 223 3198 rente
244 3137 349 3200 orbem
372 3141 513 3220 perderet
523 3143 737 3204 Christianum.
776 3141 852 3202 Fixa
874 3146 921 3200 est
942 3143 1061 3197 senten·

136 3221 179 3281 tia
201 3220 305 3283 divina
323 3219 432 3287 Psalm.
445 3224 543 3303 891):
565 3225 706 3287 Visitabo
728 3226 759 3284 in
782 3225 868 3304 virga
889 3222 1064 3302 iniquitates

137 3322 264 3382 eorum,
292 3325 353 3386 qua
380 3308 603 3389 indulgentias,
637 3328 716 3388 quac
744 3309 861 3387 virgam
888 3305 1063 3384 iniquitates

137 3388 309 3450 visitantem
333 3391 511 3472 impiissime
533 3399 731 3474 praesumunt
745 3391 907 3464 remittere,
928 3385 1063 3449 funditus

138 3469 368 3551 subvertuntur,
399 3482 430 3535 et
458 3475 533 3535 nibil
554 3477 612 3537 nini
634 3477 726 3538 inane
748 3493 859 3535 nomen
883 3491 951 3532 esse
975 3489 1063 3533 mon·

139 3560 281 3617 strantnr.

191 3768 221 3833 1)
240 3765 271 3819 In
290 3763 333 3822 cd.
353 3768 439 3842 origo
458 3767 502 3829 88.

28 3876 54 3937 Ι
