2392 4170
137 245 201 313 472
426 249 584 305 contutatio
602 249 768 306 Lnthariana

139 403 211 465 hnic
233 405 318 486 operi
351 423 420 466 sesa
442 423 482 464 ex
509 405 612 466 animo
635 404 735 466 tradit.
779 404 839 467 Sed
861 412 892 467 et
911 405 1060 468 latomos

140 505 262 568 quoque
286 487 375 563 dicit,
414 486 545 550 Sanctos
568 490 690 568 saepius
713 506 864 568 peceare,
899 497 1004 569 potest
1029 499 1060 550 et

139 572 227 653 virgo
250 571 364 632 nubere
386 570 534 650 aliqu01)
561 571 670 632 veniali
694 579 824 652 peccato
848 581 1060 650 concurrente,

139 672 213 734 ergo
231 653 544 735 nontraApostolnm
568 655 655 735 virgo
678 654 796 715 nubens
819 655 969 735 peccabit.

223 736 282 800 Sed
305 737 454 798 audacem
477 737 662 817 Apostolum
692 738 779 815 vide,
812 739 863 818 qui
899 742 966 800 sine
989 759 1060 800 con-

139 840 231 881 sensu
255 818 839 900 FacultatistheologicaeLovaniensis
861 823 993 903 amplius
1016 823 1058 885 lo-

140 905 305 984 qnitnr*):
327 904 430 965 Nolite
462 905 602 968 fraudare
635 901 801 982 invicem,'
819 906 876 964 nisi
904 905 984 966 iorte
1019 925 1059 967 ex

140 1006 293 1048 consensu
316 987 355 1048 ad
379 994 510 1068 tempus,
532 999 564 1047 ut
586 988 700 1048 vacatis
723 989 872 1065 orationi,
896 991 1057 1050 etiterum

140 1071 324 1131 revertimini
347 1071 377 1130 in
399 1069 429 1131 id
452 1072 572 1150 ipsum,
603 1089 641 1130 ne
674 1072 751 1131 lorte
774 1079 869 1133 tentet
891 1091 946 1133 vos
970 1080 1057 1133 satan

139 1160 264 1233 propter
296 1154 549 1215 incontinentiam
588 1160 732 1219 vestram.
775 1154 850 1231 Quis
883 1161 914 1215 tu
944 1155 1059 1236 Paula?

138 1235 255 1317 absque
277 1235 370 1297 literis
410 1247 440 1298 et
461 1236 562 1316 sigillo
584 1236 751 1297 Facultatis
785 1238 981 1318 theologicae
1003 1239 1058 1301 Lo·

139 1321 293 1381 raniensis
316 1319 411 1387 andes
432 1321 686 1381 incontinentiam
721 1339 837 1401 ponere
867 1322 897 1381 in
926 1321 1057 1401 Sanctis,

139 1409 171 1464 et
190 1401 239 1473 iis,
262 1421 341 1484 qnos
363 1404 494 1481 orationi
518 1422 629 1464 vacare
652 1403 770 1464 doces?
793 1403 883 1465 Certe
906 1405 1058 1466 tuTaoia·

138 1506 195 1547 nus
217 1486 484 1568 Gataphrygarum
507 1492 655 1566 patronus
678 1505 725 1565 es,
756 1489 807 1565 qui
831 1488 1058 1551 matrimonium

137 1576 266 1648 peccato
286 1569 430 1648 involvis,
451 1571 514 1631 imo
537 1589 598 1629 non
613 1576 730 1630 tanturn
744 1571 982 1646 matrimonium,
1003 1571 1058 1632 sed

138 1651 270 1715 Sanctos
292 1652 359 1714 Dei.
387 1652 426 1713 Et
448 1653 547 1714 omnis
569 1652 621 1713 illa
633 1672 749 1733 pompa
761 1653 790 1713 in
815 1662 843 1712 tc
865 1659 943 1726 ruet,
965 1672 1057 1732 quam

138 1734 284 1796 latomus
307 1754 363 1816 pro
386 1734 624 1797 absurditatibus
655 1745 763 1796 contra
784 1736 948 1797 Lntherum
972 1737 1057 1798 indo-

138 1818 189 1898 oit,
213 1826 243 1879 et
264 1818 395 1879 lutururn
419 1827 482 1901 est,
506 1829 536 1878 ut
560 1817 625 1878 libri
650 1821 690 1878 tui
714 1826 896 1892 exurantur,
918 1828 981 1880 tum
1004 1839 1056 1901 po·

137 1904 205 1962 stoa
225 1900 366 1963 terribilis
384 1902 476 1964 'Bulla
498 1901 639 1961 cultrices
663 1902 728 1962 illas
750 1900 856 1962 fideles
874 1904 939 1981 agri
963 1901 1058 1965 domi-

137 1984 198 2045 nici
220 1984 454 2065 comprobabit,
487 1993 652 2063 surgatque
673 1984 836 2061 latomus,
875 2004 913 2045 ac
940 1987 1059 2048 ratione

136 2066 255 2129 reddita
277 2067 430 2147 probabit,
452 2066 534 2146 qnod
555 2069 776 2128 incontinentia
798 2066 849 2128 illa
872 2087 934 2128 non
956 2070 997 2129 sit
1017 2069 1058 2129 in·

137 2151 344 2228 continentia,
382 2150 436 2211 sed
467 2150 628 2210 infirmitas
667 2154 698 2212 et
719 2169 829 2231 poena.
873 2150 912 2210 Et
934 2152 1057 2230 quando

137 2240 263 2294 satanas
286 2251 340 2292 eos
364 2239 476 2308 tentat,
501 2253 561 2294 non
585 2233 623 2292 ad
647 2233 918 2309 incontinentiam,
941 2235 996 2295 sed
1019 2235 1056 2296 ad

133 2314 341 2376 infirmitatem
365 2322 472 2385 tentat.
517 2316 606 2392 Quod
630 2319 654 2375 si
674 2335 735 2396 quo
750 2336 822 2377 casn
847 2320 1058 2379 consenserint

136 2398 387 2474 incontinentiae,
410 2418 470 2460 non
493 2408 623 2480 peccato
647 2401 874 2476 consenserint,
899 2400 952 2460 sed
976 2400 1055 2461 infir·

135 2481 234 2542 mitati
257 2487 287 2542 at
306 2500 444 2562 poenae,
469 2501 506 2543 ac
527 2502 581 2563 per
603 2482 679 2559 hoc,
702 2483 773 2543 dum
795 2491 942 2565 peccant,
965 2486 1055 2550 etiam

134 2583 195 2624 non
218 2563 411 2646 peccabunt,
450 2565 535 2642 vide,
569 2584 660 2643 quam
694 2565 802 2626 foedus
835 2575 865 2625 tu
884 2586 917 2627 es
939 2567 1055 2628 futurus

132 2646 314 2710 haereticus.

216 2731 356 2811 Denique
378 2729 451 2790 hinc
472 2729 539 2807 fiet,
563 2738 595 2792 ut
618 2729 721 2791 divina
746 2731 891 2792 mandata
914 2733 1055 2793 universa

134 2833 195 2874 non
235 2813 448 2895 prohibuerint
482 2820 667 2891 peccatum,
701 2815 754 2874 sed
788 2814 993 2875 infirmitatem
1027 2824 1055 2874 et

132 2916 265 2975 poenam
300 2897 428 2976 peccati.
473 2896 513 2956 Et
545 2915 625 2957 nova
655 2898 812 2977 theologia
844 2898 873 2956 in
909 2897 1054 2959 mundum

134 2983 245 3055 veniet,
268 2979 348 3059 quod
363 2987 526 3060 peccatum
541 2981 590 3053 sit,
604 2999 664 3040 non
684 2982 857 3041 consentire
869 2988 1001 3060 peccato
1011 2980 1053 3059 ²),

43 3107 48 3122 .
133 3062 187 3124 sed
210 3061 376 3124 infirmitati
399 3072 429 3122 et
452 3082 581 3142 poenae.
625 3063 665 3122 Et
687 3064 769 3123 Dens
783 3082 843 3122 non
867 3063 1053 3142 prohibuerit

133 3146 230 3206 vitare
252 3154 424 3226 peccatum,
449 3145 503 3206 sed
524 3145 715 3206 infirmitates
732 3152 761 3206 et
785 3165 902 3225 poenas
925 3149 1053 3226 pcccati.

132 3228 171 3287 Ilt
193 3230 249 3289 crit
271 3249 380 3290 sensus
402 3229 487 3288 Pauli
512 3229 620 3290 Roma.
644 3231 678 3291 6:
720 3229 789 3289 Non
822 3236 930 3308 regnet
952 3249 1054 3309 poena

131 3313 250 3389 peccati
272 3314 301 3371 in
327 3330 457 3392 corpore
483 3319 595 3388 vestr0,
620 3311 666 3370 vel
690 3319 873 3390 conregnet
894 3312 1052 3373 infirmitas

176 3470 361 3492 --.-'.....‚...-
374 3487 377 3491 .
387 3485 402 3492 -

203 3584 233 3653 1)
254 3585 285 3638 ln
304 3585 367 3639 edit.
394 3589 481 3654 orig.:
512 3586 613 3654 aliqua.
652 3586 683 3652 2)
710 3588 737 3638 ln
765 3589 806 3642 ed.
825 3587 903 3642 Jen.:
939 3603 1054 3640 consan-

131 3657 184 3709 tira
207 3672 263 3711 non
284 3661 403 3720 peccato.

202 3728 231 3793 ⁸)
254 3731 276 3782 l.
297 3727 421 3783 Corinth.
441 3729 465 3784 7.
