2392 4170
444 246 527 304 Dect
546 246 625 301 biart.
643 240 722 299 Lutb.
986 229 1047 301 427

132 421 239 482 merito
267 419 429 480 Lutherum
462 423 611 479 moveret:
640 415 816 478 Substantia
841 419 888 472 est
914 409 1050 490 indigua,

132 524 207 584 ergo
229 523 289 563 non
313 509 415 584 potest
437 502 556 562 misceri
580 499 720 580 digniori,
743 498 860 558 scilicet
881 496 909 553 in
934 494 980 553 hie
1002 513 1049 552 re·

132 587 198 664 bus,
221 586 296 646 fides
321 595 425 646 nostra
448 583 562 666 pendet
591 585 619 642 in
645 583 792 661 dignitate
820 587 850 640 et
870 577 1051 657 indignitate

131 670 386 748 substantiarum,
416 667 635 728 concludamus
664 684 755 744 ergo,
791 661 947 737 autoribus
969 659 1050 719 Tho·

132 755 239 828 mistis,
262 754 359 813 Deum
384 771 445 812 non
469 749 713 821 essebominem,
737 746 817 826 quod
832 741 1050 805 humanasub·

131 840 244 896 stantia
266 835 392 915 indigna
414 837 453 894 sit
474 842 576 894 tantae
600 833 766 892 maiestatis
796 829 934 908 dignitati
957 844 1051 904 copu-

132 919 197 983 lari.
240 919 395 999 Negemus
417 917 561 996 Spiritum
590 922 727 975 sanctum
757 911 883 972 diffundi
904 911 934 970 in
958 907 1052 968 corda

134 1003 225 1062 etiam
248 1004 395 1062 iustorum
429 1005 480 1073 (ιιι
503 1006 622 1059 ιεεεειιι
649 999 812 1077 impiorum
842 990 1051 1054 iustificando-

127 1087 230 1167 -rum),
254 1085 335 1164 quod
359 1104 413 1145 eor
434 1084 566 1143 hominis
595 1082 688 1141 nimio
718 1082 756 1139 sit
778 1078 934 1157 iudignum
959 1075 1052 1134 maie·

134 1177 213 1229 state
236 1167 375 1248 Spiritus.
410 1167 454 1228 lta
477 1173 508 1226 et
529 1165 579 1225 hic
600 1160 972 1240 Hearicianasapieutia:
996 1157 1052 1216 Pa-

135 1254 181 1312 nis
203 1271 264 1311 non
289 1261 336 1311 est
358 1270 469 1330 corpus
482 1249 601 1324 Christi,
625 1249 697 1325 quia
714 1263 825 1325 corpus
838 1243 948 1304 Christi
971 1259 1053 1300 crea·

135 1336 194 1394 trix
216 1335 385 1403 substantia
406 1334 527 1412 dignior
549 1338 604 1411 est,
628 1350 718 1410 quam
746 1338 779 1389 ut
814 1327 932 1389 misceri
956 1323 1054 1403 possit

136 1427 196 1478 tam
211 1419 262 1478 vili
280 1417 476 1478 substantiae.
511 1414 603 1493 Belle,
626 1413 761 1494 pulchre,
780 1407 1054 1471 Themistioissime

136 1509 167 1562 et
187 1501 414 1573 Heuricissime,
437 1501 460 1559 ei
484 1500 571 1579 panis
588 1497 751 1577 indignitas
774 1514 837 1555 nou
858 1492 940 1569 sinit,
961 1489 1055 1549 nteit

136 1584 404 1664 corpuscbristi,
425 1589 528 1642 tamen
558 1582 645 1641 istius
674 1580 800 1641 rationis
829 1576 959 1656 dignitas
992 1571 1054 1667 dig·

136 1667 262 1727 nissima
284 1673 339 1744 est,
363 1667 492 1747 quaein
516 1665 605 1725 nullis
627 1666 685 1724 uisi
707 1660 903 1724 Themisticia
922 1654 1054 1717 cerebrm

138 1758 168 1810 et
189 1752 283 1812 asinis
306 1753 370 1811 istis
393 1750 509 1826 habitet
530 1756 560 1808 et
582 1749 693 1810 valeat.

213 1834 252 1895 >Si
276 1842 376 1896 autem
404 1837 651 1912 interrogavero:
686 1828 779 1896 Paule
807 1825 976 1895 substantia
1011 1831 1057 1892 εει

139 1919 264 1999 indigna
293 1920 413 1980 misceri
440 1918 562 1999 corpori
598 1919 734 1982 creatrici
763 1919 968 1998 substantiae,
1005 1936 1058 1977 cnr

139 2023 213 2084 ergo
237 2005 407 2064 accidentia
431 2002 524 2082 digua
546 2011 616 2064 sunt
637 2005 757 2066 misceri
780 2012 811 2065 et
833 2022 965 2080 manere,
989 2020 1056 2061 curn
1160 2074 1168 2083 ¹

140 2089 221 2148 Deus
243 2089 469 2148 Themistarum
494 2084 658 2167 decernat,
689 2089 888 2149 substantiam
912 2105 981 2146 esse
1004 2102 1057 2164 po·

139 2173 248 2230 tiorem
278 2166 487 2232 accidentibus
517 2173 657 2233 omnibus
694 2173 813 2251 modis,
845 2177 1056 2252 praeterquam

142 2255 191 2310 via
214 2257 407 2332 cognitionis,
431 2256 511 2334 quod
536 2264 682 2336 exparte
710 2257 805 2316 nostri
827 2255 963 2315 delectus
987 2270 1058 2312 con·

142 2335 250 2413 tingit?
295 2336 373 2410 Quid
395 2338 445 2396 hic
473 2339 552 2397 dicet·
573 2339 722 2399 Dominus
746 2340 903 2414 Hemicus,
926 2342 1059 2397 assertor

142 2418 378 2479 subtilissimus?
413 2419 538 2496 Absque
571 2421 662 2480 dubio
696 2423 770 2481 nibil
808 2422 910 2497 aliud,
951 2438 1058 2498 quam:

142 2502 271 2582 Oportet
294 2505 339 2562 sie
361 2521 445 2578 esse3
472 2501 539 2581 Ego
569 2523 634 2562 sum
659 2505 740 2584 Rex,
771 2510 801 2564 ει
823 2506 847 2563 si
871 2505 931 2565 hoo
952 2520 1059 2582 parum

143 2595 209 2667 est,
232 2585 298 2665 Ego
324 2605 389 2646 sum
412 2585 588 2664 Thomista,
612 2605 686 2665 ergo
708 2593 755 2646 εει
776 2607 900 2664 verum,
924 2586 982 2646 boc
1004 2590 1060 2659 eat,

144 2669 226 2748 quod
249 2669 372 2748 dignum
397 2669 555 2728 dicuntae
578 2671 661 2749 ipsis.
695 2669 747 2730 Sic
768 2671 848 2729 enirn
864 2671 971 2749 ¹porcis
988 2686 1060 2728 con·

145 2755 227 2812 venit
250 2754 407 2812 exhaustis
430 2750 569 2812 medullis
592 2753 681 2813 tritici
708 2753 850 2813 turturem
880 2760 910 2812 ει
937 2751 1061 2828 siliquas

145 2836 323 2915 comedere,
352 2843 383 2896 et
404 2854 459 2914 pro
490 2835 659 2895 substantia
684 2835 973 2917 panisaccidentia
999 2835 1061 2893 iac·

145 2926 219 2978 tare.
262 2919 326 2978 lmo
350 2917 487 2978 Christus
517 2938 611 2978 verax
632 2919 683 2978 bic
703 2921 870 2999 invenitur,
899 2919 950 2997 qui
972 2916 1062 2977 dixit:

145 3001 232 3060 Dabo
255 3001 343 3061 vobis
367 3019 401 3060 os
426 3009 455 3060 et
477 3003 668 3080 sapientiam,
692 3004 740 3064 cui
762 3023 823 3063 non
847 3008 990 3083 poterunt
1018 3020 1061 3063 re·

144 3085 251 3143 sistere
274 3091 304 3144 et
326 3083 535 3144 contradicere
553 3103 659 3144 omnes
673 3086 837 3147 adversarii
855 3085 957 3150 vestri.
984 3084 1063 3148 Nam

145 3168 219 3226 satis
243 3168 338 3244 vides,
361 3167 467 3241 lector,
489 3185 581 3243 quam
603 3168 724 3229 furiosis
743 3170 909 3231 mendaciis
932 3190 965 3231 aa
979 3174 1063 3251 ipsos

144 3249 317 3331 lacerant¹)
341 3249 481 3327 sacrilegi
498 3250 652 3328 Papistae,
675 3252 746 3313 dum
760 3255 831 3313 mibi
853 3255 1064 3316 contradicere
1093 3303 1095 3307 a

87 3384 90 3391 .
145 3339 305 3415 conantur,
348 3331 489 3392 Potentia
511 3340 557 3392 est
578 3333 656 3394 haec
677 3337 832 3416 veritatis,
855 3356 914 3417 qua
938 3338 1063 3399 menda·

145 3434 196 3474 ees
224 3413 371 3492 ostendit,
395 3415 444 3493 qui
480 3434 549 3474 sese
578 3418 741 3499 maculant,
770 3426 801 3481 et
831 3421 1066 3500 comprehendit

144 3506 262 3558 astutos
284 3499 314 3555 in
338 3504 456 3556 suamet
479 3499 599 3560 astutia.

227 3579 383 3641 Habemus
402 3581 507 3658 'itaque
529 3580 610 3641 bunc
632 3583 809 3662 articulum,
839 3588 978 3666 quamvis
1000 3606 1063 3648 non

216 3764 244 3830 1)
263 3765 295 3818 Iu
314 3761 600 3820 adlectionem.
