2392 4170
463 254 595 318 ministris
612 228 757 318 ecclesiae.
996 257 1058 326 513

131 433 194 487 tum
217 425 409 487 sacerdotale
436 443 599 486 commune
628 424 756 484 feceriut
777 430 807 483 et
831 429 932 484 tamen
956 443 1056 484 sacer·

132 510 247 571 dotium
269 510 326 569 sibi
348 510 510 590 proprium
529 508 716 570 retinuerint.

70 688 72 694 ,
169 618 172 624 ’
213 625 347 697 Tertium
373 625 504 687 officium
529 634 575 686 est
605 643 786 686 consecrare
809 644 863 684 seu
887 624 1056 686 ministrare

131 716 248 771 sacrum
272 730 383 791 panem
416 717 447 769 et
475 712 587 772 vinum.
633 709 688 768 Hic
717 708 997 788 verc'triumpbaut
1020 729 1056 769 ac

130 800 261 874 regnant
287 812 424 855 rasorum
449 793 595 870 Ordines,
630 793 710 851 hanc
742 801 925 869 potestatem
949 797 1056 871 'neque

131 877 259 956 angelis,
282 895 383 956 neque
405 878 491 936 matri
516 875 631 956 Virgini
655 874 839 939 concedunt.
882 875 942 935 Sed
956 877 1055 935 missis

130 961 251 1021 illorum
273 960 552 1021 insaniis-dicimus
574 969 612 1019 et:
632 960 691 1018 boo
714 955 846 1017 officium
870 978 938 1017 ease
961 961 1057 1019 omni·

133 1042 187 1104 bus
211 1061 389 1119 commune,
426 1044 553 1124 perinde
582 1049 674 1122 atque
708 1042 930 1112 sacerdotium,
965 1041 1061 1121 idque
1137 1085 1141 1091 -

131 1148 192 1187 non
216 1135 330 1209 nostra,
352 1127 406 1188 sed
429 1127 540 1188 Christi
563 1126 727 1186 asserimus
750 1126 929 1202 autoritate,
952 1124 1057 1185 dicen-

122 1210 168 1271 ‘tie
190 1213 222 1271 in
244 1228 344 1272 coena
366 1212 549 1272 novissima:
571 1208 639 1270 Hoc
660 1209 751 1269 facite
774 1210 803 1267 in
819 1207 959 1284 meaml)
974 1227 1057 1269 com·
1136 1245 1139 1251 -

132 1294 395 1374 mdiucrationem,
417 1312 478 1376 quo
502 1293 701 1354 verboetiam
725 1293 784 1352 rasi
797 1291 1059 1371 Papistaevolunt

132 1377 310 1439 sacerdotes
330 1378 429 1438 factos
452 1385 484 1438 et
504 1377 674 1458 potentiam
688 1375 888 1436 consecrandi
903 1376 1056 1436 collatam.

117 1464 174 1538 vAt
196 1462 255 1521 boc
288 1461 414 1522 verbum
451 1461 529 1521 dixit
549 1457 687 1523 Christus
722 1459 863 1539 omuibus
885 1460 947 1519 suis
969 1478 1057 1540 prae·

133 1544 271 1605 sentibus
286 1552 326 1604 -et
347 1543 465 1622 futuris,
488 1545 538 1623 qui
562 1561 673 1623 panem
696 1542 780 1602 illurn
804 1542 932 1602 ederent
952 1551 983 1603 et
1004 1544 1057 1623 pb·

133 1626 231 1686 culum
267 1626 414 1687 biberent.
458 1625 611 1706 Quidquid
639 1643 714 1705 ergo
747 1624 788 1685 ibi
818 1625 964 1704 collatum
1001 1631 1057 1702 est,

93 1771 96 1777 ,
135 1709 275 1771 omnibus
299 1709 443 1770 collatum
468 1716 524 1771 est.
566 1707 633 1770 Nec
649 1709 772 1786 babent,
796 1708 940 1788 quodhiu
962 1728 1057 1789 oppo-

136 1800 218 1870 nant,
240 1793 297 1853 nisi
321 1792 434 1872 Patres,
458 1790 607 1869 Concilio,
629 1790 881 1863 consuetudinem
905 1799 935 1854 et
956 1793 1059 1853 fortis-

135 1877 243 1937 simum
267 1876 425 1937 articulum
453 1875 525 1937 fidei
550 1871 687 1951 illorum,
710 1876 761 1953 qui
783 1881 843 1936 est:
885 1875 950 1937 Nos
972 1875 1059 1936 multi
1140 1897 1162 1937 .·

74 2041 77 2045 ,
134 1978 238 2020 sumus
261 1966 293 2020 at
312 1960 359 2034 sio
376 1960 537 2039 sentimus,·
557 1975 631 2038 ergo
654 1964 701 2019 est
726 1976 836 2018 rerum.

217 2077 345 2139 Accedit
371 2078 456 2138 testis
490 2076 601 2137 Pactus
631 2075 832 2140 .1.cor.tt:
876 2074 942 2155 ngr·
977 2078 1067 2138 enim

133 2164 238 2242 accepi
258 2162 434 2242 aDomino,
456 2159 541 2241 quod
562 2168 594 2221 et
614 2158 723 2220 tradidi
748 2159 833 2221 vobis
857 2167 928 2222 eta·
958 2159 1080 2222 uthis.

133 2244 244 2304 Paulus
266 2245 304 2304 ad
330 2263 437 2307 omnes
460 2245 594 2324 loquitur
608 2242 796 2324 Corinthic‘a'
819 2260 927 2306 omnes
942 2244 1057 2306 faciens

133 2327 221 2409 tales,
244 2328 343 2406 quatis
364 2330 430 2408 ipse
453 2329 518 2410 fuit,
542 2327 572 2391 id
597 2335 653 2407 est,
676 2336 918 2392 consecratores.

198 2436 329 2506 'Verum
352 2453 382 2504 et
403 2444 597 2526 hicPapistis
621 2444 739 2506 obstitit
761 2443 844 2505 trabs
866 2445 919 2505 iila
940 2445 970 2505 iu
987 2464 1057 2506 ccu-

134 2526 186 2603 lis,
221 2534 253 2588 ut
274 2529 463 2590 maiestatem
485 2528 577 2590 ‘verbi
601 2529 657 2590 Dei
681 2547 742 2589 non
766 2527 920 2604 viderent,
958 2529 1056 2589 solam

134 2621 235 2678 autem
256 2610 261 2617 ’
279 2612 368 2694 panis
402 2612 783 2674 transsubstantiationem
808 2609 1056 2682 ,admirarentur

133 2695 222 2777 Rogo
244 2694 288 2774 te,
326 2712 404 2774 quae
441 2690 762 2779 astilia-magnifico
785 2695 930 2776 ¹potentia
952 2714 1058 2756 conse·
1115 2730 1119 2737 -

132 2777 253 2856 eraudi,
288 2778 417 2839 collata·
436 2780 593 2857 potentiae
631 2780 804 2860 baptisandi
835 2786 866 2838 et
894 2779 975 2839 verbi
1007 2798 1058 2839 an·

134 2860 319 2922 nunciandi?
383 2860 493 2922 Mulier
543 2862 676 2943 baptisat
723 2872 753 2925 et
801 2861 925 2923 verbum
978 2862 1058 2922 vitae

134 2944 300 3023 ministrat,
335 2942 760 3028 quc'peeoatumdeletur,
798 2965 865 3026 quc
889 2964 971 3006 mors
1008 2964 1059 3007 ae·

132 3032 223 3088 terrie
256 3028 387 3103 tollitur,
425 3046 486 3108 quo
510 3030 652 3110 princeps
690 3029 793 3091 mundi
828 3030 964 3111 eiioitur,
995 3047 1057 3110 quc

132 3112 251 3173 coelum
293 3109 438 3193 donetur,
486 3111 618 3191 denique
659 3130 720 3192 quo
763 3130 833 3174 sese
860 3121 969 3175 totam
1017 3111 1060 3174 d:-
1157 3142 1163 3152 ·

132 3196 204 3256 vina
227 3197 369 3256 maiestas
392 3197 420 3255 in
436 3197 569 3257 ommam
594 3194 729 3255 effundit.
771 3193 1058 3259 Interim‘s'aoerdos

99 3292 101 3297 ·
131 3277 187 3338 ille
207 3278 349 3340 mirificus
382 3300 494 3361 panem
529 3286 641 3357 mutet,
676 3298 739 3340 non
774 3278 835 3340 aiio
868 3288 970 3342 tamen
1003 3299 1060 3341 uec

133 3361 252 3423 maiore
270 3363 364 3424 verbo
383 3378 455 3446 ¹nec
476 3366 661 3447 potentiore,
683 3362 721 3426 ad
745 3373 836 3444 quam
860 3365 1059 3461 mutationem

95 3725 98 3730 ’
162 3709 233 3779 ,1)
252 3707 376 3768 Ibidem:
397 3707 458 3767 mei.

73 3841 76 3846 .
159 3811 248 3856 uuam
262 3822 314 3867 opp.
328 3813 355 3858 v.
369 3812 397 3856 a.
413 3813 441 3856 nr
454 3810 496 3856 nr.
507 3809 558 3858 nn.
572 3810 588 3856 t.
602 3821 625 3865 p.
640 3810 689 3855 vor.
704 3809 742 3855 vr.
759 3806 763 3813 ’
847 3781 886 3847 33
