2392 4170
449 254 502 311 Pro
521 254 639 312 Martius
658 249 788 313 Luthcro.
1038 242 1081 323 77

243 429 290 489 De
312 429 381 508 iege
404 437 433 490 et
447 429 593 490 Conciliis
608 430 679 509 quid
691 431 799 491 attinet
813 431 922 490 iterum
946 447 1082 508 monere,

161 529 230 571 cnm
260 531 353 593 snpra
381 513 566 572 ostenderim
594 514 685 593 piene
715 514 774 573 hnc
802 522 889 593 porte
916 513 1081 573 convenire

160 593 292 655 Lnthero
327 614 394 654 cum
423 596 586 656 veteribus.
633 597 748 656 Tamen
771 604 805 656 ut
836 595 955 676 videos,
988 613 1080 675 quem

159 677 276 738 fortiter
289 677 467 758 dispensent
484 679 523 738 de
536 679 603 759 iege
618 679 720 740 divine
733 680 889 740 sorbonici
905 677 1080 759 Sophistse,

108 769 113 778 ‘
163 760 249 821 libuit.
272 761 310 820 ad
335 782 402 820 eum
428 762 527 821 iocum
553 762 642 821 veluti
666 762 855 843 postliminio
877 761 985 823 redire.
1018 761 1082 822 Lex

161 843 279 925 (ciunt)
310 844 348 903 de
382 864 442 904 nnn
473 845 658 905 vindicando
685 853 732 907 est
766 847 892 906 nimium
921 847 1081 904 onerativu

161 928 236 1008 legis
262 927 463 991 Christianae,
518 928 544 988 0
575 929 687 1007 impios
710 926 887 1009 Sophistcs,
916 929 967 1012 qui
1002 947 1080 988 onus

78 1056 80 1058 ψ
161 1012 236 1089 legis
259 1012 296 1071 ab
320 1011 515 1073 Aristotelian
529 1011 724 1090 philosophie
746 1013 917 1073 aestiment.
951 1012 998 1070 An
1017 1030 1080 1071 non

160 1113 237 1153 onus
267 1104 314 1153 est
341 1103 483 1167 naturae,
513 1094 563 1153 lex
594 1094 631 1154 de
653 1114 714 1155 non
738 1094 1010 1174 concupiscendo,
1033 1101 1081 1155 est

160 1178 252 1256 igitur
285 1176 466 1256 abroganda
490 1177 657 1237 secundum
692 1178 874 1239 sorbonicus
894 1177 1079 1258 ,Sophistns

161 1259 252 1320 Oneri
277 1260 326 1319 lex
349 1269 394 1320 est
417 1259 455 1319 de
478 1259 633 1340 diligendo
657 1261 725 1321 solo
749 1261 824 1337 Deo,
847 1268 894 1321 est
915 1262 1006 1340 igitur
1027 1259 1080 1320 ub-

160 1343 308 1422 roganda.
347 1344 561 1419 Oinnanosn
584 1345 695 1422 impios
706 1343 856 1421 homines,
879 1344 917 1404 ed
935 1362 990 1403 vos
1012 1362 1080 1424 per-

160 1429 258 1487 tinent
280 1426 361 1505 quod
386 1427 498 1486 dictum
523 1433 583 1488 cst:
617 1425 675 1501 Qui
699 1427 825 1489 solverit
849 1447 941 1487 unum
965 1426 1002 1487 de
1026 1428 1081 1487 mi·

160 1510 250 1569 nimis
273 1508 445 1590 mendatis,
484 1511 625 1570 minimus
649 1511 705 1570 erit
732 1511 762 1570 in
785 1529 882 1591 regno
912 1510 1081 1571 coelorum.

244 1593 282 1652 [tt
304 1612 357 1653 cnr
378 1613 440 1653 non
463 1592 542 1652 idem
572 1593 765 1675 cogitabatis,
788 1611 857 1654 cum
880 1592 919 1653 dc
941 1592 1081 1653 satisfec-

161 1675 293 1736 tionibus
322 1675 560 1758 praeciperetis?
605 1675 682 1735 Num
715 1676 787 1737 illae
810 1694 871 1738 non
898 1682 969 1736 sunt
996 1676 1080 1737 oncri

163 1757 305 1820 adflictae
327 1780 382 1839 per
402 1778 473 1821 sese
496 1758 726 1820 conscientiae?
753 1758 860 1820 sedet
882 1778 963 1820 nove
985 1777 1081 1834 onere

160 1844 426 1903 comminiscimini
449 1849 479 1903 et
497 1861 543 1921 ee,
567 1861 646 1922 quoe
668 1842 811 1903 divinitus
833 1844 977 1923 imposito
999 1850 1080 1921 sunt,

159 1925 326 2006 abrogatis.
354 1926 405 1986 Sic
428 1926 518 1986 decet
540 1945 594 1986 vos
618 1926 746 2005 implere
769 1926 965 2006 propheticus
988 1927 1080 2006 scrip·

161 2019 258 2089 turos,
292 2008 473 2069 confirmare
502 2011 626 2089 impium
656 2017 686 2069 et
714 2011 895 2070 contristere
924 2028 978 2069 cor
999 2010 1079 2071 iusti.

104 2114 107 2118 ’
160 2096 260 2171 Atque
283 2102 316 2152 ut
337 2094 458 2153 omissis
487 2093 587 2152 multis
618 2092 749 2155 breviter
770 2093 899 2153 doceam
921 2093 1018 2173 exigi,
1042 2112 1082 2154 nc

160 2173 361 2254 vindicemus,
385 2195 445 2236 non
470 2176 598 2255 consuti,
620 2175 764 2237 incusest
784 2184 907 2256 opertus
930 2177 959 2236 in
981 2175 1008 2238 Ι.
1031 2174 1080 2241 sd.

162 2259 298 2320 Corinth.
322 2278 389 2338 cep.
413 2262 447 2323 o:
471 2257 536 2320 [sm
560 2259 683 2338 quidem
706 2262 832 2321 cumino
856 2259 1000 2321 delictum
1023 2266 1080 2337 est,

160 2341 243 2421 quod
267 2342 486 2402 iudicia‘inter
509 2361 564 2402 vos
588 2342 716 2406 habetis.
760 2342 851 2418 Quod
880 2345 904 2404 si
933 2343 1080 2404 delictum

160 2434 223 2505 est,
262 2433 399 2506 repetere
434 2446 496 2485 rem
525 2424 650 2504 iudicio,
673 2445 735 2487 non
761 2425 886 2488 dubium
909 2435 976 2508 est,
1008 2427 1081 2505 quin

161 2511 265 2591 exiget
288 2509 346 2589 tex,
371 2528 409 2568 ne
433 2509 631 2570 vindicemus.
846 2527 848 2533 ·

245 2593 329 2652 Haec
350 2611 477 2653 monere
500 2601 539 2668 te,
562 2591 732 2652 Christiane
755 2591 863 2671 lector,
886 2593 978 2671 volui,
1003 2612 1082 2655 nee

160 2676 333 2736 Lntherene
355 2675 495 2736 doctrina
525 2674 708 2735 absterreret
732 2674 892 2735 Serbonoe
922 2677 1081 2756 autoritas,

160 2778 241 2840 quse
271 2760 340 2838 quid
374 2761 493 2838 sepiat,
527 2778 567 2818 ex
591 2776 651 2818 uno
689 2766 781 2838 atque
810 2759 906 2818 altero
939 2758 1007 2819 ioco
1030 2758 1081 2819 hic

160 2845 312 2924 cognosti.
357 2843 395 2902 Et
431 2862 470 2902 ex
493 2842 560 2918 his,
593 2861 671 2921 quos
694 2841 929 2921 adnotavimus,
964 2841 1082 2922 relique

160 2926 348 2986 aestimabis.
383 2927 438 2986 Est
460 2926 539 2986 enim
564 2929 609 2985 sni
633 2924 739 2985 similis
754 2924 904 3004 Sorbonc,
929 2926 1081 2986 Christum

160 3012 239 3070 inter
261 3009 363 3068 fabros
388 3010 491 3088 citius,
520 3028 611 3087 quam
645 3010 675 3068 in
704 3010 763 3070 isto
794 3029 908 3089 genere
935 3011 1081 3089 reperias.

160 3093 257 3153 Tuum
282 3101 329 3152 est
356 3094 475 3152 interim
504 3111 565 3152 unc
596 3111 715 3152 mecum
746 3093 903 3173 postulare
931 3091 1080 3152 Lutetiam

160 3177 309 3237 rationem
333 3177 378 3235 sui
401 3176 520 3248 iudicii,
551 3194 641 3255 quem
665 3176 714 3237 ubi
744 3175 886 3253 ediderit,
909 3175 947 3237 de
969 3176 1080 3237 nostris
1125 3200 1129 3204 ·

143 3278 217 3320 ,nos
241 3278 364 3338 quoque
386 3259 542 3339 copiosius
566 3259 757 3321 disseremus.
801 3257 922 3342 Vste1).

489 3383 581 3390 .—-.-

235 3443 263 3512 t)
285 3441 314 3496 io
334 3443 378 3496 ed.
397 3441 467 3512 orig.
487 3440 532 3496 hic
551 3441 675 3525 additum
695 3442 806 3515 tegitur:
828 3442 1063 3513 Vuittembcrgac.
