<?xml version="1.0" encoding="UTF-8"?>
<!DOCTYPE html PUBLIC "-//W3C//DTD XHTML 1.0 Transitional//EN"
    "http://www.w3.org/TR/xhtml1/DTD/xhtml1-transitional.dtd">
<html xmlns="http://www.w3.org/1999/xhtml" xml:lang="en" lang="en">
 <head>
  <title>
</title>
<meta http-equiv="Content-Type" content="text/html;charset=utf-8" />
  <meta name='ocr-system' content='tesseract 3.04.00' />
  <meta name='ocr-capabilities' content='ocr_page ocr_carea ocr_par ocr_line ocrx_word'/>
</head>
<body>
  <div class='ocr_page' id='page_1' title='image "./dmartinilutheri03luthgoog_0482.png"; bbox 0 0 2392 4170; ppageno 0'>
   <div class='ocr_carea' id='block_1_1' title="bbox 386 221 1051 321">
    <p class='ocr_par' dir='ltr' id='par_1_1' title="bbox 386 221 1051 321">
     <span class='ocr_line' id='line_1_1' title="bbox 386 221 1051 321; baseline 0.003 -13"><span class='ocrx_word' id='word_1_1' title='bbox 386 254 514 309; x_wconf 73' lang='lat' dir='ltr'><strong>Rationis</strong></span> <span class='ocrx_word' id='word_1_2' title='bbox 533 254 709 311; x_wconf 68' lang='lat' dir='ltr'><strong>muniente</strong></span> <span class='ocrx_word' id='word_1_3' title='bbox 728 257 778 307; x_wconf 82' lang='lat' dir='ltr'><strong>ete.</strong></span> <span class='ocrx_word' id='word_1_4' title='bbox 852 221 855 224; x_wconf 6' lang='grc' dir='ltr'><strong><em>Α</em></strong></span> <span class='ocrx_word' id='word_1_5' title='bbox 990 245 1051 321; x_wconf 48' lang='grc'><strong>471</strong></span> 
     </span>
    </p>
   </div>
   <div class='ocr_carea' id='block_1_2' title="bbox 130 389 1055 1071">
    <p class='ocr_par' dir='ltr' id='par_1_2' title="bbox 130 389 1055 1071">
     <span class='ocr_line' id='line_1_2' title="bbox 130 389 1053 488; baseline -0.004 -20"><span class='ocrx_word' id='word_1_6' title='bbox 130 389 307 471; x_wconf 63' lang='lat' dir='ltr'><strong>uuu‘dtutt:</strong></span> <span class='ocrx_word' id='word_1_7' title='bbox 330 408 399 470; x_wconf 88' lang='lat' dir='ltr'><strong>Non</strong></span> <span class='ocrx_word' id='word_1_8' title='bbox 414 407 563 471; x_wconf 80' lang='lat' dir='ltr'><strong>obedistis</strong></span> <span class='ocrx_word' id='word_1_9' title='bbox 583 405 857 488; x_wconf 81' lang='lat' dir='ltr'><strong>eouuupiseeutiis;</strong></span> <span class='ocrx_word' id='word_1_10' title='bbox 879 404 954 479; x_wconf 85' lang='lat' dir='ltr'><strong>eius,</strong></span> <span class='ocrx_word' id='word_1_11' title='bbox 978 403 1053 478; x_wconf 78' lang='lat' dir='ltr'><strong>aius,</strong></span> 
     </span>
     <span class='ocr_line' id='line_1_3' title="bbox 132 489 1055 571; baseline -0.005 -19"><span class='ocrx_word' id='word_1_12' title='bbox 132 490 244 552; x_wconf 85' lang='lat' dir='ltr'><strong>auditis</strong></span> <span class='ocrx_word' id='word_1_13' title='bbox 266 491 304 552; x_wconf 90' lang='lat' dir='ltr'><strong>D.</strong></span> <span class='ocrx_word' id='word_1_14' title='bbox 325 490 474 554; x_wconf 84' lang='lat' dir='ltr'><strong>Latome?</strong></span> <span class='ocrx_word' id='word_1_15' title='bbox 504 491 569 551; x_wconf 91' lang='lat' dir='ltr'><strong>eius</strong></span> <span class='ocrx_word' id='word_1_16' title='bbox 592 490 726 571; x_wconf 80' lang='lat' dir='ltr'><strong>pemati,</strong></span> <span class='ocrx_word' id='word_1_17' title='bbox 756 489 838 569; x_wconf 87' lang='lat' dir='ltr'><strong>quod</strong></span> <span class='ocrx_word' id='word_1_18' title='bbox 863 507 924 549; x_wconf 90' lang='lat' dir='ltr'><strong>uon</strong></span> <span class='ocrx_word' id='word_1_19' title='bbox 947 493 1055 568; x_wconf 74' lang='lat' dir='ltr'><strong>regnet</strong></span> 
     </span>
     <span class='ocr_line' id='line_1_4' title="bbox 131 571 1053 655; baseline -0.007 -20"><span class='ocrx_word' id='word_1_20' title='bbox 131 575 162 636; x_wconf 84' lang='lat' dir='ltr'><strong>in</strong></span> <span class='ocrx_word' id='word_1_21' title='bbox 186 593 317 655; x_wconf 82' lang='lat' dir='ltr'><strong>eorpoue</strong></span> <span class='ocrx_word' id='word_1_22' title='bbox 351 582 382 636; x_wconf 93' lang='lat' dir='ltr'><strong>et</strong></span> <span class='ocrx_word' id='word_1_23' title='bbox 405 583 506 636; x_wconf 88' lang='lat' dir='ltr'><strong>tamen</strong></span> <span class='ocrx_word' id='word_1_24' title='bbox 530 575 569 634; x_wconf 90' lang='lat' dir='ltr'><strong>sit</strong></span> <span class='ocrx_word' id='word_1_25' title='bbox 597 575 626 633; x_wconf 91' lang='lat' dir='ltr'><strong>in</strong></span> <span class='ocrx_word' id='word_1_26' title='bbox 650 592 782 653; x_wconf 78' lang='lat' dir='ltr'><strong>corpore</strong></span> <span class='ocrx_word' id='word_1_27' title='bbox 806 593 874 634; x_wconf 86' lang='lat' dir='ltr'><strong>eum</strong></span> <span class='ocrx_word' id='word_1_28' title='bbox 897 571 959 632; x_wconf 85' lang='lat' dir='ltr'><strong>suis</strong></span> <span class='ocrx_word' id='word_1_29' title='bbox 983 588 1053 634; x_wconf 91' lang='lat' dir='ltr'><strong>oon·</strong></span> 
     </span>
     <span class='ocr_line' id='line_1_5' title="bbox 132 655 1055 737; baseline 0 -20"><span class='ocrx_word' id='word_1_30' title='bbox 132 658 339 737; x_wconf 85' lang='lat' dir='ltr'><strong>eupisaeutiis.</strong></span> <span class='ocrx_word' id='word_1_31' title='bbox 382 658 461 718; x_wconf 89' lang='lat' dir='ltr'><strong>Nam</strong></span> <span class='ocrx_word' id='word_1_32' title='bbox 484 657 633 718; x_wconf 85' lang='lat' dir='ltr'><strong>Lutherus</strong></span> <span class='ocrx_word' id='word_1_33' title='bbox 662 676 816 735; x_wconf 85' lang='lat' dir='ltr'><strong>uunquam</strong></span> <span class='ocrx_word' id='word_1_34' title='bbox 846 655 884 716; x_wconf 84' lang='lat' dir='ltr'><strong>de</strong></span> <span class='ocrx_word' id='word_1_35' title='bbox 905 661 1055 734; x_wconf 71' lang='lat' dir='ltr'><strong>regnante</strong></span> 
     </span>
     <span class='ocr_line' id='line_1_6' title="bbox 131 740 1053 820; baseline -0.004 -20"><span class='ocrx_word' id='word_1_36' title='bbox 131 749 262 820; x_wconf 84' lang='lat' dir='ltr'><strong>peoeato</strong></span> <span class='ocrx_word' id='word_1_37' title='bbox 287 740 373 817; x_wconf 80' lang='lat' dir='ltr'><strong>dixit,</strong></span> <span class='ocrx_word' id='word_1_38' title='bbox 396 740 479 818; x_wconf 89' lang='lat' dir='ltr'><strong>quod</strong></span> <span class='ocrx_word' id='word_1_39' title='bbox 502 742 532 800; x_wconf 92' lang='lat' dir='ltr'><strong>in</strong></span> <span class='ocrx_word' id='word_1_40' title='bbox 556 740 676 801; x_wconf 84' lang='lat' dir='ltr'><strong>Sanatis</strong></span> <span class='ocrx_word' id='word_1_41' title='bbox 699 748 790 817; x_wconf 81' lang='lat' dir='ltr'><strong>esset,</strong></span> <span class='ocrx_word' id='word_1_42' title='bbox 816 758 870 800; x_wconf 86' lang='lat' dir='ltr'><strong>vos</strong></span> <span class='ocrx_word' id='word_1_43' title='bbox 895 755 1053 819; x_wconf 82' lang='lat' dir='ltr'><strong>organon</strong></span> 
     </span>
     <span class='ocr_line' id='line_1_7' title="bbox 132 819 1055 904; baseline -0.007 -20"><span class='ocrx_word' id='word_1_44' title='bbox 132 832 225 891; x_wconf 51' lang='lat' dir='ltr'><strong>neoto,</strong></span> <span class='ocrx_word' id='word_1_45' title='bbox 246 823 359 899; x_wconf 75' lang='lat' dir='ltr'><strong>facitis,</strong></span> <span class='ocrx_word' id='word_1_46' title='bbox 396 824 447 903; x_wconf 89' lang='lat' dir='ltr'><strong>qui</strong></span> <span class='ocrx_word' id='word_1_47' title='bbox 484 824 564 883; x_wconf 90' lang='lat' dir='ltr'><strong>aliud</strong></span> <span class='ocrx_word' id='word_1_48' title='bbox 587 824 761 904; x_wconf 77' lang='lat' dir='ltr'><strong>promittitis</strong></span> <span class='ocrx_word' id='word_1_49' title='bbox 790 829 821 882; x_wconf 86' lang='lat' dir='ltr'><strong>st</strong></span> <span class='ocrx_word' id='word_1_50' title='bbox 841 820 923 884; x_wconf 87' lang='lat' dir='ltr'><strong>aliud</strong></span> <span class='ocrx_word' id='word_1_51' title='bbox 945 819 1055 886; x_wconf 69' lang='lat' dir='ltr'><strong>facitis.</strong></span> 
     </span>
     <span class='ocr_line' id='line_1_8' title="bbox 134 903 1054 983; baseline -0.002 -17"><span class='ocrx_word' id='word_1_52' title='bbox 134 906 234 967; x_wconf 88' lang='lat' dir='ltr'><strong>Vultis</strong></span> <span class='ocrx_word' id='word_1_53' title='bbox 267 907 427 967; x_wconf 83' lang='lat' dir='ltr'><strong>ooufuta&#39;re</strong></span> <span class='ocrx_word' id='word_1_54' title='bbox 454 907 634 983; x_wconf 86' lang='lat' dir='ltr'><strong>Lutherum,</strong></span> <span class='ocrx_word' id='word_1_55' title='bbox 670 913 700 967; x_wconf 93' lang='lat' dir='ltr'><strong>et</strong></span> <span class='ocrx_word' id='word_1_56' title='bbox 728 906 892 968; x_wconf 84' lang='lat' dir='ltr'><strong>ooniutatis</strong></span> <span class='ocrx_word' id='word_1_57' title='bbox 919 903 1054 983; x_wconf 75' lang='lat' dir='ltr'><strong>aliquem</strong></span> 
     </span>
     <span class='ocr_line' id='line_1_9' title="bbox 134 989 484 1071; baseline 0.006 -21"><span class='ocrx_word' id='word_1_58' title='bbox 134 997 269 1053; x_wconf 78' lang='lat' dir='ltr'><strong>vestrum</strong></span> <span class='ocrx_word' id='word_1_59' title='bbox 293 989 484 1071; x_wconf 85' lang='lat' dir='ltr'><strong>Morpheum.</strong></span> 
     </span>
    </p>
   </div>
   <div class='ocr_carea' id='block_1_3' title="bbox 133 1089 1092 2337">
    <p class='ocr_par' dir='ltr' id='par_1_3' title="bbox 133 1089 1092 2337">
     <span class='ocr_line' id='line_1_10' title="bbox 219 1089 1056 1176; baseline -0.004 -21"><span class='ocrx_word' id='word_1_60' title='bbox 219 1095 360 1175; x_wconf 76' lang='lat' dir='ltr'><strong>Exempli</strong></span> <span class='ocrx_word' id='word_1_61' title='bbox 392 1097 506 1176; x_wconf 85' lang='lat' dir='ltr'><strong>gratia,</strong></span> <span class='ocrx_word' id='word_1_62' title='bbox 528 1093 657 1175; x_wconf 80' lang='lat' dir='ltr'><strong>&#39;quando</strong></span> <span class='ocrx_word' id='word_1_63' title='bbox 681 1093 793 1156; x_wconf 84' lang='lat' dir='ltr'><strong>Paulus</strong></span> <span class='ocrx_word' id='word_1_64' title='bbox 818 1097 844 1158; x_wconf 83' lang='lat'><strong>1.</strong></span> <span class='ocrx_word' id='word_1_65' title='bbox 866 1092 1005 1155; x_wconf 79' lang='lat' dir='ltr'><strong>Gon‘nth.</strong></span> <span class='ocrx_word' id='word_1_66' title='bbox 1027 1089 1056 1155; x_wconf 77' lang='grc'><strong>7.</strong></span> 
     </span>
     <span class='ocr_line' id='line_1_11' title="bbox 135 1175 1056 1257; baseline -0.001 -19"><span class='ocrx_word' id='word_1_67' title='bbox 135 1178 224 1238; x_wconf 85' lang='lat' dir='ltr'><strong>dioit:</strong></span> <span class='ocrx_word' id='word_1_68' title='bbox 268 1179 363 1256; x_wconf 86' lang='lat' dir='ltr'><strong>Virgo</strong></span> <span class='ocrx_word' id='word_1_69' title='bbox 386 1180 411 1238; x_wconf 90' lang='lat' dir='ltr'><strong>si</strong></span> <span class='ocrx_word' id='word_1_70' title='bbox 441 1177 542 1257; x_wconf 85' lang='lat' dir='ltr'><strong>nubit,</strong></span> <span class='ocrx_word' id='word_1_71' title='bbox 575 1198 635 1238; x_wconf 90' lang='lat' dir='ltr'><strong>nou</strong></span> <span class='ocrx_word' id='word_1_72' title='bbox 664 1183 789 1257; x_wconf 77' lang='lat' dir='ltr'><strong>paueat,</strong></span> <span class='ocrx_word' id='word_1_73' title='bbox 824 1184 855 1236; x_wconf 84' lang='lat' dir='ltr'><strong>et</strong></span> <span class='ocrx_word' id='word_1_74' title='bbox 884 1177 910 1237; x_wconf 88' lang='lat' dir='ltr'><strong>si</strong></span> <span class='ocrx_word' id='word_1_75' title='bbox 932 1175 1056 1239; x_wconf 75' lang='lat' dir='ltr'><strong>duxeris</strong></span> 
     </span>
     <span class='ocr_line' id='line_1_12' title="bbox 135 1257 1056 1340; baseline -0.003 -20"><span class='ocrx_word' id='word_1_76' title='bbox 135 1280 275 1337; x_wconf 79' lang='lat' dir='ltr'><strong>uxorem,</strong></span> <span class='ocrx_word' id='word_1_77' title='bbox 298 1281 359 1321; x_wconf 90' lang='lat' dir='ltr'><strong>uon</strong></span> <span class='ocrx_word' id='word_1_78' title='bbox 383 1262 528 1340; x_wconf 77' lang='lat' dir='ltr'><strong>pensasti.</strong></span> <span class='ocrx_word' id='word_1_79' title='bbox 565 1262 634 1321; x_wconf 86' lang='lat' dir='ltr'><strong>Hoo</strong></span> <span class='ocrx_word' id='word_1_80' title='bbox 656 1261 825 1322; x_wconf 83' lang='lat' dir='ltr'><strong>dominatio</strong></span> <span class='ocrx_word' id='word_1_81' title='bbox 848 1265 951 1320; x_wconf 79' lang='lat' dir='ltr'><strong>vestra</strong></span> <span class='ocrx_word' id='word_1_82' title='bbox 971 1257 1056 1318; x_wconf 83' lang='lat' dir='ltr'><strong>indu·</strong></span> 
     </span>
     <span class='ocr_line' id='line_1_13' title="bbox 133 1340 1056 1423; baseline -0.002 -21"><span class='ocrx_word' id='word_1_83' title='bbox 133 1345 176 1403; x_wconf 83' lang='lat' dir='ltr'><strong>eit</strong></span> <span class='ocrx_word' id='word_1_84' title='bbox 198 1350 307 1404; x_wconf 82' lang='lat' dir='ltr'><strong>eontra</strong></span> <span class='ocrx_word' id='word_1_85' title='bbox 328 1344 504 1417; x_wconf 69' lang='lat' dir='ltr'><strong>Lutherum,</strong></span> <span class='ocrx_word' id='word_1_86' title='bbox 524 1351 557 1404; x_wconf 86' lang='lat' dir='ltr'><strong>et</strong></span> <span class='ocrx_word' id='word_1_87' title='bbox 579 1363 640 1406; x_wconf 91' lang='lat' dir='ltr'><strong>uon</strong></span> <span class='ocrx_word' id='word_1_88' title='bbox 665 1343 858 1421; x_wconf 85' lang='lat' dir='ltr'><strong>uuneluditis‚</strong></span> <span class='ocrx_word' id='word_1_89' title='bbox 881 1343 953 1423; x_wconf 75' lang='lat' dir='ltr'><strong>quia</strong></span> <span class='ocrx_word' id='word_1_90' title='bbox 974 1340 1056 1401; x_wconf 85' lang='lat' dir='ltr'><strong>idem</strong></span> 
     </span>
     <span class='ocr_line' id='line_1_14' title="bbox 136 1427 1056 1507; baseline -0.001 -21"><span class='ocrx_word' id='word_1_91' title='bbox 136 1434 182 1486; x_wconf 88' lang='lat' dir='ltr'><strong>est</strong></span> <span class='ocrx_word' id='word_1_92' title='bbox 205 1445 273 1486; x_wconf 87' lang='lat' dir='ltr'><strong>oum</strong></span> <span class='ocrx_word' id='word_1_93' title='bbox 295 1427 366 1487; x_wconf 87' lang='lat' dir='ltr'><strong>illo:</strong></span> <span class='ocrx_word' id='word_1_94' title='bbox 390 1427 459 1487; x_wconf 90' lang='lat' dir='ltr'><strong>Nou</strong></span> <span class='ocrx_word' id='word_1_95' title='bbox 483 1436 590 1507; x_wconf 82' lang='lat' dir='ltr'><strong>regnet</strong></span> <span class='ocrx_word' id='word_1_96' title='bbox 612 1436 774 1507; x_wconf 82' lang='lat' dir='ltr'><strong>pensatum</strong></span> <span class='ocrx_word' id='word_1_97' title='bbox 797 1427 828 1486; x_wconf 88' lang='lat' dir='ltr'><strong>in</strong></span> <span class='ocrx_word' id='word_1_98' title='bbox 852 1443 983 1505; x_wconf 74' lang='lat' dir='ltr'><strong>corpore</strong></span> <span class='ocrx_word' id='word_1_99' title='bbox 1005 1443 1056 1484; x_wconf 75' lang='lat' dir='ltr'><strong>ve-</strong></span> 
     </span>
     <span class='ocr_line' id='line_1_15' title="bbox 137 1506 1057 1590; baseline -0.002 -22"><span class='ocrx_word' id='word_1_100' title='bbox 137 1519 210 1589; x_wconf 72' lang='lat' dir='ltr'><strong>stro,</strong></span> <span class='ocrx_word' id='word_1_101' title='bbox 232 1529 307 1588; x_wconf 88' lang='lat' dir='ltr'><strong>ergo</strong></span> <span class='ocrx_word' id='word_1_102' title='bbox 332 1510 369 1570; x_wconf 92' lang='lat' dir='ltr'><strong>de</strong></span> <span class='ocrx_word' id='word_1_103' title='bbox 391 1517 542 1589; x_wconf 85' lang='lat' dir='ltr'><strong>regnanto</strong></span> <span class='ocrx_word' id='word_1_104' title='bbox 566 1508 694 1590; x_wconf 84' lang='lat' dir='ltr'><strong>paueato</strong></span> <span class='ocrx_word' id='word_1_105' title='bbox 718 1510 869 1589; x_wconf 74' lang='lat' dir='ltr'><strong>loquitur,</strong></span> <span class='ocrx_word' id='word_1_106' title='bbox 891 1507 974 1588; x_wconf 84' lang='lat' dir='ltr'><strong>quod</strong></span> <span class='ocrx_word' id='word_1_107' title='bbox 994 1506 1057 1567; x_wconf 86' lang='lat' dir='ltr'><strong>diu-</strong></span> 
     </span>
     <span class='ocr_line' id='line_1_16' title="bbox 137 1590 1056 1672; baseline -0.003 -19"><span class='ocrx_word' id='word_1_108' title='bbox 137 1593 229 1653; x_wconf 88' lang='lat' dir='ltr'><strong>tiunis</strong></span> <span class='ocrx_word' id='word_1_109' title='bbox 258 1594 352 1656; x_wconf 82' lang='lat' dir='ltr'><strong>series</strong></span> <span class='ocrx_word' id='word_1_110' title='bbox 375 1593 502 1672; x_wconf 82' lang='lat' dir='ltr'><strong>probat,</strong></span> <span class='ocrx_word' id='word_1_111' title='bbox 536 1595 608 1672; x_wconf 90' lang='lat' dir='ltr'><strong>quia</strong></span> <span class='ocrx_word' id='word_1_112' title='bbox 636 1593 675 1654; x_wconf 90' lang='lat' dir='ltr'><strong>de</strong></span> <span class='ocrx_word' id='word_1_113' title='bbox 696 1594 817 1655; x_wconf 84' lang='lat' dir='ltr'><strong>Sunetis</strong></span> <span class='ocrx_word' id='word_1_114' title='bbox 848 1592 999 1672; x_wconf 74' lang='lat' dir='ltr'><strong>monitos,</strong></span> <span class='ocrx_word' id='word_1_115' title='bbox 1025 1590 1056 1650; x_wconf 89' lang='lat' dir='ltr'><strong>iu</strong></span> 
     </span>
     <span class='ocr_line' id='line_1_17' title="bbox 136 1674 1057 1756; baseline -0.002 -21"><span class='ocrx_word' id='word_1_116' title='bbox 136 1675 246 1754; x_wconf 83' lang='lat' dir='ltr'><strong>quibus</strong></span> <span class='ocrx_word' id='word_1_117' title='bbox 268 1676 383 1735; x_wconf 87' lang='lat' dir='ltr'><strong>nullum</strong></span> <span class='ocrx_word' id='word_1_118' title='bbox 398 1684 559 1755; x_wconf 83' lang='lat' dir='ltr'><strong>peecatum</strong></span> <span class='ocrx_word' id='word_1_119' title='bbox 573 1683 691 1756; x_wconf 80' lang='lat' dir='ltr'><strong>regnat.</strong></span> <span class='ocrx_word' id='word_1_120' title='bbox 735 1677 847 1738; x_wconf 82' lang='lat' dir='ltr'><strong>Nonne</strong></span> <span class='ocrx_word' id='word_1_121' title='bbox 869 1674 1057 1736; x_wconf 81' lang='lat' dir='ltr'><strong>etLuthorus</strong></span> 
     </span>
     <span class='ocr_line' id='line_1_18' title="bbox 138 1757 1058 1838; baseline -0.003 -20"><span class='ocrx_word' id='word_1_122' title='bbox 138 1759 232 1818; x_wconf 86' lang='lat' dir='ltr'><strong>multo</strong></span> <span class='ocrx_word' id='word_1_123' title='bbox 257 1759 375 1836; x_wconf 77' lang='lat' dir='ltr'><strong>fortius,</strong></span> <span class='ocrx_word' id='word_1_124' title='bbox 397 1779 489 1838; x_wconf 89' lang='lat' dir='ltr'><strong>quam</strong></span> <span class='ocrx_word' id='word_1_125' title='bbox 514 1779 579 1837; x_wconf 82' lang='lat' dir='ltr'><strong>vos,</strong></span> <span class='ocrx_word' id='word_1_126' title='bbox 602 1759 679 1820; x_wconf 84' lang='lat' dir='ltr'><strong>dixit</strong></span> <span class='ocrx_word' id='word_1_127' title='bbox 701 1778 742 1819; x_wconf 90' lang='lat' dir='ltr'><strong>ex</strong></span> <span class='ocrx_word' id='word_1_128' title='bbox 765 1763 793 1821; x_wconf 82' lang='lat' dir='ltr'><strong>i.</strong></span> <span class='ocrx_word' id='word_1_129' title='bbox 817 1759 919 1820; x_wconf 86' lang='lat' dir='ltr'><strong>lohan.</strong></span> <span class='ocrx_word' id='word_1_130' title='bbox 942 1759 976 1822; x_wconf 84' lang='lat'><strong>3:</strong></span> <span class='ocrx_word' id='word_1_131' title='bbox 998 1757 1058 1832; x_wconf 70' lang='lat' dir='ltr'><strong>Qui</strong></span> 
     </span>
     <span class='ocr_line' id='line_1_19' title="bbox 137 1843 1059 1923; baseline -0.002 -22"><span class='ocrx_word' id='word_1_132' title='bbox 137 1850 226 1901; x_wconf 85' lang='lat' dir='ltr'><strong>natus</strong></span> <span class='ocrx_word' id='word_1_133' title='bbox 249 1850 358 1901; x_wconf 86' lang='lat' dir='ltr'><strong>estex</strong></span> <span class='ocrx_word' id='word_1_134' title='bbox 381 1843 462 1919; x_wconf 86' lang='lat' dir='ltr'><strong>Deo,</strong></span> <span class='ocrx_word' id='word_1_135' title='bbox 491 1861 552 1902; x_wconf 90' lang='lat' dir='ltr'><strong>non</strong></span> <span class='ocrx_word' id='word_1_136' title='bbox 576 1849 701 1921; x_wconf 83' lang='lat' dir='ltr'><strong>pauset,</strong></span> <span class='ocrx_word' id='word_1_137' title='bbox 729 1851 760 1901; x_wconf 86' lang='lat' dir='ltr'><strong>at</strong></span> <span class='ocrx_word' id='word_1_138' title='bbox 781 1861 843 1903; x_wconf 90' lang='lat' dir='ltr'><strong>uon</strong></span> <span class='ocrx_word' id='word_1_139' title='bbox 867 1847 970 1923; x_wconf 89' lang='lat' dir='ltr'><strong>potest</strong></span> <span class='ocrx_word' id='word_1_140' title='bbox 991 1857 1059 1919; x_wconf 86' lang='lat' dir='ltr'><strong>pou-</strong></span> 
     </span>
     <span class='ocr_line' id='line_1_20' title="bbox 137 1924 1058 2006; baseline -0.004 -21"><span class='ocrx_word' id='word_1_141' title='bbox 137 1925 231 1985; x_wconf 81' lang='lat' dir='ltr'><strong>uare?</strong></span> <span class='ocrx_word' id='word_1_142' title='bbox 255 1925 420 2006; x_wconf 83' lang='lat' dir='ltr'><strong>Repugnat</strong></span> <span class='ocrx_word' id='word_1_143' title='bbox 433 1927 513 1985; x_wconf 87' lang='lat' dir='ltr'><strong>anim</strong></span> <span class='ocrx_word' id='word_1_144' title='bbox 532 1946 570 1985; x_wconf 83' lang='lat' dir='ltr'><strong>ex</strong></span> <span class='ocrx_word' id='word_1_145' title='bbox 583 1926 650 1986; x_wconf 87' lang='lat' dir='ltr'><strong>Deo</strong></span> <span class='ocrx_word' id='word_1_146' title='bbox 664 1943 733 1986; x_wconf 87' lang='lat' dir='ltr'><strong>esse</strong></span> <span class='ocrx_word' id='word_1_147' title='bbox 755 1933 786 1986; x_wconf 85' lang='lat' dir='ltr'><strong>et</strong></span> <span class='ocrx_word' id='word_1_148' title='bbox 799 1941 940 2005; x_wconf 76' lang='lat' dir='ltr'><strong>peooaue.</strong></span> <span class='ocrx_word' id='word_1_149' title='bbox 963 1924 1058 2002; x_wconf 83' lang='lat' dir='ltr'><strong>Virgo</strong></span> 
     </span>
     <span class='ocr_line' id='line_1_21' title="bbox 137 2007 1092 2089; baseline -0.004 -21"><span class='ocrx_word' id='word_1_150' title='bbox 137 2007 225 2068; x_wconf 88' lang='lat' dir='ltr'><strong>nubit</strong></span> <span class='ocrx_word' id='word_1_151' title='bbox 246 2015 276 2067; x_wconf 90' lang='lat' dir='ltr'><strong>et</strong></span> <span class='ocrx_word' id='word_1_152' title='bbox 296 2027 360 2068; x_wconf 85' lang='lat' dir='ltr'><strong>non</strong></span> <span class='ocrx_word' id='word_1_153' title='bbox 383 2017 507 2089; x_wconf 77' lang='lat' dir='ltr'><strong>peceat,</strong></span> <span class='ocrx_word' id='word_1_154' title='bbox 532 2010 632 2069; x_wconf 87' lang='lat' dir='ltr'><strong>minus</strong></span> <span class='ocrx_word' id='word_1_155' title='bbox 655 2016 721 2082; x_wconf 67' lang='lat' dir='ltr'><strong>est,</strong></span> <span class='ocrx_word' id='word_1_156' title='bbox 757 2027 849 2088; x_wconf 88' lang='lat' dir='ltr'><strong>quam</strong></span> <span class='ocrx_word' id='word_1_157' title='bbox 871 2025 934 2068; x_wconf 92' lang='lat' dir='ltr'><strong>non</strong></span> <span class='ocrx_word' id='word_1_158' title='bbox 957 2011 1060 2087; x_wconf 87' lang='lat' dir='ltr'><strong>potest</strong></span> <span class='ocrx_word' id='word_1_159' title='bbox 1085 2014 1092 2028; x_wconf 81' lang='lat'><strong>·</strong></span> 
     </span>
     <span class='ocr_line' id='line_1_22' title="bbox 137 2090 1057 2170; baseline -0.002 -20"><span class='ocrx_word' id='word_1_160' title='bbox 137 2103 276 2170; x_wconf 78' lang='lat' dir='ltr'><strong>paudere.</strong></span> <span class='ocrx_word' id='word_1_161' title='bbox 321 2090 389 2151; x_wconf 84' lang='lat' dir='ltr'><strong>Hoo</strong></span> <span class='ocrx_word' id='word_1_162' title='bbox 409 2092 520 2151; x_wconf 88' lang='lat' dir='ltr'><strong>Paulus</strong></span> <span class='ocrx_word' id='word_1_163' title='bbox 542 2092 616 2152; x_wconf 86' lang='lat' dir='ltr'><strong>dioit</strong></span> <span class='ocrx_word' id='word_1_164' title='bbox 638 2092 682 2152; x_wconf 86' lang='lat' dir='ltr'><strong>siu</strong></span> <span class='ocrx_word' id='word_1_165' title='bbox 704 2093 814 2154; x_wconf 78' lang='lat' dir='ltr'><strong>Romu.</strong></span> <span class='ocrx_word' id='word_1_166' title='bbox 838 2093 871 2156; x_wconf 82' lang='lat'><strong>6:</strong></span> <span class='ocrx_word' id='word_1_167' title='bbox 894 2091 1057 2154; x_wconf 83' lang='lat' dir='ltr'><strong>Peaeatum</strong></span> 
     </span>
     <span class='ocr_line' id='line_1_23' title="bbox 138 2173 1057 2255; baseline 0 -23"><span class='ocrx_word' id='word_1_168' title='bbox 138 2173 226 2234; x_wconf 90' lang='lat' dir='ltr'><strong>vobis</strong></span> <span class='ocrx_word' id='word_1_169' title='bbox 248 2191 312 2234; x_wconf 89' lang='lat' dir='ltr'><strong>non</strong></span> <span class='ocrx_word' id='word_1_170' title='bbox 327 2173 541 2248; x_wconf 82' lang='lat' dir='ltr'><strong>dominabitur,</strong></span> <span class='ocrx_word' id='word_1_171' title='bbox 564 2175 594 2234; x_wconf 94' lang='lat' dir='ltr'><strong>id</strong></span> <span class='ocrx_word' id='word_1_172' title='bbox 618 2182 673 2251; x_wconf 86' lang='lat' dir='ltr'><strong>ast,</strong></span> <span class='ocrx_word' id='word_1_173' title='bbox 696 2195 757 2236; x_wconf 89' lang='lat' dir='ltr'><strong>non</strong></span> <span class='ocrx_word' id='word_1_174' title='bbox 773 2175 1057 2255; x_wconf 78' lang='lat' dir='ltr'><strong>potestispeuaaue,</strong></span> 
     </span>
     <span class='ocr_line' id='line_1_24' title="bbox 138 2257 855 2337; baseline 0.004 -21"><span class='ocrx_word' id='word_1_175' title='bbox 138 2258 295 2336; x_wconf 86' lang='lat' dir='ltr'><strong>quianon</strong></span> <span class='ocrx_word' id='word_1_176' title='bbox 318 2258 390 2316; x_wconf 89' lang='lat' dir='ltr'><strong>estis</strong></span> <span class='ocrx_word' id='word_1_177' title='bbox 413 2257 569 2336; x_wconf 81' lang='lat' dir='ltr'><strong>sublege,</strong></span> <span class='ocrx_word' id='word_1_178' title='bbox 592 2258 646 2317; x_wconf 85' lang='lat' dir='ltr'><strong>sed</strong></span> <span class='ocrx_word' id='word_1_179' title='bbox 668 2258 724 2319; x_wconf 93' lang='lat' dir='ltr'><strong>sub</strong></span> <span class='ocrx_word' id='word_1_180' title='bbox 748 2259 855 2337; x_wconf 84' lang='lat' dir='ltr'><strong>gretia.</strong></span> 
     </span>
    </p>
   </div>
   <div class='ocr_carea' id='block_1_4' title="bbox 136 2362 1089 3438">
    <p class='ocr_par' dir='ltr' id='par_1_4' title="bbox 136 2362 1089 3438">
     <span class='ocr_line' id='line_1_25' title="bbox 220 2362 1059 2443; baseline -0.001 -21"><span class='ocrx_word' id='word_1_181' title='bbox 220 2363 298 2422; x_wconf 87' lang='lat' dir='ltr'><strong>Nam</strong></span> <span class='ocrx_word' id='word_1_182' title='bbox 322 2369 353 2423; x_wconf 88' lang='lat' dir='ltr'><strong>et</strong></span> <span class='ocrx_word' id='word_1_183' title='bbox 373 2363 518 2423; x_wconf 87' lang='lat' dir='ltr'><strong>Lutomus</strong></span> <span class='ocrx_word' id='word_1_184' title='bbox 542 2365 593 2442; x_wconf 93' lang='lat' dir='ltr'><strong>qui</strong></span> <span class='ocrx_word' id='word_1_185' title='bbox 615 2363 703 2423; x_wconf 88' lang='lat' dir='ltr'><strong>dieit:</strong></span> <span class='ocrx_word' id='word_1_186' title='bbox 726 2364 833 2443; x_wconf 77' lang='lat' dir='ltr'><strong>‘Virgo</strong></span> <span class='ocrx_word' id='word_1_187' title='bbox 856 2362 974 2423; x_wconf 80' lang='lat' dir='ltr'><strong>nubens</strong></span> <span class='ocrx_word' id='word_1_188' title='bbox 996 2378 1059 2422; x_wconf 91' lang='lat' dir='ltr'><strong>non</strong></span> 
     </span>
     <span class='ocr_line' id='line_1_26' title="bbox 138 2445 1058 2529; baseline -0.005 -21"><span class='ocrx_word' id='word_1_189' title='bbox 138 2453 266 2529; x_wconf 81' lang='lat' dir='ltr'><strong>peceat,</strong></span> <span class='ocrx_word' id='word_1_190' title='bbox 291 2453 322 2507; x_wconf 87' lang='lat' dir='ltr'><strong>et</strong></span> <span class='ocrx_word' id='word_1_191' title='bbox 342 2445 507 2521; x_wconf 83' lang='lat' dir='ltr'><strong>Lutherus‚</strong></span> <span class='ocrx_word' id='word_1_192' title='bbox 532 2447 584 2525; x_wconf 89' lang='lat' dir='ltr'><strong>qui</strong></span> <span class='ocrx_word' id='word_1_193' title='bbox 606 2446 691 2506; x_wconf 91' lang='lat' dir='ltr'><strong>dieit:</strong></span> <span class='ocrx_word' id='word_1_194' title='bbox 736 2446 832 2526; x_wconf 80' lang='lat' dir='ltr'><strong>Virgo</strong></span> <span class='ocrx_word' id='word_1_195' title='bbox 855 2445 973 2506; x_wconf 85' lang='lat' dir='ltr'><strong>nubens</strong></span> <span class='ocrx_word' id='word_1_196' title='bbox 996 2462 1058 2504; x_wconf 88' lang='lat' dir='ltr'><strong>uon</strong></span> 
     </span>
     <span class='ocr_line' id='line_1_27' title="bbox 141 2530 1059 2613; baseline -0.003 -23"><span class='ocrx_word' id='word_1_197' title='bbox 141 2533 242 2590; x_wconf 82' lang='lat' dir='ltr'><strong>&#39;otest</strong></span> <span class='ocrx_word' id='word_1_198' title='bbox 263 2547 404 2607; x_wconf 85' lang='lat' dir='ltr'><strong>peooare,</strong></span> <span class='ocrx_word' id='word_1_199' title='bbox 426 2548 539 2608; x_wconf 81' lang='lat' dir='ltr'><strong>negare</strong></span> <span class='ocrx_word' id='word_1_200' title='bbox 562 2548 624 2590; x_wconf 88' lang='lat' dir='ltr'><strong>uon</strong></span> <span class='ocrx_word' id='word_1_201' title='bbox 645 2535 786 2608; x_wconf 78' lang='lat' dir='ltr'><strong>possunt,</strong></span> <span class='ocrx_word' id='word_1_202' title='bbox 809 2531 880 2613; x_wconf 82' lang='lat' dir='ltr'><strong>quin</strong></span> <span class='ocrx_word' id='word_1_203' title='bbox 897 2530 983 2608; x_wconf 83' lang='lat' dir='ltr'><strong>virgo</strong></span> <span class='ocrx_word' id='word_1_204' title='bbox 1005 2546 1059 2588; x_wconf 91' lang='lat' dir='ltr'><strong>nu-</strong></span> 
     </span>
     <span class='ocr_line' id='line_1_28' title="bbox 136 2550 1060 2692; baseline -0.003 -20"><span class='ocrx_word' id='word_1_205' title='bbox 136 2550 214 2672; x_wconf 76' lang='lat' dir='ltr'><strong>bens</strong></span> <span class='ocrx_word' id='word_1_206' title='bbox 237 2619 347 2692; x_wconf 85' lang='lat' dir='ltr'><strong>peoeet</strong></span> <span class='ocrx_word' id='word_1_207' title='bbox 368 2613 398 2671; x_wconf 90' lang='lat' dir='ltr'><strong>in</strong></span> <span class='ocrx_word' id='word_1_208' title='bbox 422 2611 578 2672; x_wconf 85' lang='lat' dir='ltr'><strong>reddendo</strong></span> <span class='ocrx_word' id='word_1_209' title='bbox 598 2607 702 2674; x_wconf 86' lang='lat' dir='ltr'><strong>debito</strong></span> <span class='ocrx_word' id='word_1_210' title='bbox 726 2613 836 2686; x_wconf 83' lang='lat' dir='ltr'><strong>earnis,</strong></span> <span class='ocrx_word' id='word_1_211' title='bbox 859 2617 891 2670; x_wconf 92' lang='lat' dir='ltr'><strong>ut</strong></span> <span class='ocrx_word' id='word_1_212' title='bbox 913 2610 1060 2671; x_wconf 92' lang='lat' dir='ltr'><strong>unanimi·</strong></span> 
     </span>
     <span class='ocr_line' id='line_1_29' title="bbox 138 2690 1060 2776; baseline -0.004 -22"><span class='ocrx_word' id='word_1_213' title='bbox 138 2702 184 2756; x_wconf 84' lang='lat' dir='ltr'><strong>ter</strong></span> <span class='ocrx_word' id='word_1_214' title='bbox 207 2714 314 2755; x_wconf 89' lang='lat' dir='ltr'><strong>omnes</strong></span> <span class='ocrx_word' id='word_1_215' title='bbox 336 2694 452 2770; x_wconf 76' lang='lat' dir='ltr'><strong>dieunt,</strong></span> <span class='ocrx_word' id='word_1_216' title='bbox 475 2700 506 2754; x_wconf 88' lang='lat' dir='ltr'><strong>et</strong></span> <span class='ocrx_word' id='word_1_217' title='bbox 527 2693 638 2776; x_wconf 89' lang='lat' dir='ltr'><strong>probat</strong></span> <span class='ocrx_word' id='word_1_218' title='bbox 652 2695 730 2758; x_wconf 86' lang='lat' dir='ltr'><strong>Paul.</strong></span> <span class='ocrx_word' id='word_1_219' title='bbox 752 2693 850 2769; x_wconf 82' lang='lat'>51:¹)</span> <span class='ocrx_word' id='word_1_220' title='bbox 876 2690 958 2754; x_wconf 73' lang='lat' dir='ltr'><strong>Eoos</strong></span> <span class='ocrx_word' id='word_1_221' title='bbox 980 2692 1060 2752; x_wconf 87' lang='lat' dir='ltr'><strong>euim</strong></span> 
     </span>
     <span class='ocr_line' id='line_1_30' title="bbox 137 2776 1063 2859; baseline -0.005 -21"><span class='ocrx_word' id='word_1_222' title='bbox 137 2780 168 2838; x_wconf 89' lang='lat' dir='ltr'><strong>in</strong></span> <span class='ocrx_word' id='word_1_223' title='bbox 183 2776 395 2856; x_wconf 86' lang='lat' dir='ltr'><strong>iniquitatibus</strong></span> <span class='ocrx_word' id='word_1_224' title='bbox 409 2784 577 2857; x_wconf 80' lang='lat' dir='ltr'><strong>conceptus</strong></span> <span class='ocrx_word' id='word_1_225' title='bbox 591 2797 668 2856; x_wconf 86' lang='lat' dir='ltr'><strong>sum,</strong></span> <span class='ocrx_word' id='word_1_226' title='bbox 688 2778 757 2837; x_wconf 89' lang='lat' dir='ltr'><strong>etin</strong></span> <span class='ocrx_word' id='word_1_227' title='bbox 770 2776 906 2859; x_wconf 78' lang='lat' dir='ltr'><strong>peccatis</strong></span> <span class='ocrx_word' id='word_1_228' title='bbox 920 2776 1063 2855; x_wconf 79' lang='lat' dir='ltr'><strong>concepit</strong></span> 
     </span>
     <span class='ocr_line' id='line_1_31' title="bbox 139 2859 1063 2942; baseline -0.005 -20"><span class='ocrx_word' id='word_1_229' title='bbox 139 2881 188 2922; x_wconf 92' lang='lat' dir='ltr'><strong>me</strong></span> <span class='ocrx_word' id='word_1_230' title='bbox 211 2863 309 2921; x_wconf 87' lang='lat' dir='ltr'><strong>mater</strong></span> <span class='ocrx_word' id='word_1_231' title='bbox 332 2879 409 2921; x_wconf 86' lang='lat' dir='ltr'><strong>mea.</strong></span> <span class='ocrx_word' id='word_1_232' title='bbox 454 2859 618 2935; x_wconf 79' lang='lat' dir='ltr'><strong>Quomodo</strong></span> <span class='ocrx_word' id='word_1_233' title='bbox 653 2879 728 2942; x_wconf 77' lang='lat' dir='ltr'><strong>ergo</strong></span> <span class='ocrx_word' id='word_1_234' title='bbox 751 2866 860 2942; x_wconf 81' lang='lat' dir='ltr'><strong>peceat</strong></span> <span class='ocrx_word' id='word_1_235' title='bbox 891 2859 1009 2920; x_wconf 87' lang='lat' dir='ltr'><strong>nubens</strong></span> <span class='ocrx_word' id='word_1_236' title='bbox 1031 2865 1063 2917; x_wconf 90' lang='lat' dir='ltr'><strong>et</strong></span> 
     </span>
     <span class='ocr_line' id='line_1_32' title="bbox 139 2941 1060 3023; baseline -0.004 -19"><span class='ocrx_word' id='word_1_237' title='bbox 139 2960 200 3005; x_wconf 85' lang='lat' dir='ltr'><strong>non</strong></span> <span class='ocrx_word' id='word_1_238' title='bbox 224 2943 355 3023; x_wconf 83' lang='lat' dir='ltr'><strong>peceat?</strong></span> <span class='ocrx_word' id='word_1_239' title='bbox 397 2941 446 3002; x_wconf 85' lang='lat' dir='ltr'><strong>An</strong></span> <span class='ocrx_word' id='word_1_240' title='bbox 470 2942 587 3003; x_wconf 85' lang='lat' dir='ltr'><strong>nubere</strong></span> <span class='ocrx_word' id='word_1_241' title='bbox 608 2943 753 3005; x_wconf 90' lang='lat' dir='ltr'><strong>Latomus</strong></span> <span class='ocrx_word' id='word_1_242' title='bbox 789 2961 827 3004; x_wconf 88' lang='lat' dir='ltr'><strong>eo</strong></span> <span class='ocrx_word' id='word_1_243' title='bbox 849 2948 967 3004; x_wconf 85' lang='lat' dir='ltr'><strong>tantum</strong></span> <span class='ocrx_word' id='word_1_244' title='bbox 1001 2946 1060 3001; x_wconf 87' lang='lat' dir='ltr'><strong>tra-</strong></span> 
     </span>
     <span class='ocr_line' id='line_1_33' title="bbox 138 3023 1062 3106; baseline -0.006 -19"><span class='ocrx_word' id='word_1_245' title='bbox 138 3027 199 3104; x_wconf 82' lang='lat' dir='ltr'><strong>het,</strong></span> <span class='ocrx_word' id='word_1_246' title='bbox 223 3025 305 3106; x_wconf 87' lang='lat' dir='ltr'><strong>quod</strong></span> <span class='ocrx_word' id='word_1_247' title='bbox 325 3028 354 3085; x_wconf 93' lang='lat' dir='ltr'><strong>in</strong></span> <span class='ocrx_word' id='word_1_248' title='bbox 374 3025 570 3105; x_wconf 78' lang='lat' dir='ltr'><strong>sponsalibus</strong></span> <span class='ocrx_word' id='word_1_249' title='bbox 585 3027 684 3105; x_wconf 84' lang='lat' dir='ltr'><strong>egitur</strong></span> <span class='ocrx_word' id='word_1_250' title='bbox 706 3034 777 3087; x_wconf 87' lang='lat' dir='ltr'><strong>ente</strong></span> <span class='ocrx_word' id='word_1_251' title='bbox 799 3033 919 3087; x_wconf 81' lang='lat' dir='ltr'><strong>sueretu</strong></span> <span class='ocrx_word' id='word_1_252' title='bbox 931 3023 1062 3085; x_wconf 78' lang='lat' dir='ltr'><strong>nubilis?</strong></span> 
     </span>
     <span class='ocr_line' id='line_1_34' title="bbox 138 3107 1062 3191; baseline -0.008 -20"><span class='ocrx_word' id='word_1_253' title='bbox 138 3109 208 3171; x_wconf 83' lang='lat' dir='ltr'><strong>Nou</strong></span> <span class='ocrx_word' id='word_1_254' title='bbox 234 3108 329 3171; x_wconf 77' lang='lat' dir='ltr'><strong>eredo</strong></span> <span class='ocrx_word' id='word_1_255' title='bbox 353 3110 517 3190; x_wconf 88' lang='lat' dir='ltr'><strong>siuaperte</strong></span> <span class='ocrx_word' id='word_1_256' title='bbox 539 3109 820 3191; x_wconf 78' lang='lat' dir='ltr'><strong>sophisticaturum‚</strong></span> <span class='ocrx_word' id='word_1_257' title='bbox 843 3108 897 3169; x_wconf 87' lang='lat' dir='ltr'><strong>sed</strong></span> <span class='ocrx_word' id='word_1_258' title='bbox 920 3107 1062 3188; x_wconf 86' lang='lat' dir='ltr'><strong>sophisti-</strong></span> 
     </span>
     <span class='ocr_line' id='line_1_35' title="bbox 140 3191 1089 3275; baseline -0.002 -23"><span class='ocrx_word' id='word_1_259' title='bbox 140 3201 237 3255; x_wconf 82' lang='lat' dir='ltr'><strong>eetur.</strong></span> <span class='ocrx_word' id='word_1_260' title='bbox 264 3191 343 3267; x_wconf 82' lang='lat' dir='ltr'><strong>Quid</strong></span> <span class='ocrx_word' id='word_1_261' title='bbox 367 3191 405 3250; x_wconf 83' lang='lat' dir='ltr'><strong>ad</strong></span> <span class='ocrx_word' id='word_1_262' title='bbox 429 3191 502 3251; x_wconf 91' lang='lat' dir='ltr'><strong>illud</strong></span> <span class='ocrx_word' id='word_1_263' title='bbox 516 3198 725 3272; x_wconf 79' lang='lat' dir='ltr'><strong>praecaptum,</strong></span> <span class='ocrx_word' id='word_1_264' title='bbox 749 3191 832 3272; x_wconf 87' lang='lat' dir='ltr'><strong>quod</strong></span> <span class='ocrx_word' id='word_1_265' title='bbox 845 3191 959 3263; x_wconf 84' lang='lat' dir='ltr'><strong>ibidem</strong></span> <span class='ocrx_word' id='word_1_266' title='bbox 973 3203 1062 3271; x_wconf 82' lang='lat' dir='ltr'><strong>prae·</strong></span> <span class='ocrx_word' id='word_1_267' title='bbox 1088 3270 1089 3275; x_wconf 8' lang='grc' dir='ltr'>η</span> 
     </span>
     <span class='ocr_line' id='line_1_36' title="bbox 140 3272 1062 3352; baseline -0.003 -17"><span class='ocrx_word' id='word_1_268' title='bbox 140 3276 251 3336; x_wconf 84' lang='lat' dir='ltr'><strong>mittit?</strong></span> <span class='ocrx_word' id='word_1_269' title='bbox 280 3274 368 3334; x_wconf 83' lang='lat' dir='ltr'><strong>Uxor</strong></span> <span class='ocrx_word' id='word_1_270' title='bbox 389 3275 455 3334; x_wconf 81' lang='lat' dir='ltr'><strong>viro</strong></span> <span class='ocrx_word' id='word_1_271' title='bbox 480 3274 613 3335; x_wconf 90' lang='lat' dir='ltr'><strong>debitum</strong></span> <span class='ocrx_word' id='word_1_272' title='bbox 637 3274 760 3352; x_wconf 88' lang='lat' dir='ltr'><strong>reddat,</strong></span> <span class='ocrx_word' id='word_1_273' title='bbox 783 3282 813 3334; x_wconf 88' lang='lat' dir='ltr'><strong>et</strong></span> <span class='ocrx_word' id='word_1_274' title='bbox 834 3276 880 3335; x_wconf 84' lang='lat' dir='ltr'><strong>vir</strong></span> <span class='ocrx_word' id='word_1_275' title='bbox 901 3275 990 3335; x_wconf 84' lang='lat' dir='ltr'><strong>uxori</strong></span> <span class='ocrx_word' id='word_1_276' title='bbox 1013 3272 1062 3333; x_wconf 88' lang='lat' dir='ltr'><strong>de·</strong></span> 
     </span>
     <span class='ocr_line' id='line_1_37' title="bbox 139 3354 1062 3438; baseline -0.003 -21"><span class='ocrx_word' id='word_1_277' title='bbox 139 3360 235 3419; x_wconf 88' lang='lat' dir='ltr'><strong>bitum</strong></span> <span class='ocrx_word' id='word_1_278' title='bbox 260 3354 377 3416; x_wconf 85' lang='lat' dir='ltr'><strong>reddat.</strong></span> <span class='ocrx_word' id='word_1_279' title='bbox 423 3358 468 3416; x_wconf 89' lang='lat' dir='ltr'><strong>Au</strong></span> <span class='ocrx_word' id='word_1_280' title='bbox 492 3359 624 3418; x_wconf 83' lang='lat' dir='ltr'><strong>hicnon</strong></span> <span class='ocrx_word' id='word_1_281' title='bbox 648 3378 726 3438; x_wconf 92' lang='lat' dir='ltr'><strong>opus</strong></span> <span class='ocrx_word' id='word_1_282' title='bbox 757 3357 830 3417; x_wconf 87' lang='lat' dir='ltr'><strong>illud</strong></span> <span class='ocrx_word' id='word_1_283' title='bbox 851 3357 1062 3438; x_wconf 74' lang='lat' dir='ltr'><strong>conceptionis</strong></span> 
     </span>
    </p>
   </div>
   <div class='ocr_carea' id='block_1_5' title="bbox 138 3439 1062 3520">
    <p class='ocr_par' dir='ltr' id='par_1_5' title="bbox 138 3439 1062 3520">
     <span class='ocr_line' id='line_1_38' title="bbox 138 3439 1062 3520; baseline -0.002 -18"><span class='ocrx_word' id='word_1_284' title='bbox 138 3444 338 3520; x_wconf 78' lang='lat' dir='ltr'><strong>inpactum,</strong></span> <span class='ocrx_word' id='word_1_285' title='bbox 374 3439 455 3517; x_wconf 91' lang='lat' dir='ltr'><strong>quod</strong></span> <span class='ocrx_word' id='word_1_286' title='bbox 480 3440 578 3500; x_wconf 88' lang='lat' dir='ltr'><strong>David</strong></span> <span class='ocrx_word' id='word_1_287' title='bbox 609 3441 696 3518; x_wconf 86' lang='lat' dir='ltr'><strong>dioit,</strong></span> <span class='ocrx_word' id='word_1_288' title='bbox 735 3440 847 3502; x_wconf 81' lang='lat' dir='ltr'><strong>docet?</strong></span> <span class='ocrx_word' id='word_1_289' title='bbox 882 3441 922 3503; x_wconf 83' lang='lat' dir='ltr'><strong>At</strong></span> <span class='ocrx_word' id='word_1_290' title='bbox 944 3439 1062 3506; x_wconf 83' lang='lat' dir='ltr'><strong>uubeus</strong></span> 
     </span>
    </p>
   </div>
   <div class='ocr_carea' id='block_1_6' title="bbox 217 3727 525 3799">
    <p class='ocr_par' dir='ltr' id='par_1_6' title="bbox 217 3727 525 3799">
     <span class='ocr_line' id='line_1_39' title="bbox 217 3727 525 3799; baseline 0.003 -15"><span class='ocrx_word' id='word_1_291' title='bbox 217 3731 245 3795; x_wconf 79' lang='lat'><strong>1)</strong></span> <span class='ocrx_word' id='word_1_292' title='bbox 267 3727 298 3782; x_wconf 86' lang='lat' dir='ltr'><strong>In</strong></span> <span class='ocrx_word' id='word_1_293' title='bbox 317 3727 359 3783; x_wconf 84' lang='lat' dir='ltr'><strong>sd.</strong></span> <span class='ocrx_word' id='word_1_294' title='bbox 379 3730 463 3799; x_wconf 84' lang='lat' dir='ltr'><strong>orig.:</strong></span> <span class='ocrx_word' id='word_1_295' title='bbox 483 3729 525 3786; x_wconf 77' lang='grc'><strong>50.</strong></span> 
     </span>
    </p>
   </div>
   <div class='ocr_carea' id='block_1_7' title="bbox 0 0 1210 4170">
    <p class='ocr_par' dir='ltr' id='par_1_7' title="bbox 0 0 1210 4170">
     <span class='ocr_line' id='line_1_40' title="bbox 0 0 1210 4170; baseline 0 0"><span class='ocrx_word' id='word_1_296' title='bbox 0 0 1210 4170; x_wconf 95' lang='lat' dir='ltr'><strong> </strong></span> 
     </span>
    </p>
   </div>
  </div>
 </body>
</html>
