2392 4170
137 238 201 306 366
368 245 522 313 Responsio
541 244 846 300 umbrorum

139 394 285 457 debemus
307 396 396 456 buius
418 398 499 476 regis
519 396 674 473 lecterius,
696 416 773 476 qnos
794 395 1058 472 Petructlnh

139 487 173 538 ot
192 477 341 556 ridemus,
363 497 455 560 quens
476 479 624 560 graphice
651 489 683 542 ot
703 483 830 562 egregie
854 481 1059 561 depinxerunt

139 579 208 621 cnm
230 561 368 622 loeiebus
390 572 421 621 et
442 561 586 623 efficaciis
608 562 798 627 illisolieoie
821 562 1060 644 Esquilinum

137 643 253 705 tructus
275 652 306 705 st
327 663 405 726 opus
426 645 562 705 illorum:

362 810 630 871 Etlmircbilie
649 811 835 873 vastabit.

219 937 288 999 Hoc
308 939 505 1021 vocobulum¹
527 937 695 1015 mirabilia,
717 939 798 1019 quod
821 938 965 1007 hebraice
987 936 1058 1007 dici·

137 1030 184 1083 tur
207 1018 386 1101 Nipblootb,
406 1020 478 1089 ellbi
500 1021 695 1097 transfertur,
724 1020 905 1101 magnifice,
934 1040 1058 1099 mcens,

136 1104 269 1179 occulte,
290 1112 322 1165 ut
342 1104 422 1173 Dun.
436 1108 491 1169 11:
516 1102 630 1167 Contra
649 1104 747 1171 Deum
772 1106 898 1177 deorum
917 1103 1059 1189 loquetur

138 1185 309 1266 magnifico.
353 1186 487 1256 Verbum
510 1195 630 1249 restore
651 1186 725 1249 illud
754 1196 816 1266 est,
844 1206 905 1268 quo
928 1184 1008 1257 Gen.
1030 1189 1058 1259 6.

136 1269 287 1345 scribitur,
308 1277 419 1333 terrem
442 1289 511 1337 esse
533 1279 706 1351 corruptam
730 1279 760 1331 et
782 1290 906 1339 ornnem
933 1288 1058 1339 carnem

136 1354 309 1432 corrupisse
338 1356 419 1415 vion
458 1373 545 1423 sueni
579 1360 609 1413 et
630 1352 728 1417 neum
759 1362 970 1496 corrupturum
1003 1372 1057 1421 seu

135 1435 322 1515 perditurum
350 1455 404 1507 eos
434 1455 503 1497 cum
533 1442 630 1514 terre,
660 1445 694 1498 ut
715 1438 823 1505 melius
856 1444 922 1498 orte
944 1436 1057 1499 dicere·

136 1538 202 1579 mus
223 1517 286 1580 boc
307 1519 394 1591 loco:
424 1518 463 1581 Bt
485 1519 635 1579 mirabilis
657 1526 844 1600 corrumpet„
883 1519 1056 1601 Ambignns

135 1611 237 1671 cutem
260 1610 306 1663 est
329 1602 454 1678 Daniel,
477 1609 510 1664 ut
533 1604 652 1685 possint
679 1602 808 1683 intelligi
836 1602 887 1662 vel
907 1622 945 1663 es
966 1596 1056 1671 mire·

135 1684 217 1763 bilis,
240 1703 320 1764 queo
341 1684 458 1757 invadit
479 1705 535 1755 repr
555 1685 618 1761 ille,
641 1692 872 1765 utcorrumpet,
894 1685 941 1745 vel
960 1703 1057 1767 opero

135 1768 211 1844 eius,
233 1787 312 1848 quoe
333 1770 493 1859 perpetret
510 1770 541 1833 in
564 1768 794 1859 corrumpendis
818 1768 894 1845 illis,
927 1786 984 1829 ceu
1008 1788 1056 1829 res

133 1854 198 1911 eius
226 1859 330 1931 gestos
359 1850 495 1931 eppellut
527 1850 679 1921 mirabiles
710 1859 752 1927 et.
770 1850 974 1927 incredibiles.
1018 1850 1056 1913 Et

134 1933 214 1993 bunc
235 1935 436 2016 posteriorem
459 1953 581 2009 sensum
610 1935 748 2017 sequitur
770 1943 874 2013 poster
895 1934 1056 2021 interpres,

134 2034 224 2097 quem
248 2024 279 2085 et
301 2036 357 2087 nos
379 2034 558 2096 sequemur,
580 2016 652 2078 licet
672 2018 755 2097 prior
776 2018 865 2089 simul
894 2036 985 2077 verus
1007 2018 1054 2087 sit.

134 2099 215 2159 Vere
238 2101 317 2159 enirn
341 2108 411 2159 sunt
434 2096 609 2181 magnifice,
631 2118 710 2180 quae
733 2100 916 2179 corrumpit,
947 2098 1003 2160 sed
1024 2101 1053 2163 in

132 2183 240 2324 {piritu
263 2192 293 2242 et
314 2181 376 2243 lide
397 2181 496 2251 solum
520 2182 708 2273 spectabilis.
752 2183 817 2245 Erit
839 2201 912 2262 ergo
935 2203 1058 2245 sensus:

160 2272 172 2325 t
194 2264 370 2325 mirabiliter
392 2273 576 2346 corrumpet,
598 2285 652 2325 seu
676 2285 725 2325 ms
748 2286 804 2325 nus
823 2274 853 2337 et
867 2266 1054 2327 incredibilis

132 2358 294 2428 corruptor
318 2349 391 2426 erit,
415 2366 476 2408 non
501 2351 580 2408 enim
604 2349 632 2408 id
655 2285 747 2429 quos}
767 2368 913 2430 passuros
934 2349 1055 2409 luerunt

134 2451 182 2491 res
205 2431 304 2493 bonae
334 2431 473 2512 abipso,
508 2432 561 2493 sed
585 2450 675 2512 quoni
702 2431 830 2513 grandis
864 2431 915 2492 ille
947 2434 977 2492 in
1006 2451 1054 2492 res

134 2515 231 2576 bonas
254 2523 335 2575 esset
357 2522 548 2596 operaturus¹
569 2513 729 2591 describit,
756 2515 907 2575 fortunam
937 2517 1002 2576 eius
1025 2523 1054 2576 et

133 2616 309 2660 successum
333 2594 509 2667 ostendens.

214 2681 283 2742 Non
306 2701 380 2763 ergo
397 2679 436 2742 de
453 2681 625 2749 vostatione
642 2680 690 2747 vel
707 2681 901 2763 corruptione
919 2682 1054 2743 violento

132 2764 281 2846 loquitur,
305 2784 365 2846 quo
388 2763 480 2825 modo
504 2765 624 2846 tyranni
648 2783 702 2846 per
724 2762 804 2824 belle
826 2766 928 2824 etvirn
953 2783 1051 2825 armo-

132 2868 198 2909 rum
220 2857 316 2911 terres
339 2855 370 2908 et
391 2867 486 2929 regne
508 2854 639 2908 restent.
684 2845 788 2922 Qualis
812 2848 891 2907 enim
905 2867 970 2924 rex,
983 2847 1052 2909 tells

133 2940 164 2992 et
186 2932 318 2993 vastatio
341 2930 416 3008 eius,
439 2928 574 2993 faciebus
597 2930 714 2991 scilicet
737 2938 767 2990 et
788 2931 1050 3012 propositionibus

133 3015 237 3076 omnis
259 3014 361 3091 faciet,
378 3021 409 3073 et
428 3014 464 3074 iis
487 3033 548 3074 non
572 3013 628 3073 nisi
653 3033 707 3094 per
729 3013 859 3074 alienam
882 3012 1051 3076 elflcsoisrn

131 3097 292 3173 roboratis,
316 3115 376 3157 non
400 3097 491 3157 ermis
514 3115 571 3156 nec
590 3096 702 3157 viribus
723 3097 837 3177 ingenii
860 3104 890 3167 et
910 3096 1051 3159 eruditio·

132 3182 189 3259 nis,
211 3179 241 3241 id
264 3179 347 3261 quod
370 3178 485 3240 indicet
507 3198 638 3259 sequens
662 3198 777 3260 versus,
800 3179 919 3241 dicens:

132 3346 179 3407 Et
199 3344 503 3429 prosperabitur
533 3352 571 3407 et
592 3345 710 3405 lcoiet
732 3352 768 3405 et
794 3343 969 3415 vastabit
991 3366 1050 3407 ro·

132 3428 288 3506 hortos,
311 3436 348 3490 et
369 3430 562 3573 populum·
590 3426 822 3525 Sanctorum
844 3436 878 3488 et
908 3429 1048 3509 dirige·

341 3518 400 3573 tur
448 3512 532 3573 olus
555 3532 589 3571 ιιι
614 3532 721 3572 ιιιιιιιιι
744 3531 837 3573 erus.

213 3643 413 3721 Consequens
435 3659 509 3720 ergo
539 3648 600 3717 est,
624 3660 684 3702 non
708 3640 815 3719 urbes,
841 3658 903 3711 noc
926 3641 1047 3787 provin·

130 3727 193 3787 oles
216 3726 255 3787 sb
277 3743 314 3789 eo
337 3725 461 3804 veruti,
482 3724 537 3791 ssd
559 3743 612 3785 eso
641 3743 701 3805 res,
734 3743 816 3805 quoe
845 3724 924 3789 trois
947 3742 984 3791 us
1017 3732 1047 3785 et
