<?xml version="1.0" encoding="UTF-8"?>
<!DOCTYPE html PUBLIC "-//W3C//DTD XHTML 1.0 Transitional//EN"
    "http://www.w3.org/TR/xhtml1/DTD/xhtml1-transitional.dtd">
<html xmlns="http://www.w3.org/1999/xhtml" xml:lang="en" lang="en">
 <head>
  <title>
</title>
<meta http-equiv="Content-Type" content="text/html;charset=utf-8" />
  <meta name='ocr-system' content='tesseract 3.04.00' />
  <meta name='ocr-capabilities' content='ocr_page ocr_carea ocr_par ocr_line ocrx_word'/>
</head>
<body>
  <div class='ocr_page' id='page_1' title='image "./dmartinilutheri03luthgoog_1015.png"; bbox 0 0 2392 4170; ppageno 0'>
   <div class='ocr_carea' id='block_1_1' title="bbox 149 240 739 315">
    <p class='ocr_par' dir='ltr' id='par_1_1' title="bbox 149 240 739 315">
     <span class='ocr_line' id='line_1_1' title="bbox 149 240 739 315; baseline -0.003 -15"><span class='ocrx_word' id='word_1_1' title='bbox 149 240 213 315; x_wconf 77' lang='lat'><strong>472</strong></span> <span class='ocrx_word' id='word_1_2' title='bbox 493 246 579 301; x_wconf 81' lang='lat' dir='ltr'><strong>Breve</strong></span> <span class='ocrx_word' id='word_1_3' title='bbox 597 240 739 315; x_wconf 76' lang='lat' dir='ltr'><strong>quoddam</strong></span> 
     </span>
    </p>
   </div>
   <div class='ocr_carea' id='block_1_2' title="bbox 135 410 1165 1248">
    <p class='ocr_par' dir='ltr' id='par_1_2' title="bbox 151 410 1076 581">
     <span class='ocr_line' id='line_1_2' title="bbox 151 410 1075 487; baseline -0.009 -7"><span class='ocrx_word' id='word_1_4' title='bbox 151 415 259 482; x_wconf 82' lang='lat' dir='ltr'><strong>dibilis</strong></span> <span class='ocrx_word' id='word_1_5' title='bbox 278 414 410 480; x_wconf 79' lang='lat' dir='ltr'><strong>reddant</strong></span> <span class='ocrx_word' id='word_1_6' title='bbox 430 422 463 477; x_wconf 88' lang='lat' dir='ltr'><strong>et</strong></span> <span class='ocrx_word' id='word_1_7' title='bbox 485 413 557 477; x_wconf 88' lang='lat' dir='ltr'><strong>illos</strong></span> <span class='ocrx_word' id='word_1_8' title='bbox 579 420 727 477; x_wconf 79' lang='lat' dir='ltr'><strong>aeternas</strong></span> <span class='ocrx_word' id='word_1_9' title='bbox 746 410 959 474; x_wconf 68' lang='lat' dir='ltr'><strong>mansurnis</strong></span> <span class='ocrx_word' id='word_1_10' title='bbox 979 416 1075 487; x_wconf 68' lang='lat' dir='ltr'><strong>min,</strong></span> 
     </span>
     <span class='ocr_line' id='line_1_3' title="bbox 151 496 1076 581; baseline -0.01 -17"><span class='ocrx_word' id='word_1_11' title='bbox 151 500 209 564; x_wconf 83' lang='lat' dir='ltr'><strong>sibi</strong></span> <span class='ocrx_word' id='word_1_12' title='bbox 231 501 404 581; x_wconf 83' lang='lat' dir='ltr'><strong>ceterisque</strong></span> <span class='ocrx_word' id='word_1_13' title='bbox 425 497 615 561; x_wconf 82' lang='lat' dir='ltr'><strong>diffidentiae</strong></span> <span class='ocrx_word' id='word_1_14' title='bbox 635 496 705 560; x_wconf 84' lang='lat' dir='ltr'><strong>liliis</strong></span> <span class='ocrx_word' id='word_1_15' title='bbox 727 504 948 579; x_wconf 76' lang='lat' dir='ltr'><strong>praeparatae,</strong></span> <span class='ocrx_word' id='word_1_16' title='bbox 970 513 1076 557; x_wconf 85' lang='lat' dir='ltr'><strong>secum</strong></span> 
     </span>
    </p>

    <p class='ocr_par' dir='ltr' id='par_1_3' title="bbox 135 579 1165 1248">
     <span class='ocr_line' id='line_1_4' title="bbox 151 579 1165 646; baseline -0.005 -2"><span class='ocrx_word' id='word_1_17' title='bbox 151 584 320 646; x_wconf 79' lang='lat' dir='ltr'><strong>involvant.</strong></span> <span class='ocrx_word' id='word_1_18' title='bbox 558 579 563 589; x_wconf 85' lang='grc'><em>’</em></span> <span class='ocrx_word' id='word_1_19' title='bbox 1161 588 1165 597; x_wconf 92' lang='grc'><strong>“</strong></span> 
     </span>
     <span class='ocr_line' id='line_1_5' title="bbox 135 663 1076 763; baseline -0.005 -36"><span class='ocrx_word' id='word_1_20' title='bbox 135 717 141 727; x_wconf 92' lang='grc'><strong><em>.</em></strong></span> <span class='ocrx_word' id='word_1_21' title='bbox 234 666 296 730; x_wconf 74' lang='lat' dir='ltr'><strong>Sed</strong></span> <span class='ocrx_word' id='word_1_22' title='bbox 317 665 399 729; x_wconf 82' lang='lat' dir='ltr'><strong>idem</strong></span> <span class='ocrx_word' id='word_1_23' title='bbox 428 664 655 763; x_wconf 84' lang='lat' dir='ltr'><strong>proculdubio</strong></span> <span class='ocrx_word' id='word_1_24' title='bbox 678 664 832 746; x_wconf 70' lang='lat' dir='ltr'><strong>magistris</strong></span> <span class='ocrx_word' id='word_1_25' title='bbox 851 664 921 725; x_wconf 86' lang='lat' dir='ltr'><strong>istis</strong></span> <span class='ocrx_word' id='word_1_26' title='bbox 943 663 1076 740; x_wconf 76' lang='lat' dir='ltr'><strong>eueniet,</strong></span> 
     </span>
     <span class='ocr_line' id='line_1_6' title="bbox 151 746 1076 831; baseline -0.005 -19"><span class='ocrx_word' id='word_1_27' title='bbox 151 749 235 831; x_wconf 90' lang='lat' dir='ltr'><strong>qnod</strong></span> <span class='ocrx_word' id='word_1_28' title='bbox 247 749 496 812; x_wconf 80' lang='lat' dir='ltr'><strong>antecessoribus</strong></span> <span class='ocrx_word' id='word_1_29' title='bbox 516 751 663 831; x_wconf 92' lang='lat' dir='ltr'><strong>ipsorum,</strong></span> <span class='ocrx_word' id='word_1_30' title='bbox 685 747 852 810; x_wconf 81' lang='lat' dir='ltr'><strong>earundem</strong></span> <span class='ocrx_word' id='word_1_31' title='bbox 874 747 925 808; x_wconf 82' lang='lat' dir='ltr'><strong>vol</strong></span> <span class='ocrx_word' id='word_1_32' title='bbox 947 746 1076 807; x_wconf 78' lang='lat' dir='ltr'><strong>adamm</strong></span> 
     </span>
     <span class='ocr_line' id='line_1_7' title="bbox 152 828 1078 913; baseline -0.008 -17"><span class='ocrx_word' id='word_1_33' title='bbox 152 834 313 896; x_wconf 76' lang='lat' dir='ltr'><strong>haeresum</strong></span> <span class='ocrx_word' id='word_1_34' title='bbox 349 832 524 912; x_wconf 73' lang='lat' dir='ltr'><strong>autoribus,</strong></span> <span class='ocrx_word' id='word_1_35' title='bbox 555 834 677 912; x_wconf 86' lang='lat' dir='ltr'><strong>quoties</strong></span> <span class='ocrx_word' id='word_1_36' title='bbox 711 830 863 913; x_wconf 84' lang='lat' dir='ltr'><strong>superbos</strong></span> <span class='ocrx_word' id='word_1_37' title='bbox 899 828 1078 892; x_wconf 81' lang='lat' dir='ltr'><strong>intellectus</strong></span> 
     </span>
     <span class='ocr_line' id='line_1_8' title="bbox 149 914 1078 996; baseline -0.003 -19"><span class='ocrx_word' id='word_1_38' title='bbox 149 919 229 977; x_wconf 90' lang='lat' dir='ltr'><strong>&#39;snos</strong></span> <span class='ocrx_word' id='word_1_39' title='bbox 250 915 400 978; x_wconf 82' lang='lat' dir='ltr'><strong>adversus</strong></span> <span class='ocrx_word' id='word_1_40' title='bbox 417 918 575 977; x_wconf 85' lang='lat' dir='ltr'><strong>scientiam</strong></span> <span class='ocrx_word' id='word_1_41' title='bbox 588 916 644 978; x_wconf 86' lang='lat' dir='ltr'><strong>Dei</strong></span> <span class='ocrx_word' id='word_1_42' title='bbox 651 915 680 996; x_wconf 83' lang='lat'><strong>⁸)</strong></span> <span class='ocrx_word' id='word_1_43' title='bbox 698 914 849 976; x_wconf 80' lang='lat' dir='ltr'><strong>extollere</strong></span> <span class='ocrx_word' id='word_1_44' title='bbox 863 932 1078 995; x_wconf 83' lang='lat' dir='ltr'><strong>praesumpse·</strong></span> 
     </span>
     <span class='ocr_line' id='line_1_9' title="bbox 153 997 1077 1081; baseline -0.003 -21"><span class='ocrx_word' id='word_1_45' title='bbox 153 1007 239 1081; x_wconf 91' lang='lat' dir='ltr'><strong>rnnt,</strong></span> <span class='ocrx_word' id='word_1_46' title='bbox 274 1001 415 1061; x_wconf 83' lang='lat' dir='ltr'><strong>evenisse</strong></span> <span class='ocrx_word' id='word_1_47' title='bbox 450 1007 582 1062; x_wconf 79' lang='lat' dir='ltr'><strong>constat.</strong></span> <span class='ocrx_word' id='word_1_48' title='bbox 631 998 690 1074; x_wconf 78' lang='lat' dir='ltr'><strong>Qui</strong></span> <span class='ocrx_word' id='word_1_49' title='bbox 723 997 763 1060; x_wconf 85' lang='lat' dir='ltr'><strong>sd</strong></span> <span class='ocrx_word' id='word_1_50' title='bbox 797 1006 919 1079; x_wconf 87' lang='lat' dir='ltr'><strong>tempus</strong></span> <span class='ocrx_word' id='word_1_51' title='bbox 954 997 1077 1078; x_wconf 84' lang='lat' dir='ltr'><strong>quidem</strong></span> 
     </span>
     <span class='ocr_line' id='line_1_10' title="bbox 153 1083 1077 1165; baseline -0.003 -22"><span class='ocrx_word' id='word_1_52' title='bbox 153 1091 280 1164; x_wconf 85' lang='lat' dir='ltr'><strong>propter</strong></span> <span class='ocrx_word' id='word_1_53' title='bbox 306 1090 436 1165; x_wconf 85' lang='lat' dir='ltr'><strong>peccate</strong></span> <span class='ocrx_word' id='word_1_54' title='bbox 466 1083 623 1161; x_wconf 84' lang='lat' dir='ltr'><strong>hominnm</strong></span> <span class='ocrx_word' id='word_1_55' title='bbox 659 1083 833 1164; x_wconf 87' lang='lat' dir='ltr'><strong>prosperari</strong></span> <span class='ocrx_word' id='word_1_56' title='bbox 866 1088 898 1141; x_wconf 85' lang='lat' dir='ltr'><strong>et</strong></span> <span class='ocrx_word' id='word_1_57' title='bbox 931 1087 1077 1161; x_wconf 81' lang='lat' dir='ltr'><strong>tanquam</strong></span> 
     </span>
     <span class='ocr_line' id='line_1_11' title="bbox 153 1162 1165 1248; baseline -0.002 -22"><span class='ocrx_word' id='word_1_58' title='bbox 153 1184 247 1246; x_wconf 86' lang='lat' dir='ltr'><strong>supra</strong></span> <span class='ocrx_word' id='word_1_59' title='bbox 267 1165 378 1227; x_wconf 90' lang='lat' dir='ltr'><strong>cedros</strong></span> <span class='ocrx_word' id='word_1_60' title='bbox 390 1166 497 1227; x_wconf 88' lang='lat' dir='ltr'><strong>Libani</strong></span> <span class='ocrx_word' id='word_1_61' title='bbox 513 1165 737 1248; x_wconf 69' lang='lat' dir='ltr'><strong>superexaltari</strong></span> <span class='ocrx_word' id='word_1_62' title='bbox 755 1162 972 1247; x_wconf 86' lang='lat' dir='ltr'><strong>(permittente</strong></span> <span class='ocrx_word' id='word_1_63' title='bbox 990 1164 1075 1239; x_wconf 83' lang='lat' dir='ltr'><strong>Deo)</strong></span> <span class='ocrx_word' id='word_1_64' title='bbox 1162 1210 1165 1215; x_wconf 87' lang='lat'>.</span> 
     </span>
    </p>
   </div>
   <div class='ocr_carea' id='block_1_3' title="bbox 154 1246 1165 1330">
    <p class='ocr_par' dir='ltr' id='par_1_4' title="bbox 154 1246 1165 1330">
     <span class='ocr_line' id='line_1_12' title="bbox 154 1246 1165 1330; baseline 0.003 -22"><span class='ocrx_word' id='word_1_65' title='bbox 154 1249 321 1330; x_wconf 85' lang='lat' dir='ltr'><strong>visisunt,</strong></span> <span class='ocrx_word' id='word_1_66' title='bbox 348 1249 402 1311; x_wconf 90' lang='lat' dir='ltr'><strong>sed</strong></span> <span class='ocrx_word' id='word_1_67' title='bbox 425 1248 465 1310; x_wconf 88' lang='lat' dir='ltr'><strong>ad</strong></span> <span class='ocrx_word' id='word_1_68' title='bbox 487 1258 658 1311; x_wconf 83' lang='lat' dir='ltr'><strong>extremum</strong></span> <span class='ocrx_word' id='word_1_69' title='bbox 690 1267 813 1329; x_wconf 88' lang='lat' dir='ltr'><strong>semper</strong></span> <span class='ocrx_word' id='word_1_70' title='bbox 845 1249 922 1308; x_wconf 81' lang='lat' dir='ltr'><strong>vicit</strong></span> <span class='ocrx_word' id='word_1_71' title='bbox 956 1246 1078 1309; x_wconf 85' lang='lat' dir='ltr'><strong>menda·</strong></span> <span class='ocrx_word' id='word_1_72' title='bbox 1162 1302 1165 1311; x_wconf 94' lang='lat'>.</span> 
     </span>
    </p>
   </div>
   <div class='ocr_carea' id='block_1_4' title="bbox 154 1329 1165 1831">
    <p class='ocr_par' dir='ltr' id='par_1_5' title="bbox 154 1329 1165 1831">
     <span class='ocr_line' id='line_1_13' title="bbox 154 1329 1165 1415; baseline -0.002 -22"><span class='ocrx_word' id='word_1_73' title='bbox 154 1332 279 1409; x_wconf 61' lang='lat' dir='ltr'><strong>dumi)</strong></span> <span class='ocrx_word' id='word_1_74' title='bbox 301 1335 416 1394; x_wconf 87' lang='lat' dir='ltr'><strong>veritas</strong></span> <span class='ocrx_word' id='word_1_75' title='bbox 443 1341 475 1394; x_wconf 86' lang='lat' dir='ltr'><strong>et</strong></span> <span class='ocrx_word' id='word_1_76' title='bbox 501 1335 655 1415; x_wconf 84' lang='lat' dir='ltr'><strong>sapientia</strong></span> <span class='ocrx_word' id='word_1_77' title='bbox 676 1333 810 1394; x_wconf 79' lang='lat' dir='ltr'><strong>suaviter</strong></span> <span class='ocrx_word' id='word_1_78' title='bbox 842 1332 948 1392; x_wconf 85' lang='lat' dir='ltr'><strong>omnia</strong></span> <span class='ocrx_word' id='word_1_79' title='bbox 977 1329 1079 1412; x_wconf 86' lang='lat' dir='ltr'><strong>dispo</strong></span> <span class='ocrx_word' id='word_1_80' title='bbox 1162 1406 1165 1411; x_wconf 27' lang='grc' dir='ltr'>Ι</span> 
     </span>
     <span class='ocr_line' id='line_1_14' title="bbox 154 1415 1164 1498; baseline 0.004 -22"><span class='ocrx_word' id='word_1_81' title='bbox 154 1434 232 1476; x_wconf 82' lang='lat' dir='ltr'><strong>nens</strong></span> <span class='ocrx_word' id='word_1_82' title='bbox 254 1415 401 1477; x_wconf 87' lang='lat' dir='ltr'><strong>malitiam</strong></span> <span class='ocrx_word' id='word_1_83' title='bbox 424 1417 649 1498; x_wconf 79' lang='lat' dir='ltr'><strong>triumphavit·</strong></span> <span class='ocrx_word' id='word_1_84' title='bbox 869 1475 873 1480; x_wconf 91' lang='lat'>.</span> <span class='ocrx_word' id='word_1_85' title='bbox 1161 1480 1164 1487; x_wconf 86' lang='grc'>,</span> 
     </span>
     <span class='ocr_line' id='line_1_15' title="bbox 238 1497 1079 1581; baseline -0.002 -21"><span class='ocrx_word' id='word_1_86' title='bbox 238 1498 391 1581; x_wconf 85' lang='lat' dir='ltr'><strong>Ceterum,</strong></span> <span class='ocrx_word' id='word_1_87' title='bbox 413 1500 559 1579; x_wconf 88' lang='lat' dir='ltr'><strong>qnoniam</strong></span> <span class='ocrx_word' id='word_1_88' title='bbox 578 1499 728 1580; x_wconf 88' lang='lat' dir='ltr'><strong>videmus,</strong></span> <span class='ocrx_word' id='word_1_89' title='bbox 750 1497 926 1560; x_wconf 83' lang='lat' dir='ltr'><strong>lrniusroodi</strong></span> <span class='ocrx_word' id='word_1_90' title='bbox 944 1517 1079 1560; x_wconf 86' lang='lat' dir='ltr'><strong>renens-</strong></span> 
     </span>
     <span class='ocr_line' id='line_1_16' title="bbox 156 1581 1079 1664; baseline 0.001 -22"><span class='ocrx_word' id='word_1_91' title='bbox 156 1587 255 1643; x_wconf 91' lang='lat' dir='ltr'><strong>torum</strong></span> <span class='ocrx_word' id='word_1_92' title='bbox 279 1581 423 1645; x_wconf 87' lang='lat' dir='ltr'><strong>librorum</strong></span> <span class='ocrx_word' id='word_1_93' title='bbox 445 1584 624 1664; x_wconf 80' lang='lat' dir='ltr'><strong>impressio,</strong></span> <span class='ocrx_word' id='word_1_94' title='bbox 659 1584 815 1645; x_wconf 86' lang='lat' dir='ltr'><strong>distractio</strong></span> <span class='ocrx_word' id='word_1_95' title='bbox 848 1589 946 1662; x_wconf 87' lang='lat' dir='ltr'><strong>atque</strong></span> <span class='ocrx_word' id='word_1_96' title='bbox 977 1581 1079 1655; x_wconf 87' lang='lat' dir='ltr'><strong>lectio,</strong></span> 
     </span>
     <span class='ocr_line' id='line_1_17' title="bbox 155 1664 1078 1749; baseline 0 -24"><span class='ocrx_word' id='word_1_97' title='bbox 155 1671 302 1743; x_wconf 86' lang='lat' dir='ltr'><strong>quantum</strong></span> <span class='ocrx_word' id='word_1_98' title='bbox 323 1684 416 1727; x_wconf 85' lang='lat' dir='ltr'><strong>verse</strong></span> <span class='ocrx_word' id='word_1_99' title='bbox 438 1665 510 1727; x_wconf 85' lang='lat' dir='ltr'><strong>fidei</strong></span> <span class='ocrx_word' id='word_1_100' title='bbox 531 1685 570 1726; x_wconf 84' lang='lat' dir='ltr'><strong>ac</strong></span> <span class='ocrx_word' id='word_1_101' title='bbox 589 1667 696 1749; x_wconf 83' lang='lat' dir='ltr'><strong>pietati</strong></span> <span class='ocrx_word' id='word_1_102' title='bbox 719 1667 812 1748; x_wconf 80' lang='lat' dir='ltr'><strong>longe</strong></span> <span class='ocrx_word' id='word_1_103' title='bbox 834 1666 960 1744; x_wconf 89' lang='lat' dir='ltr'><strong>lateque</strong></span> <span class='ocrx_word' id='word_1_104' title='bbox 976 1664 1078 1726; x_wconf 80' lang='lat' dir='ltr'><strong>oblne</strong></span> 
     </span>
     <span class='ocr_line' id='line_1_18' title="bbox 154 1744 1078 1831; baseline 0 -23"><span class='ocrx_word' id='word_1_105' title='bbox 154 1748 208 1829; x_wconf 86' lang='lat' dir='ltr'><strong>rit,</strong></span> <span class='ocrx_word' id='word_1_106' title='bbox 231 1744 304 1827; x_wconf 85' lang='lat' dir='ltr'><strong>ros,</strong></span> <span class='ocrx_word' id='word_1_107' title='bbox 333 1748 444 1828; x_wconf 90' lang='lat' dir='ltr'><strong>quibus</strong></span> <span class='ocrx_word' id='word_1_108' title='bbox 465 1750 595 1831; x_wconf 85' lang='lat' dir='ltr'><strong>insignis</strong></span> <span class='ocrx_word' id='word_1_109' title='bbox 617 1751 704 1811; x_wconf 87' lang='lat' dir='ltr'><strong>istius</strong></span> <span class='ocrx_word' id='word_1_110' title='bbox 737 1751 868 1810; x_wconf 80' lang='lat' dir='ltr'><strong>civitatis</strong></span> <span class='ocrx_word' id='word_1_111' title='bbox 895 1748 1078 1828; x_wconf 81' lang='lat' dir='ltr'><strong>gubernatio</strong></span> 
     </span>
    </p>
   </div>
   <div class='ocr_carea' id='block_1_5' title="bbox 155 1826 1163 1978">
    <p class='ocr_par' dir='ltr' id='par_1_6' title="bbox 155 1826 1163 1978">
     <span class='ocr_line' id='line_1_19' title="bbox 155 1826 1163 1909; baseline -0.001 -19"><span class='ocrx_word' id='word_1_112' title='bbox 155 1829 272 1892; x_wconf 86' lang='lat' dir='ltr'><strong>credite</strong></span> <span class='ocrx_word' id='word_1_113' title='bbox 293 1838 348 1909; x_wconf 87' lang='lat' dir='ltr'><strong>cst,</strong></span> <span class='ocrx_word' id='word_1_114' title='bbox 370 1833 401 1893; x_wconf 93' lang='lat' dir='ltr'><strong>in</strong></span> <span class='ocrx_word' id='word_1_115' title='bbox 424 1832 559 1894; x_wconf 88' lang='lat' dir='ltr'><strong>Domino</strong></span> <span class='ocrx_word' id='word_1_116' title='bbox 581 1833 739 1894; x_wconf 88' lang='lat' dir='ltr'><strong>hortamur</strong></span> <span class='ocrx_word' id='word_1_117' title='bbox 760 1840 791 1893; x_wconf 91' lang='lat' dir='ltr'><strong>et</strong></span> <span class='ocrx_word' id='word_1_118' title='bbox 811 1833 841 1892; x_wconf 92' lang='lat' dir='ltr'><strong>iu</strong></span> <span class='ocrx_word' id='word_1_119' title='bbox 866 1832 980 1892; x_wconf 83' lang='lat' dir='ltr'><strong>virtute</strong></span> <span class='ocrx_word' id='word_1_120' title='bbox 994 1849 1078 1892; x_wconf 75' lang='lat' dir='ltr'><strong>sano</strong></span> <span class='ocrx_word' id='word_1_121' title='bbox 1115 1826 1119 1835; x_wconf 91' lang='lat'>&#39;</span> <span class='ocrx_word' id='word_1_122' title='bbox 1160 1854 1163 1883; x_wconf 78' lang='grc' dir='ltr'>ι</span> 
     </span>
     <span class='ocr_line' id='line_1_20' title="bbox 156 1908 1163 1978; baseline -0.002 -4"><span class='ocrx_word' id='word_1_123' title='bbox 156 1922 206 1974; x_wconf 82' lang='lat' dir='ltr'><strong>tce</strong></span> <span class='ocrx_word' id='word_1_124' title='bbox 228 1912 424 1977; x_wconf 86' lang='lat' dir='ltr'><strong>obedientiae</strong></span> <span class='ocrx_word' id='word_1_125' title='bbox 454 1923 484 1976; x_wconf 88' lang='lat' dir='ltr'><strong>et</strong></span> <span class='ocrx_word' id='word_1_126' title='bbox 513 1915 570 1976; x_wconf 89' lang='lat' dir='ltr'><strong>sub</strong></span> <span class='ocrx_word' id='word_1_127' title='bbox 594 1916 820 1978; x_wconf 73' lang='lat' dir='ltr'><strong>contestatione</strong></span> <span class='ocrx_word' id='word_1_128' title='bbox 852 1913 950 1975; x_wconf 88' lang='lat' dir='ltr'><strong>divini</strong></span> <span class='ocrx_word' id='word_1_129' title='bbox 977 1913 1078 1974; x_wconf 88' lang='lat' dir='ltr'><strong>iudicii</strong></span> <span class='ocrx_word' id='word_1_130' title='bbox 1160 1908 1163 1943; x_wconf 71' lang='lat'>³</span> 
     </span>
    </p>
   </div>
   <div class='ocr_carea' id='block_1_6' title="bbox 155 1994 1164 2493">
    <p class='ocr_par' dir='ltr' id='par_1_7' title="bbox 155 1994 1164 2493">
     <span class='ocr_line' id='line_1_21' title="bbox 155 1994 1164 2080; baseline 0.005 -24"><span class='ocrx_word' id='word_1_131' title='bbox 155 1996 349 2076; x_wconf 83' lang='lat' dir='ltr'><strong>requirimus,</strong></span> <span class='ocrx_word' id='word_1_132' title='bbox 372 2005 406 2058; x_wconf 94' lang='lat' dir='ltr'><strong>ut</strong></span> <span class='ocrx_word' id='word_1_133' title='bbox 427 1998 539 2060; x_wconf 80' lang='lat' dir='ltr'><strong>solitae</strong></span> <span class='ocrx_word' id='word_1_134' title='bbox 559 2006 681 2060; x_wconf 86' lang='lat' dir='ltr'><strong>restrae</strong></span> <span class='ocrx_word' id='word_1_135' title='bbox 702 2017 777 2080; x_wconf 84' lang='lat' dir='ltr'><strong>erga</strong></span> <span class='ocrx_word' id='word_1_136' title='bbox 788 1997 887 2058; x_wconf 88' lang='lat' dir='ltr'><strong>Deum</strong></span> <span class='ocrx_word' id='word_1_137' title='bbox 902 1994 1079 2077; x_wconf 89' lang='lat' dir='ltr'><strong>dictamque</strong></span> <span class='ocrx_word' id='word_1_138' title='bbox 1160 2006 1164 2061; x_wconf 77' lang='grc' dir='ltr'>ἐ</span> 
     </span>
     <span class='ocr_line' id='line_1_22' title="bbox 156 2079 1078 2162; baseline 0.001 -23"><span class='ocrx_word' id='word_1_139' title='bbox 156 2080 223 2140; x_wconf 90' lang='lat' dir='ltr'><strong>eins</strong></span> <span class='ocrx_word' id='word_1_140' title='bbox 245 2079 336 2141; x_wconf 86' lang='lat' dir='ltr'><strong>iidem</strong></span> <span class='ocrx_word' id='word_1_141' title='bbox 359 2081 481 2161; x_wconf 88' lang='lat' dir='ltr'><strong>pietatis</strong></span> <span class='ocrx_word' id='word_1_142' title='bbox 509 2100 548 2143; x_wconf 89' lang='lat' dir='ltr'><strong>ac</strong></span> <span class='ocrx_word' id='word_1_143' title='bbox 574 2081 736 2162; x_wconf 83' lang='lat' dir='ltr'><strong>singularis</strong></span> <span class='ocrx_word' id='word_1_144' title='bbox 757 2081 942 2161; x_wconf 79' lang='lat' dir='ltr'><strong>prudentiae</strong></span> <span class='ocrx_word' id='word_1_145' title='bbox 963 2098 1078 2141; x_wconf 83' lang='lat' dir='ltr'><strong>memo·</strong></span> 
     </span>
     <span class='ocr_line' id='line_1_23' title="bbox 155 2162 1075 2245; baseline -0.001 -24"><span class='ocrx_word' id='word_1_146' title='bbox 155 2181 204 2222; x_wconf 88' lang='lat' dir='ltr'><strong>res</strong></span> <span class='ocrx_word' id='word_1_147' title='bbox 232 2162 374 2226; x_wconf 90' lang='lat' dir='ltr'><strong>omuibus</strong></span> <span class='ocrx_word' id='word_1_148' title='bbox 403 2164 503 2225; x_wconf 92' lang='lat' dir='ltr'><strong>modis</strong></span> <span class='ocrx_word' id='word_1_149' title='bbox 524 2164 686 2245; x_wconf 86' lang='lat' dir='ltr'><strong>providere</strong></span> <span class='ocrx_word' id='word_1_150' title='bbox 707 2165 833 2241; x_wconf 89' lang='lat' dir='ltr'><strong>curetis,</strong></span> <span class='ocrx_word' id='word_1_151' title='bbox 856 2182 896 2224; x_wconf 90' lang='lat' dir='ltr'><strong>ne</strong></span> <span class='ocrx_word' id='word_1_152' title='bbox 917 2164 1001 2243; x_wconf 85' lang='lat' dir='ltr'><strong>apud</strong></span> <span class='ocrx_word' id='word_1_153' title='bbox 1026 2181 1075 2222; x_wconf 88' lang='lat' dir='ltr'><strong>ros</strong></span> 
     </span>
     <span class='ocr_line' id='line_1_24' title="bbox 155 2245 1075 2308; baseline -0.003 -3"><span class='ocrx_word' id='word_1_154' title='bbox 155 2250 209 2306; x_wconf 91' lang='lat' dir='ltr'><strong>aut</strong></span> <span class='ocrx_word' id='word_1_155' title='bbox 229 2246 260 2306; x_wconf 93' lang='lat' dir='ltr'><strong>in</strong></span> <span class='ocrx_word' id='word_1_156' title='bbox 282 2248 434 2308; x_wconf 87' lang='lat' dir='ltr'><strong>territorio</strong></span> <span class='ocrx_word' id='word_1_157' title='bbox 457 2249 589 2308; x_wconf 86' lang='lat' dir='ltr'><strong>civitatis</strong></span> <span class='ocrx_word' id='word_1_158' title='bbox 612 2254 731 2308; x_wconf 85' lang='lat' dir='ltr'><strong>vestrae</strong></span> <span class='ocrx_word' id='word_1_159' title='bbox 752 2246 927 2308; x_wconf 85' lang='lat' dir='ltr'><strong>huiusmodi</strong></span> <span class='ocrx_word' id='word_1_160' title='bbox 946 2246 1015 2307; x_wconf 91' lang='lat' dir='ltr'><strong>libri</strong></span> <span class='ocrx_word' id='word_1_161' title='bbox 1033 2245 1075 2305; x_wconf 86' lang='lat' dir='ltr'><strong>vel</strong></span> 
     </span>
     <span class='ocr_line' id='line_1_25' title="bbox 155 2328 1074 2409; baseline 0 -22"><span class='ocrx_word' id='word_1_162' title='bbox 155 2329 296 2406; x_wconf 86' lang='lat' dir='ltr'><strong>impressi</strong></span> <span class='ocrx_word' id='word_1_163' title='bbox 324 2328 402 2390; x_wconf 88' lang='lat' dir='ltr'><strong>ultra</strong></span> <span class='ocrx_word' id='word_1_164' title='bbox 431 2329 650 2409; x_wconf 80' lang='lat' dir='ltr'><strong>divendantur,</strong></span> <span class='ocrx_word' id='word_1_165' title='bbox 683 2331 732 2390; x_wconf 86' lang='lat' dir='ltr'><strong>vel</strong></span> <span class='ocrx_word' id='word_1_166' title='bbox 770 2329 905 2391; x_wconf 92' lang='lat' dir='ltr'><strong>noudum</strong></span> <span class='ocrx_word' id='word_1_167' title='bbox 936 2329 1074 2409; x_wconf 87' lang='lat' dir='ltr'><strong>impressi</strong></span> 
     </span>
     <span class='ocr_line' id='line_1_26' title="bbox 155 2409 1075 2493; baseline 0.002 -24"><span class='ocrx_word' id='word_1_168' title='bbox 155 2409 302 2493; x_wconf 88' lang='lat' dir='ltr'><strong>deinceps</strong></span> <span class='ocrx_word' id='word_1_169' title='bbox 323 2413 551 2493; x_wconf 87' lang='lat' dir='ltr'><strong>imprimantur,</strong></span> <span class='ocrx_word' id='word_1_170' title='bbox 579 2415 643 2475; x_wconf 92' lang='lat' dir='ltr'><strong>imo</strong></span> <span class='ocrx_word' id='word_1_171' title='bbox 665 2432 739 2473; x_wconf 90' lang='lat' dir='ltr'><strong>vero</strong></span> <span class='ocrx_word' id='word_1_172' title='bbox 761 2420 915 2492; x_wconf 84' lang='lat' dir='ltr'><strong>quotquot</strong></span> <span class='ocrx_word' id='word_1_173' title='bbox 943 2414 973 2471; x_wconf 91' lang='lat' dir='ltr'><strong>in</strong></span> <span class='ocrx_word' id='word_1_174' title='bbox 999 2412 1075 2473; x_wconf 88' lang='lat' dir='ltr'><strong>dicta</strong></span> 
     </span>
    </p>
   </div>
   <div class='ocr_carea' id='block_1_7' title="bbox 155 2494 1168 2574">
    <p class='ocr_par' dir='ltr' id='par_1_8' title="bbox 155 2494 1168 2574">
     <span class='ocr_line' id='line_1_27' title="bbox 155 2494 1168 2574; baseline -0.003 -20"><span class='ocrx_word' id='word_1_175' title='bbox 155 2494 279 2555; x_wconf 85' lang='lat' dir='ltr'><strong>civitate</strong></span> <span class='ocrx_word' id='word_1_176' title='bbox 300 2502 402 2556; x_wconf 84' lang='lat' dir='ltr'><strong>vestra</strong></span> <span class='ocrx_word' id='word_1_177' title='bbox 427 2497 618 2570; x_wconf 86' lang='lat' dir='ltr'><strong>inveneritis,</strong></span> <span class='ocrx_word' id='word_1_178' title='bbox 650 2498 736 2557; x_wconf 86' lang='lat' dir='ltr'><strong>iuxta</strong></span> <span class='ocrx_word' id='word_1_179' title='bbox 764 2494 852 2558; x_wconf 87' lang='lat' dir='ltr'><strong>Sedis</strong></span> <span class='ocrx_word' id='word_1_180' title='bbox 875 2496 1075 2574; x_wconf 84' lang='lat' dir='ltr'><strong>Apostolicae</strong></span> <span class='ocrx_word' id='word_1_181' title='bbox 1165 2508 1168 2551; x_wconf 77' lang='lat' dir='ltr'><strong>t</strong></span> 
     </span>
    </p>
   </div>
   <div class='ocr_carea' id='block_1_8' title="bbox 153 2576 1078 3402">
    <p class='ocr_par' dir='ltr' id='par_1_9' title="bbox 155 2576 1074 2659">
     <span class='ocr_line' id='line_1_28' title="bbox 155 2576 1074 2659; baseline 0 -24"><span class='ocrx_word' id='word_1_182' title='bbox 155 2580 339 2639; x_wconf 86' lang='lat' dir='ltr'><strong>sententiam</strong></span> <span class='ocrx_word' id='word_1_183' title='bbox 356 2585 388 2640; x_wconf 90' lang='lat' dir='ltr'><strong>et</strong></span> <span class='ocrx_word' id='word_1_184' title='bbox 406 2578 566 2659; x_wconf 86' lang='lat' dir='ltr'><strong>imperiale</strong></span> <span class='ocrx_word' id='word_1_185' title='bbox 587 2580 720 2641; x_wconf 91' lang='lat' dir='ltr'><strong>edictum</strong></span> <span class='ocrx_word' id='word_1_186' title='bbox 735 2577 871 2640; x_wconf 88' lang='lat' dir='ltr'><strong>comburi</strong></span> <span class='ocrx_word' id='word_1_187' title='bbox 886 2576 920 2659; x_wconf 69' lang='grc' dir='ltr'><strong>θ)</strong></span> <span class='ocrx_word' id='word_1_188' title='bbox 946 2579 1074 2639; x_wconf 85' lang='lat' dir='ltr'><strong>faciatis.</strong></span> 
     </span>
    </p>

    <p class='ocr_par' dir='ltr' id='par_1_10' title="bbox 153 2660 1078 3402">
     <span class='ocr_line' id='line_1_29' title="bbox 237 2660 1074 2743; baseline -0.002 -22"><span class='ocrx_word' id='word_1_189' title='bbox 237 2660 375 2741; x_wconf 85' lang='lat' dir='ltr'><strong>Alioqui,</strong></span> <span class='ocrx_word' id='word_1_190' title='bbox 398 2664 423 2722; x_wconf 93' lang='lat' dir='ltr'><strong>si</strong></span> <span class='ocrx_word' id='word_1_191' title='bbox 445 2664 676 2743; x_wconf 84' lang='lat' dir='ltr'><strong>perversitatem</strong></span> <span class='ocrx_word' id='word_1_192' title='bbox 709 2663 930 2743; x_wconf 84' lang='lat' dir='ltr'><strong>impressorum</strong></span> <span class='ocrx_word' id='word_1_193' title='bbox 961 2668 1074 2721; x_wconf 89' lang='lat' dir='ltr'><strong>restro·</strong></span> 
     </span>
     <span class='ocr_line' id='line_1_30' title="bbox 153 2742 1075 2828; baseline -0.002 -24"><span class='ocrx_word' id='word_1_194' title='bbox 153 2763 231 2820; x_wconf 87' lang='lat' dir='ltr'><strong>rum,</strong></span> <span class='ocrx_word' id='word_1_195' title='bbox 254 2746 305 2824; x_wconf 93' lang='lat' dir='ltr'><strong>qni</strong></span> <span class='ocrx_word' id='word_1_196' title='bbox 327 2747 457 2825; x_wconf 83' lang='lat' dir='ltr'><strong>pecnnia</strong></span> <span class='ocrx_word' id='word_1_197' title='bbox 479 2744 537 2828; x_wconf 91' lang='lat' dir='ltr'><strong>(nti</strong></span> <span class='ocrx_word' id='word_1_198' title='bbox 559 2742 787 2826; x_wconf 80' lang='lat' dir='ltr'><strong>oredeudnmd)</strong></span> <span class='ocrx_word' id='word_1_199' title='bbox 809 2746 873 2820; x_wconf 86' lang='lat' dir='ltr'><strong>est)</strong></span> <span class='ocrx_word' id='word_1_200' title='bbox 898 2763 918 2803; x_wconf 85' lang='lat' dir='ltr'><strong>a</strong></span> <span class='ocrx_word' id='word_1_201' title='bbox 933 2744 1075 2805; x_wconf 86' lang='lat' dir='ltr'><strong>Luthera·</strong></span> 
     </span>
     <span class='ocr_line' id='line_1_31' title="bbox 154 2825 1075 2909; baseline -0.002 -22"><span class='ocrx_word' id='word_1_202' title='bbox 154 2828 202 2887; x_wconf 91' lang='lat' dir='ltr'><strong>nis</strong></span> <span class='ocrx_word' id='word_1_203' title='bbox 225 2828 359 2907; x_wconf 85' lang='lat' dir='ltr'><strong>corrupti</strong></span> <span class='ocrx_word' id='word_1_204' title='bbox 381 2825 423 2909; x_wconf 86' lang='lat' dir='ltr'><strong>(si</strong></span> <span class='ocrx_word' id='word_1_205' title='bbox 445 2847 519 2889; x_wconf 87' lang='lat' dir='ltr'><strong>vern</strong></span> <span class='ocrx_word' id='word_1_206' title='bbox 540 2835 624 2906; x_wconf 89' lang='lat' dir='ltr'><strong>sunt,</strong></span> <span class='ocrx_word' id='word_1_207' title='bbox 651 2847 730 2908; x_wconf 90' lang='lat' dir='ltr'><strong>qnae</strong></span> <span class='ocrx_word' id='word_1_208' title='bbox 758 2826 945 2907; x_wconf 87' lang='lat' dir='ltr'><strong>audirimus)</strong></span> <span class='ocrx_word' id='word_1_209' title='bbox 968 2827 1075 2887; x_wconf 86' lang='lat' dir='ltr'><strong>Luthe·</strong></span> 
     </span>
     <span class='ocr_line' id='line_1_32' title="bbox 154 2911 1075 2992; baseline -0.002 -22"><span class='ocrx_word' id='word_1_210' title='bbox 154 2929 297 2971; x_wconf 91' lang='lat' dir='ltr'><strong>ranorum</strong></span> <span class='ocrx_word' id='word_1_211' title='bbox 321 2929 417 2988; x_wconf 87' lang='lat' dir='ltr'><strong>opera</strong></span> <span class='ocrx_word' id='word_1_212' title='bbox 438 2911 667 2992; x_wconf 88' lang='lat' dir='ltr'><strong>promptissime</strong></span> <span class='ocrx_word' id='word_1_213' title='bbox 688 2912 874 2990; x_wconf 84' lang='lat' dir='ltr'><strong>imprimunt,</strong></span> <span class='ocrx_word' id='word_1_214' title='bbox 898 2929 981 2988; x_wconf 87' lang='lat' dir='ltr'><strong>quae</strong></span> <span class='ocrx_word' id='word_1_215' title='bbox 1005 2926 1075 2970; x_wconf 88' lang='lat' dir='ltr'><strong>vero</strong></span> 
     </span>
     <span class='ocr_line' id='line_1_33' title="bbox 155 2992 1077 3073; baseline -0.001 -21"><span class='ocrx_word' id='word_1_216' title='bbox 155 2992 365 3054; x_wconf 77' lang='lat' dir='ltr'><strong>acatholicis</strong></span> <span class='ocrx_word' id='word_1_217' title='bbox 391 3013 449 3073; x_wconf 88' lang='lat' dir='ltr'><strong>pro</strong></span> <span class='ocrx_word' id='word_1_218' title='bbox 483 2995 612 3055; x_wconf 86' lang='lat' dir='ltr'><strong>veritate</strong></span> <span class='ocrx_word' id='word_1_219' title='bbox 644 3000 752 3055; x_wconf 87' lang='lat' dir='ltr'><strong>contra</strong></span> <span class='ocrx_word' id='word_1_220' title='bbox 786 2994 856 3053; x_wconf 93' lang='lat' dir='ltr'><strong>illos</strong></span> <span class='ocrx_word' id='word_1_221' title='bbox 892 2993 1077 3068; x_wconf 89' lang='lat' dir='ltr'><strong>scribuntur,</strong></span> 
     </span>
     <span class='ocr_line' id='line_1_34' title="bbox 154 3076 1077 3156; baseline 0 -22"><span class='ocrx_word' id='word_1_222' title='bbox 154 3076 330 3155; x_wconf 88' lang='lat' dir='ltr'><strong>imprimere</strong></span> <span class='ocrx_word' id='word_1_223' title='bbox 348 3094 543 3156; x_wconf 81' lang='lat' dir='ltr'><strong>nequaquem</strong></span> <span class='ocrx_word' id='word_1_224' title='bbox 572 3076 697 3155; x_wconf 89' lang='lat' dir='ltr'><strong>volunt,</strong></span> <span class='ocrx_word' id='word_1_225' title='bbox 730 3078 882 3156; x_wconf 81' lang='lat' dir='ltr'><strong>corrigere</strong></span> <span class='ocrx_word' id='word_1_226' title='bbox 914 3083 945 3136; x_wconf 90' lang='lat' dir='ltr'><strong>et</strong></span> <span class='ocrx_word' id='word_1_227' title='bbox 974 3095 1077 3136; x_wconf 82' lang='lat' dir='ltr'><strong>emen·</strong></span> 
     </span>
     <span class='ocr_line' id='line_1_35' title="bbox 156 3156 1076 3240; baseline 0.001 -24"><span class='ocrx_word' id='word_1_228' title='bbox 156 3156 229 3219; x_wconf 84' lang='lat' dir='ltr'><strong>dare</strong></span> <span class='ocrx_word' id='word_1_229' title='bbox 251 3158 458 3240; x_wconf 82' lang='lat' dir='ltr'><strong>neglexeritis,</strong></span> <span class='ocrx_word' id='word_1_230' title='bbox 482 3159 700 3221; x_wconf 87' lang='lat' dir='ltr'><strong>denunciamus</strong></span> <span class='ocrx_word' id='word_1_231' title='bbox 722 3158 820 3239; x_wconf 87' lang='lat' dir='ltr'><strong>vobis,</strong></span> <span class='ocrx_word' id='word_1_232' title='bbox 843 3158 927 3238; x_wconf 93' lang='lat' dir='ltr'><strong>quod</strong></span> <span class='ocrx_word' id='word_1_233' title='bbox 942 3159 1076 3218; x_wconf 89' lang='lat' dir='ltr'><strong>divinam</strong></span> 
     </span>
     <span class='ocr_line' id='line_1_36' title="bbox 157 3240 1078 3321; baseline 0 -21"><span class='ocrx_word' id='word_1_234' title='bbox 157 3259 288 3320; x_wconf 90' lang='lat' dir='ltr'><strong>eamque</strong></span> <span class='ocrx_word' id='word_1_235' title='bbox 310 3240 474 3304; x_wconf 87' lang='lat' dir='ltr'><strong>terribilem</strong></span> <span class='ocrx_word' id='word_1_236' title='bbox 498 3242 661 3320; x_wconf 92' lang='lat' dir='ltr'><strong>ultionem,</strong></span> <span class='ocrx_word' id='word_1_237' title='bbox 694 3243 785 3303; x_wconf 83' lang='lat' dir='ltr'><strong>etiem</strong></span> <span class='ocrx_word' id='word_1_238' title='bbox 808 3243 833 3300; x_wconf 93' lang='lat' dir='ltr'><strong>si</strong></span> <span class='ocrx_word' id='word_1_239' title='bbox 856 3241 971 3321; x_wconf 89' lang='lat' dir='ltr'><strong>alioqui</strong></span> <span class='ocrx_word' id='word_1_240' title='bbox 997 3241 1078 3303; x_wconf 88' lang='lat' dir='ltr'><strong>Chri·</strong></span> 
     </span>
     <span class='ocr_line' id='line_1_37' title="bbox 154 3322 1077 3402; baseline -0.001 -20"><span class='ocrx_word' id='word_1_241' title='bbox 154 3322 375 3402; x_wconf 72' lang='lat' dir='ltr'><strong>stianissimie)</strong></span> <span class='ocrx_word' id='word_1_242' title='bbox 407 3326 487 3402; x_wconf 87' lang='lat' dir='ltr'><strong>sitis,</strong></span> <span class='ocrx_word' id='word_1_243' title='bbox 522 3343 584 3386; x_wconf 92' lang='lat' dir='ltr'><strong>non</strong></span> <span class='ocrx_word' id='word_1_244' title='bbox 619 3324 766 3387; x_wconf 86' lang='lat' dir='ltr'><strong>evadetis.</strong></span> <span class='ocrx_word' id='word_1_245' title='bbox 808 3322 876 3385; x_wconf 90' lang='lat' dir='ltr'><strong>Nec</strong></span> <span class='ocrx_word' id='word_1_246' title='bbox 906 3326 989 3384; x_wconf 83' lang='lat' dir='ltr'><strong>enim</strong></span> <span class='ocrx_word' id='word_1_247' title='bbox 1025 3342 1077 3385; x_wconf 87' lang='lat' dir='ltr'><strong>vos</strong></span> 
     </span>
    </p>
   </div>
   <div class='ocr_carea' id='block_1_9' title="bbox 152 3468 1079 3837">
    <p class='ocr_par' dir='ltr' id='par_1_11' title="bbox 152 3468 1079 3837">
     <span class='ocr_line' id='line_1_38' title="bbox 152 3468 1078 3666; baseline 0.003 -72"><span class='ocrx_word' id='word_1_248' title='bbox 152 3468 307 3666; x_wconf 39' lang='lat' dir='ltr'><strong>pauidus&amp;</strong></span> <span class='ocrx_word' id='word_1_249' title='bbox 323 3475 464 3611; x_wconf 51' lang='lat' dir='ltr'><strong>iiisslim</strong></span> <span class='ocrx_word' id='word_1_250' title='bbox 490 3468 983 3625; x_wconf 40' lang='lat' dir='ltr'><strong>{3⁰11lilff&#39;uullrliiei‘ll&#39;li</strong></span> <span class='ocrx_word' id='word_1_251' title='bbox 991 3488 1078 3613; x_wconf 53' lang='lat' dir='ltr'><strong>ciffi</strong></span> 
     </span>
     <span class='ocr_line' id='line_1_39' title="bbox 176 3610 1079 3684; baseline 0.002 -17"><span class='ocrx_word' id='word_1_252' title='bbox 176 3626 257 3681; x_wconf 81' lang='lat' dir='ltr'><strong>apae.</strong></span> <span class='ocrx_word' id='word_1_253' title='bbox 294 3612 328 3681; x_wconf 78' lang='lat' dir='ltr'><strong>d)</strong></span> <span class='ocrx_word' id='word_1_254' title='bbox 349 3613 421 3670; x_wconf 79' lang='lat' dir='ltr'><strong>Ecce</strong></span> <span class='ocrx_word' id='word_1_255' title='bbox 440 3629 542 3669; x_wconf 87' lang='lat' dir='ltr'><strong>novum</strong></span> <span class='ocrx_word' id='word_1_256' title='bbox 562 3613 706 3668; x_wconf 86' lang='lat' dir='ltr'><strong>articulum</strong></span> <span class='ocrx_word' id='word_1_257' title='bbox 733 3610 814 3679; x_wconf 83' lang='lat' dir='ltr'><strong>fider,</strong></span> <span class='ocrx_word' id='word_1_258' title='bbox 847 3629 914 3668; x_wconf 90' lang='lat' dir='ltr'><strong>vere</strong></span> <span class='ocrx_word' id='word_1_259' title='bbox 936 3612 1079 3684; x_wconf 67' lang='lat' dir='ltr'><strong>Papiriam,</strong></span> 
     </span>
     <span class='ocr_line' id='line_1_40' title="bbox 152 3682 1079 3754; baseline 0.005 -16"><span class='ocrx_word' id='word_1_260' title='bbox 152 3683 200 3753; x_wconf 91' lang='lat' dir='ltr'><strong>qui</strong></span> <span class='ocrx_word' id='word_1_261' title='bbox 217 3682 295 3741; x_wconf 85' lang='lat' dir='ltr'><strong>iubet</strong></span> <span class='ocrx_word' id='word_1_262' title='bbox 314 3683 404 3748; x_wconf 80' lang='lat' dir='ltr'><strong>credi,</strong></span> <span class='ocrx_word' id='word_1_263' title='bbox 436 3685 471 3741; x_wconf 91' lang='lat' dir='ltr'><strong>de</strong></span> <span class='ocrx_word' id='word_1_264' title='bbox 499 3685 600 3754; x_wconf 88' lang='lat' dir='ltr'><strong>quibus</strong></span> <span class='ocrx_word' id='word_1_265' title='bbox 618 3684 679 3753; x_wconf 89' lang='lat' dir='ltr'><strong>ipse</strong></span> <span class='ocrx_word' id='word_1_266' title='bbox 698 3683 823 3751; x_wconf 84' lang='lat' dir='ltr'><strong>dubitat,</strong></span> <span class='ocrx_word' id='word_1_267' title='bbox 856 3700 892 3741; x_wconf 83' lang='lat' dir='ltr'><strong>an</strong></span> <span class='ocrx_word' id='word_1_268' title='bbox 927 3702 999 3745; x_wconf 84' lang='lat' dir='ltr'><strong>vera</strong></span> <span class='ocrx_word' id='word_1_269' title='bbox 1017 3686 1079 3749; x_wconf 83' lang='lat' dir='ltr'><strong>sint.</strong></span> 
     </span>
     <span class='ocr_line' id='line_1_41' title="bbox 153 3751 813 3837; baseline -0.011 -20"><span class='ocrx_word' id='word_1_270' title='bbox 153 3760 181 3835; x_wconf 81' lang='lat' dir='ltr'><strong>c)</strong></span> <span class='ocrx_word' id='word_1_271' title='bbox 200 3755 281 3837; x_wconf 82' lang='lat' dir='ltr'><strong>Papa</strong></span> <span class='ocrx_word' id='word_1_272' title='bbox 298 3753 385 3817; x_wconf 84' lang='lat' dir='ltr'><strong>habet</strong></span> <span class='ocrx_word' id='word_1_273' title='bbox 404 3755 654 3818; x_wconf 66' lang='lat' dir='ltr'><strong>consumpsimus</strong></span> <span class='ocrx_word' id='word_1_274' title='bbox 672 3756 732 3817; x_wconf 89' lang='lat' dir='ltr'><strong>sine</strong></span> <span class='ocrx_word' id='word_1_275' title='bbox 749 3751 813 3817; x_wconf 82' lang='lat' dir='ltr'><strong>fide.</strong></span> 
     </span>
    </p>
   </div>
   <div class='ocr_carea' id='block_1_10' title="bbox 0 0 1206 4170">
    <p class='ocr_par' dir='ltr' id='par_1_12' title="bbox 0 0 1206 4170">
     <span class='ocr_line' id='line_1_42' title="bbox 0 0 1206 4170; baseline 0 0"><span class='ocrx_word' id='word_1_276' title='bbox 0 0 1206 4170; x_wconf 95' lang='lat' dir='ltr'><strong> </strong></span> 
     </span>
    </p>
   </div>
  </div>
 </body>
</html>
