2392 4170
140 250 209 331 m
453 258 772 319 mmm-muudi

144 422 831 505 adquiaroviaassmbsdiaatiamsxsolrsrs
839 422 1069 505 Muri*

144 508 249 571 suatim
261 510 363 572 aiuou
375 518 494 593 pugnat
509 516 615 573 sotum
626 509 776 572 adversus
787 508 873 571 aliud
893 506 1070 571 mortu

143 590 216 672 nst,
236 597 464 676 quantomagis
483 593 614 657 rsddsra
625 592 731 672 debes,
750 592 899 674 quidquid
919 594 952 653 ia
965 588 1071 671 mla

144 678 368 759 prusssriptum
389 678 525 740 vovisti?
546 679 771 759 videndaque,
792 678 894 740 testor
903 674 1070 753 udaias,

144 759 315 822 institutum
327 763 601 844 monastioumper
614 760 778 824 asssaliud
790 780 855 823 uou
877 778 960 839 aas,
979 776 1071 840 qm

20 844 25 853 “
144 842 339 925 Babylonem
360 846 515 926 quandam
550 864 706 925 errorum,
735 846 996 926 ignorantiarum,
1027 840 1071 903 iu

145 924 407 1005 minutiarum,
427 929 639 1011 mdiorum,
661 929 910 1010 sacrilegiorum,
929 924 1071 1007 blasph

145 1011 274 1073 miarum
301 1020 334 1074 st
365 1016 518 1075 sentinam
554 1014 791 1075 novissimarum
823 1012 1021 1094 impistatum
1041 1013 1073 1070 st

144 1102 355 1176 pausaturum.
398 1097 448 1161 An
485 1095 609 1159 dubitas
641 1097 722 1158 lrsso
751 1098 797 1157 ita
823 1094 917 1166 ease}
960 1094 1072 1155 llouus
1113 1090 1119 1107 '

146 1176 257 1239 rides?
287 1199 344 1241 soa
365 1200 429 1255 uon
456 1181 558 1242 solum
579 1199 643 1244 nou
663 1180 795 1261 impleta
815 1198 874 1241 sua
893 1186 986 1255 vota,
1016 1174 1071 1239 sod

146 1262 239 1325 stiam
259 1263 293 1324 id
313 1263 437 1346 dooere,
458 1282 522 1344 quo
542 1270 716 1327 vorsantur
742 1270 774 1324 at
793 1280 857 1324 uorr
877 1261 1079 1343 impleam·

147 1351 180 1407 st
199 1345 262 1407 boo
281 1367 376 1409 uuum
397 1367 455 1410 soa
475 1368 585 1429 agere,
616 1355 650 1409 ut
672 1346 818 1409 rorando
849 1364 911 1407 uon
938 1345 1071 1419 sorim,

147 1435 180 1491 st
199 1447 262 1492 nou
282 1431 442 1512 implendo
478 1431 626 1512 implesse
645 1430 819 1493 videantur.
860 1429 937 1506 Quis
959 1444 1071 1508 pomus

146 1518 202 1575 sut
220 1513 326 1587 asinus
348 1517 395 1576 aio
413 1522 572 1596 pateretur
590 1535 661 1577 seso
680 1515 770 1577 ssludi
791 1522 823 1575 st
842 1511 1013 1591 ludificari,
1039 1516 1072 1571 at

146 1597 207 1676 ipsi
227 1606 429 1677 praesumunt
450 1598 550 1660 Dsum
572 1601 676 1660 vivum
700 1604 734 1660 st
752 1617 858 1659 vsmm
880 1597 929 1657 bis
944 1594 1071 1657 iuaauiis

147 1680 212 1741 suia
232 1680 361 1744 illudere
381 1688 415 1743 st
432 1681 608 1744 ludidsari?
1025 1682 1028 1687 ’

229 1763 278 1825 'l'u
293 1783 378 1827 nouo
397 1765 485 1847 rislo,
516 1786 557 1828 au
588 1766 691 1846 possit
710 1765 791 1827 ullus
810 1765 843 1825 iu
864 1763 926 1825 hao
943 1761 1071 1824 toruior

148 1845 318 1929 Babylonis
339 1850 471 1926 servari,
491 1851 553 1913 uisi
575 1851 687 1912 virtuts
708 1847 845 1909 miraouli
866 1845 978 1924 divini,
1012 1862 1072 1926 qua

148 1928 240 1995 stessi
261 1938 332 1993 sunt
353 1934 476 2015 serrati,
499 1933 571 1994 dum
592 1933 650 1994 sub
670 1933 752 1994 votis
765 1938 797 1992 st
817 1934 1000 1991 srrarsrurrt
1018 1926 1070 1989 lr'a·

21 2058 24 2063 -
148 2014 295 2096 maniter,
316 2023 349 2076 et
370 2022 473 2078 tsmen
501 2018 667 2097 purissimo
688 2013 860 2096 Evangelio
881 2013 939 2074 Dei
959 2012 1015 2072 iu·
1051 2010 1071 2057 ‘-

148 2096 208 2157 ritu
230 2098 377 2159 libertatis
405 2099 622 2163 adhaeserunt.
663 2098 717 2160 sis
742 2096 901 2177 impletum
929 2096 1028 2156 ostiu
1048 2092 1070 2141 '-

149 2180 229 2239 oium
250 2181 308 2241 Dei
321 2179 365 2262 ἢ,
388 2201 450 2261 quo
472 2182 661 2244 oontundsrs
671 2182 753 2242 solet
767 2180 881 2241 lobium
902 2177 1070 2239 seditiosu·

149 2263 223 2323 tium
245 2266 360 2338 turrim,
384 2270 417 2326 ut
437 2265 581 2347 sibiipsis
598 2285 711 2327 nomen
727 2265 852 2340 faciant,
873 2260 945 2322 duur
957 2262 1073 2322 faoiuut

149 2353 181 2405 st
201 2344 321 2421 dierunt,
342 2367 420 2428 quse
443 2367 505 2410 non
527 2350 732 2425 edormiunt,
765 2367 845 2428 quas
872 2365 930 2406 neo
950 2346 1073 2425 ipsimet

147 2422 337 2510 intelligur'rt,
370 2451 426 2512 pro
448 2451 542 2494 seusu
565 2452 622 2494 suo
643 2431 777 2513 reprobo
805 2429 1001 2509 appellsntoa
1021 2445 1071 2488 so·

149 2517 213 2572 turo
235 2533 298 2576 non
321 2525 437 2589 votum,
459 2516 596 2577 illisitum
618 2514 905 2585 facienteslioitum
928 2530 1071 2592 promor>

149 2603 214 2656 turn
235 2617 297 2659 non
320 2605 529 2679 praeoeptom‚
550 2601 678 2679 impium
701 2599 796 2679 pium,
817 2595 1003 2676 ssorilegum
1024 2613 1071 2654 sa·

150 2697 252 2755 orum,
287 2681 500 2760 blasphemum
532 2681 757 2757 venerandum,
787 2684 819 2740 rt
840 2678 992 2739 eiusmodi
1014 2677 1073 2739 slis

149 2761 255 2824 multa.
296 2764 383 2825 Haeo
403 2771 452 2826 est
471 2766 525 2827 ills
545 2784 620 2844 nox,
641 2767 672 2827 iu
696 2783 756 2846 qus
769 2763 907 2824 Christus
929 2759 1072 2836 illuditur,

115 2920 119 2925 ,
149 2847 303 2918 osoditur,
325 2850 520 2929 oonspuitur‚
543 2850 687 2910 ministris
707 2845 873 2930 pontificiis
898 2844 926 2905 ei
948 2843 1070 2906 dissuti·

149 2925 221 2989 bus:
242 2930 424 3011 Prophetisa
445 2932 544 3011 nobis,
568 2933 697 3011 Christe,
720 2931 788 3011 quis
810 2928 930 3006 estqui
952 2933 984 2988 to
1005 2946 1069 3009 por

150 3013 265 3073 suasit?
308 3014 400 3076 Forte
420 3013 513 3095 aliqui
525 3035 586 3076 non
599 3015 726 3077 credent
745 3014 825 3074 huso
845 3030 914 3070 esse
937 3015 1073 3071 monstra

149 3096 312 3157 monastici
333 3098 471 3177 instituti,
494 3099 576 3178 quod
599 3100 661 3159 sint
681 3098 776 3159 nimio
798 3093 963 3156 horrenda.
988 3093 1072 3170 Quos

148 3177 196 3243 ire.
214 3180 284 3239 sino
325 3187 358 3240 et
389 3180 547 3244 abundare
568 3199 625 3243 suo
654 3200 763 3257 sensu,
799 3195 902 3257 neque
933 3178 978 3238 eis
1013 3176 1074 3238 boo

149 3261 264 3342 osripto
286 3265 404 3341 servio,
440 3264 500 3325 illis
523 3265 597 3327 solis
620 3266 741 3340 servio,
779 3262 831 3341 qui
857 3261 977 3321 animas
1001 3276 1072 3320 suas

149 3342 252 3402 salvos
274 3346 391 3417 volunt,
412 3347 521 3426 quibus
543 3347 674 3410 arbitror
695 3345 885 3408 satisfactum
931 3363 965 3403 sr
986 3360 1071 3423 pras

149 3424 242 3503 diota,
265 3429 444 3491 ut·oredsnt
466 3451 541 3492 vers
561 3450 641 3508 esse,
664 3450 743 3510 quse
765 3428 844 3489 diuo.
918 3446 1003 3488 erum
1026 3432 1072 3486 sst

148 3510 230 3571 enim
255 3510 430 3572 mandatum
443 3515 515 3575 Dei:
559 3514 681 3574 Vovete
701 3520 731 3575 et
752 3511 882 3585 reddite,
904 3509 989 3588 quod
1008 3526 1070 3569 rrou

147 3591 234 3655 fallet
254 3611 450 3676 quemquam,
472 3598 529 3657 nisi
554 3617 634 3675 eum,
657 3599 708 3677 qui
731 3614 793 3658 nou
816 3591 981 3654 crediderit
1003 3608 1072 3655 osto

58 3740 106 3852 f
136 3700 341 3912 oon.
360 3777 404 3833 11.
