2392 4170
359 261 388 320 iu
407 277 463 335 qua
482 266 599 322 uxcmct
616 260 735 320 reditum
753 266 807 319 etc.
993 259 1056 327 381

214 433 300 495 Haec
322 453 390 495 cum
420 436 463 496 ite
484 435 559 515 siut,
594 453 650 496 cro
673 433 729 498 CL.
752 429 804 514 V.‚
837 439 870 494 ut
890 432 1058 496 clementer

131 525 163 579 et
184 516 257 580 boni
279 518 422 587 consulut
453 517 618 579 adveutum
654 537 754 578 meum
776 518 806 578 in
829 515 974 598 oppidum
998 517 1056 585 ΟΕ.

131 601 170 666 V.
195 621 233 662 es
253 602 417 682 ignorante
455 609 486 662 et
515 603 631 662 iniussu
664 602 746 678 eius,
785 620 855 661 uum
872 600 907 664 V.
933 600 1055 681 quidem

131 684 189 746 ΟΒ.
223 683 365 746 domiuus
393 693 440 745 est
470 686 528 745 mei
561 683 735 765 corpusculi
763 690 794 746 et
823 683 1056 763 fortunulerum,

131 768 270 830 Christus
301 788 376 829 vero
398 769 489 829 etiem
513 769 680 829 animarum
691 816 700 849 ‚
732 766 771 830 ud
795 785 870 847 quus
893 786 942 829 me
975 770 1057 830 misit

131 851 222 912 stud
245 871 371 931 quarum
400 871 503 913 curum
535 871 583 912 me
605 852 814 912 exsuscitavit.
858 850 920 911 Has
943 871 1055 932 usque-

132 954 224 1015 quum
248 934 319 995 mihi
344 935 529 996 deserendus
552 954 620 996 esee
641 934 755 996 iudico.
799 933 896 1014 Spero
931 943 962 996 et
984 954 1055 997 con·

131 1017 216 1098 udo,
253 1019 417 1080 Dominum
451 1038 551 1080 meum
574 1018 725 1079 Christum
762 1019 967 1098 potentiorem
990 1019 1055 1081 fore

131 1103 243 1163 uostris
264 1103 395 1163 inimicis
417 1109 448 1163 et
470 1121 519 1162 me
541 1109 650 1164 contre
669 1102 791 1164 illorum
813 1102 931 1164 furores
954 1102 1056 1164 defeu-

130 1205 233 1246 surum
270 1195 300 1246 et
321 1193 528 1263 servaturum,
561 1205 630 1247 cum
652 1185 745 1249 volet.
789 1184 840 1249 sin
864 1187 979 1266 miuus,
1000 1185 1057 1248 flut

132 1270 197 1329 eius
221 1269 305 1330 boue
326 1269 485 1347 voluutas,
520 1268 558 1330 de
593 1289 642 1330 me
672 1268 793 1350 quidem
828 1267 901 1329 nihil
929 1269 1055 1350 periculi

131 1352 181 1413 vel
203 1352 324 1414 adversi
348 1355 459 1414 existet
480 1352 538 1414 GL.
562 1353 598 1416 V.
642 1352 709 1415 Hoc
736 1371 844 1414 secure
866 1354 962 1413 ausim
985 1373 1055 1434 pro-

132 1436 259 1497 mittere.
304 1435 354 1498 Ad
378 1443 547 1497 extremum
563 1436 619 1499 GL.
636 1436 670 1500 V.
693 1436 1055 1498 divineemisericordies
1113 1485 1118 1492 .

91 1563 93 1583 .
130 1527 161 1579 et
183 1517 310 1582 buuituti
333 1520 527 1585 commendo.
570 1518 683 1583 Datum
707 1518 970 1600 Vuittembergus,
1005 1518 1054 1583 dic

132 1602 260 1664 Veneris
283 1609 355 1686 pust
376 1601 546 1686 invocavit,
570 1605 660 1665 Auno
683 1601 866 1670 mmxxll.
