2392 4170
389 244 422 303 l).
439 245 475 301 ll.
495 244 575 301 Iruth.
594 244 782 303 Praeludium.
993 243 1055 311 109

128 399 172 461 rel
202 399 303 461 laicus
324 398 454 480 quilibet
484 396 614 481 faceret,
649 401 848 462 ministerium
878 399 961 461 verbi
981 401 1054 462 facit

132 481 319 545 sacerdotem
342 491 375 545 et
396 485 585 565 episcopum.

204 565 315 649 Fugite
330 585 405 648 ergo
429 585 499 628 meo
522 568 664 646 consilio,
686 569 861 648 quicunque
875 574 939 628 tuto
953 569 1055 628 vivere

134 649 223 732 vultis,
243 652 342 731 fugite
364 652 502 729 iuvenes,
525 669 584 711 neo
606 652 672 710 istis
685 652 780 711 sacris
802 651 972 730 initiamini,
995 651 1054 711 nisi

137 740 182 793 sat
199 734 414 815 evangelisare
437 735 602 813 volueritis,
626 742 679 795 aut
700 735 758 794 nisi
782 754 838 795 vos
860 734 920 794 hoc
938 734 1053 795 ordinis

138 826 319 879 memento
342 816 438 878 nihilo
461 817 547 878 laicis
570 817 711 878 meliores
733 818 832 878 laetos
855 817 979 878 credere
1000 836 1054 899 po-

140 901 220 961 tastis.
260 900 334 961 lion
355 902 435 962 eninr
457 900 551 961 horas
573 901 677 981 legere
699 900 814 980 aliquid
836 911 891 961 est.
935 901 1054 962 Deinde

142 983 249 1045 mnam
259 983 371 1045 offerre
383 996 608 1046 sacramentum
621 985 780 1064 percipere
792 994 848 1044 est
878 981 958 1058 Quid
980 1003 1054 1066 ergo

143 1066 267 1128 invehis
288 1076 403 1146 manet,
427 1067 512 1146 quod
534 1087 597 1129 non
621 1070 652 1128 in
676 1068 785 1146 quovis
807 1067 888 1127 laico
912 1067 1057 1129 maneat?

143 1146 244 1211 llssurs
263 1157 296 1211 et
310 1149 427 1211 vestis?
448 1151 594 1211 Miserum
608 1150 812 1232 sacerdotem,
837 1151 888 1229 qui
904 1168 1011 1211 rasura
1026 1158 1057 1211 et

144 1238 213 1293 rasta
223 1240 354 1295 constat
387 1235 436 1293 An
456 1234 559 1294 oleum
578 1233 679 1314 digitis
699 1235 806 1293 vestris
826 1233 980 1293 intusum?
1014 1235 1055 1294 At

143 1312 313 1381 maanus
320 1315 447 1397 quilibet
458 1318 528 1378 oleo
540 1319 639 1378 sancti
650 1316 780 1397 Spiritus
789 1326 935 1376 unctuset
944 1318 1055 1377 sancti·

143 1395 233 1460 lastm
243 1408 290 1461 est
301 1417 433 1480 corpore
446 1410 478 1461 et
488 1402 600 1479 anima,
623 1408 654 1461 et
666 1401 739 1461 olim
752 1406 979 1461 sacramentum
994 1418 1056 1460 nra

143 1480 215 1543 uibus
226 1482 387 1561 mactabat,
401 1501 465 1544 non
479 1485 577 1544 minus
591 1502 682 1563 quam
699 1502 781 1543 nuno
792 1484 970 1543 sacerdotes
982 1482 1055 1543 faoi-

145 1572 194 1643 nt,
204 1564 270 1627 loct
281 1573 389 1627 nostm
398 1568 574 1647 superstitio
589 1567 765 1628 laicisnunc
777 1585 923 1647 magnum
935 1573 1054 1626 reatum

145 1646 250 1727 iniicist,
273 1651 298 1710 si
322 1650 370 1710 vel
393 1651 520 1711 calicem
544 1650 670 1728 nudum,
694 1659 747 1710 aut
763 1649 926 1729 corporale
949 1651 1054 1728 tetige-

144 1730 252 1809 n'tneo
271 1733 399 1795 moniali
420 1733 543 1814 quidem
566 1744 694 1795 sanctae
717 1735 824 1812 virgini
839 1733 929 1793 liceat
949 1733 1054 1792 lavare

146 1814 224 1892 pallas
241 1815 346 1877 altaris
368 1824 399 1877 et
419 1816 600 1878 linteamina
620 1835 718 1878 sacra.
772 1815 849 1875 Vide
877 1834 932 1895 per
954 1816 1054 1876 Deum

145 1909 350 1961 mosanctam
382 1899 497 1962 ordinis
532 1900 621 1961 huius
657 1901 869 1974 sanctitatem,
907 1910 1053 1977 quantum

98 1982 100 1991 '
145 1980 293 2063 profecerit,
315 1982 448 2045 futurum
471 2002 572 2064 spero,
596 1995 627 2044 ut
650 2001 709 2043 nec
732 1984 828 2043 altare
850 1982 943 2042 liceat
965 1984 1052 2043 attin-

146 2066 312 2145 reclusis,
334 2067 393 2127 nisi
414 2067 487 2128 dum
505 2084 646 2129 nummos
669 2066 843 2127 obtulerint.
886 2065 955 2146 Ego
971 2084 1052 2146 pene

149 2142 279 2230 dirumpor
305 2153 447 2230 cogitans
476 2150 531 2211 has
553 2151 749 2230 impiissimas
777 2149 935 2210 hominum
959 2161 1051 2210 teme·

150 2231 344 2294 nlssimorum
372 2234 564 2314 tyrannides,
591 2242 653 2295 tam
682 2233 853 2312 nugacibus
881 2239 913 2293 et
932 2234 1053 2313 puerili·

152 2312 190 2373 los
206 2318 290 2397 nugis
312 2316 484 2378 libertatem
507 2327 538 2378 et
565 2317 695 2398 gloriam
718 2316 910 2377 Christianae
932 2317 1051 2396 religio·

154 2396 384 2461 mutinensium
406 2407 437 2462 et
456 2401 718 2483 pessundantium.

209 2482 284 2545 Esto
306 2486 413 2564 itaque
433 2494 543 2563 certus,
566 2494 596 2545 et
617 2502 687 2544 sese
709 2491 861 2562 agnoscat
877 2486 1052 2563 quicunque

155 2563 386 2629 tedhristianum
409 2587 478 2630 esse
500 2568 697 2649 cognoverit,
730 2584 837 2626 omnes
859 2585 917 2627 nos
939 2585 1053 2645 aequa-

152 2643 199 2707 lor
213 2670 281 2712 esse
303 2651 499 2730 sacerdotes,
532 2653 592 2714 hoo
615 2658 678 2729 cst,
701 2648 831 2709 eandem
854 2651 883 2709 in
908 2651 1001 2709 verbo
1024 2656 1055 2707 et

151 2744 319 2795 memento
349 2752 533 2814 quocunque
565 2735 680 2797 habere
712 2741 912 2813 potestatem:
951 2750 1055 2791 verum

98 2864 101 2889 ,
150 2828 193 2875 noa
211 2817 302 2878 licere
326 2836 511 2897 quemquam
540 2820 598 2878 hac
625 2820 693 2897 ipsa
723 2817 783 2894 uti,
821 2816 879 2874 nisi
902 2832 1055 2874 consensu

98 2918 100 2925 ·
151 2903 369 2974 communitatis,
398 2907 452 2962 aut
483 2903 646 2963 vocatione
676 2900 809 2963 maioris.
861 2896 951 2973 Quod
975 2897 1056 2955 enim

150 2984 262 3043 omium
284 2993 333 3044 est
355 2987 573 3063 communiter,
603 2984 703 3045 nullus
732 2982 926 3061 singulariter
955 2988 1058 3058 potest

97 3102 106 3149 Ι.
149 3062 190 3123 au
208 3086 369 3148 arrogare,
391 3068 492 3130 donec
513 3078 651 3131 vocetur.
696 3067 743 3125 Ac
770 3083 824 3144 per
853 3065 913 3124 hoc
942 3062 1057 3123 ordinis

97 3152 100 3197 i
149 3160 364 3224 testamentum,
387 3152 413 3211 si
424 3154 592 3233 quidquam
614 3158 670 3232 est,
693 3147 847 3209 essenihil
865 3146 947 3207 aliud
966 3162 1058 3224 quam

97 3246 100 3275 ¹
148 3229 218 3293 ritum
250 3235 405 3314 quendam
450 3237 582 3299 vocandi
619 3234 746 3297 alicuius
792 3233 823 3290 in
858 3231 1058 3290 ministerium

97 3382 100 3387 ,
150 3315 384 3381 ecclesiasticum.
440 3320 560 3381 Deinde
594 3316 800 3380 sacerdotium
834 3313 958 3394 proprie
990 3328 1060 3371 esse

150 3412 195 3459 uon
214 3403 271 3462 nisi
284 3403 485 3465 ministerium
500 3405 593 3482 verbi,
616 3400 711 3477 verbi,
734 3399 870 3478 inquam,
892 3413 954 3456 non
971 3395 1056 3475 legis,

151 3482 191 3542 ot
219 3487 381 3566 evangelii.
443 3488 626 3550 Diaconiam
656 3501 728 3543 vero
760 3498 829 3541 esse
862 3481 1059 3540 ministerium

152 3568 338 3651 neclegendi
360 3572 514 3652 evangelii
535 3578 589 3631 aut
610 3567 778 3648 epistolas,
812 3572 845 3624 ut
871 3563 964 3624 hodie
986 3580 1060 3623 usus

97 3660 105 3737 ξ
154 3643 241 3735 labet,
267 3654 322 3718 sed
354 3674 431 3737 opes
462 3655 615 3717 eeclesiae
645 3648 843 3713 distribuendi
865 3647 1060 3729 paoperibus,

98 3740 102 3747 '
154 3738 364 3803 ltneerdotes
385 3739 527 3803 leventur
547 3752 761 3801 oneratorum
785 3733 1008 3813 temporalium,
1030 3739 1061 3790 et
