2392 4170
389 228 513 286 Rationis
532 226 718 296 Latomianaa
725 235 781 285 ete.
992 224 1055 298 401

134 405 200 483 me
207 385 353 466 centuplo
370 385 532 482 temporali
555 385 644 445 buius
663 386 814 447 scientiae
828 383 1004 461 honoravit,
1025 393 1055 447 ιιι

132 470 193 529 iam
209 470 460 549 persuasissimus
484 470 552 544 sim,
576 488 688 549 papam
711 488 782 529 esse
793 468 967 548 perlectum
982 430 1055 530 illud

132 553 269 631 ultimum
287 552 429 629 omuibus
446 551 613 631 scripturis
634 551 824 632 praedictum
836 550 1056 626 antichristum,

129 614 355 699 Ubirersitutes
377 655 451 696 vero
479 653 657 716 synagogas
671 653 901 716 synagogarum
918 642 1056 708 satanas,

130 720 287 799 inquibus
305 708 603 799 Sophistotheologl,
626 717 769 798 Epicurei
784 718 826 780 illi
850 719 946 798 porci,
968 736 1055 778 suum

130 821 259 885 reguum
284 809 423 880 regnaut

194 882 321 966 Longe
344 905 392 946 me
422 883 531 957 abesse
554 903 573 943 a
595 884 759 949 modestia
768 884 949 964 evangelica
973 882 1057 956 dicit,

152 986 234 1047 uam
248 967 371 1044 doceo,
388 968 568 1048 praesertim
585 968 615 1026 iu
639 986 677 1028 eo
701 966 794 1043 libro,
819 986 881 1046 quo
903 966 992 1029 illia
981 967 1057 1046 ipsis

177 1051 376 1131 caniensibus
400 1051 551 1131 Sophistis
575 1051 739 1130 respondi,
763 1069 832 1113 cum
856 1070 925 1111 mea
948 1049 1057 1110 doctri·

133 1124 243 1213 naliter
266 1133 474 1210 damnassent.
518 1136 558 1194 Αι
572 1153 726 1213 nunquam
743 1134 844 1212 exegi,
868 1142 900 1196 ιιι
922 1153 970 1192 me
991 1135 1058 1212 quis

133 1202 309 1300 modestum
330 1225 384 1293 sut
404 1223 545 1291 sanctum
569 1216 705 1297 baberet,
727 1217 781 1277 sed
804 1226 837 1286 ιιι
851 1215 1055 1295 Evangelium

132 1320 243 1381 omues
271 1308 497 1398 ιιιῐιριιιιιιιι,
531 1300 603 1369 data
632 1300 792 1363 licentia
785 1320 815 1360 m
830 1319 937 1362 meam
962 1300 1054 1363 virsa

133 1372 296 1480 ιιιιιιιιιιιι
327 1386 460 1460 cuiusvis
494 1383 622 1444 libidini
672 1383 741 1445 Hoc
774 1390 876 1444 tamen
913 1382 1060 1463 gloriatur

134 1469 328 1545 conscientia
349 1487 434 1542 mea,
471 1467 582 1527 nullius
605 1464 697 1526 ¹vitam
732 1477 785 1528 aut
811 1466 923 1527 lamam
952 1485 1060 1526 esses

133 1571 182 1612 me
206 1538 340 1624 laesam,
374 1551 474 1613 solum
506 1551 669 1632 dogmata,
702 1549 804 1611 studia
831 1559 862 1610 et
882 1550 1007 1630 ingenia
1028 1549 1058 1609 iu

135 1635 259 1707 verbum
282 1597 340 1697 Del
374 1637 469 1714 impia
490 1641 521 1694 et
542 1633 694 1713 sacrilega
731 1632 872 1695 acerbius
894 1635 1058 1697 insectatus

134 1738 210 1809 sum.
254 1710 292 1780 In
315 1735 393 1797 quo,
423 1726 457 1778 ut
488 1735 550 1778 uon
581 1716 730 1796 deprecor
758 1717 896 1797 culpam,
926 1718 969 1778 ita
998 1732 1059 1779 noa

135 1798 201 1862 sum
217 1802 294 1867 siue
316 1800 470 1882 exemplo.
514 1800 667 1861 lohannes
685 1800 832 1898 Baptista,
846 1809 875 1859 et-
897 1807 969 1880 post
991 1818 1059 1860 eum

134 1883 285 1964 cbristus,
307 1891 402 1961 vocat
422 1882 604 1945 Pharisaeos
627 1885 783 1964 genimina
806 1885 988 1963 viperarum,
1007 1883 1060 1942 im·

135 1932 364 2045 modestissimo
395 1976 425 2028 et
447 1968 644 2031 atrocissimo
664 1966 858 2039 maledicto
848 1987 887 2034 ιιι
904 1975 978 2026 tam
986 1965 1060 2026 doc·

135 2060 200 2128 ios,
223 2058 365 2130 capetus,
387 2058 530 2132 potentes
553 2058 583 2111 et
605 2051 778 2147 honoratos
799 2050 906 2122 viroso
937 2056 970 2110 ut
991 2068 1059 2109 eum

134 2155 238 2209 rursus
263 2134 457 2201 daemonium
481 2133 594 2197 habere
617 2133 778 2195 dixeriut'
738 2135 838 2214 trpsi.
882 2132 915 2195 si
937 2132 990 2193 hic
1007 2131 1059 2193 la,-

136 2227 238 2281 tomus
260 2217 354 2281 iudex
377 2217 499 2292 luisset,
528 2218 676 2292 obsecro,
712 2236 792 2297 quae
815 2217 968 2285 sententia
990 2215 1060 2276 illos

137 2299 322 2377 mansisset?
345 2301 426 2375 Alibi
440 2264 576 2361 Chiistus
596 2319 718 2379 caecos,
742 2300 916 2377 mendaces,
939 2317 1062 2380 pravos,

136 2384 230 2446 filios
246 2372 360 2450 diaboli
400 2394 499 2446 vocat.
480 2385 672 2448 t·Paulus
662 2381 696 2462 *l
730 2403 804 2444 vero
828 2384 933 2462 (Daue
962 2383 1060 2457 boue)

136 2489 249 2550 quam
269 2475 318 2530 est
339 2467 376 2529 ab
398 2468 589 2546 Evangeliea
618 2467 769 2527 modestia
805 2475 959 2543 remotus,
991 2466 1062 2526 dum
1146 2484 1148 2491 ·

137 2552 303 2614 anathema
331 2551 403 2612 lacit
431 2551 595 2630 Magistros
626 2549 823 2621 Galatarffum
851 2568 999 2629 magnos,
1032 2558 1064 2608 ut

138 2636 278 2711 arbitror,
302 2637 395 2712 viros,
418 2635 496 2694 alios
519 2653 622 2711 canes,
646 2634 848 2714 vaniloquos,
870 2633 1062 2727 deceptores,

138 2729 200 2780 tum
224 2718 367 2799 Elymum
391 2738 512 2814 magum
542 2681 636 2777 filiudo
671 2716 802 2794 diaboii,
838 2717 961 2797 plenum
981 2715 1063 2777 omni

140 2803 214 2864 dolo
238 2811 270 2865 et
290 2801 430 2943 fallacior,
454 2802 593 2860 crimiunt
595 2822 628 2860 ur
650 2803 694 2860 in
703 2799 823 2862 faciem.
929 2850 932 2859 .

222 2873 384 2966 blecpnto
407 2885 453 2943 las
476 2904 545 2944 esse
568 2882 729 2964 Sophistis,
753 2884 940 2944 unanimum
963 2900 1064 2955 meum

138 2958 292 3047 iudicent,
315 2989 384 3029 oum
407 2988 484 3048 opus
509 2987 609 3028 ursum
633 2967 671 3028 ab
694 2967 858 3046 apostolis,
892 2965 1014 3028 Christo
1036 2972 1066 3025 el

138 3053 299 3135 prophetis
322 3052 481 3112 dissentire
495 3071 556 3112 uon
579 3051 713 3126 videant,
735 3050 789 3111 sed
804 3050 955 3112 modestia
967 3046 1066 3109 Evau-

139 3137 266 3218 gelida,
292 3143 398 3197 nostro
427 3135 551 3233 seculo,
586 3132 846 3215 praeceptoribus
861 3133 1021 3197 Latomis
1027 3150 1065 3192 ea

139 3228 230 3300 est,.
243 3218 398 3299 quando'
390 3221 491 3299 impiis
525 3229 555 3278 et
577 3218 735 3297 sacrilegis
768 3225 831 3277 tum
855 3215 1065 3287 Pontificibus,

139 3314 203 3365 tum
217 3302 370 3384 sophistis
393 3321 474 3381 genu
489 3301 571 3364 flexo
595 3301 740 3362 dicimus:
764 3299 907 3367 Gratiose
921 3298 1065 3395 Domine,

140 3387 249 3449 Gratia
278 3395 380 3447 vestra
408 3386 485 3446 bene
512 3385 605 3458 lacit,
576 3384 783 3464 llllagister
812 3390 917 3444 noster
943 3383 1067 3454 eximie,

141 3478 245 3541 restra
263 3452 450 3530 excelientia
473 3469 551 3531 bene
575 3430 656 3530 dlcit.
702 3469 787 3529 Αι
756 3488 789 3527 ιι
812 3486 867 3528 eos
890 3466 1014 3545 dixeris,
1030 3464 1066 3524 id

141 3550 226 3632 quod
247 3561 329 3631 suut,
352 3552 506 3628 indoctos,
529 3551 709 3633 stupidos,
703 3553 822 3632 impios,
846 3549 1044 3628 sacrilegos'
1037 3567 1066 3607 ιιι

147 3676 571 3711 ΜΑ-πὴη-μ--α-ωικο--ικ

199 3755 230 3820 *·)
247 3753 343 3808 iidata
363 3752 522 3820 t.=l'·liilipp.
541 3750 566 3806 3.
587 3749 664 3803 Aeto.
687 3749 730 3805 132
809 3772 812 3784 ,
858 3764 860 3771 .

192 3859 282 3910 nausa
296 3871 348 3910 opp.
362 3857 390 3902 v.
404 3857 432 3897 A.
447 3856 482 3898 aa.
500 3855 541 3895 rer.
555 3857 605 3899 unt.
618 3857 635 3896 ι.
648 3867 671 3907 ρ,
685 3856 735 3898 vol.
749 3856 778 3901 ι,
862 3822 903 3887 26
