<?xml version="1.0" encoding="UTF-8"?>
<!DOCTYPE html PUBLIC "-//W3C//DTD XHTML 1.0 Transitional//EN"
    "http://www.w3.org/TR/xhtml1/DTD/xhtml1-transitional.dtd">
<html xmlns="http://www.w3.org/1999/xhtml" xml:lang="en" lang="en">
 <head>
  <title>
</title>
<meta http-equiv="Content-Type" content="text/html;charset=utf-8" />
  <meta name='ocr-system' content='tesseract 3.04.00' />
  <meta name='ocr-capabilities' content='ocr_page ocr_carea ocr_par ocr_line ocrx_word'/>
</head>
<body>
  <div class='ocr_page' id='page_1' title='image "./dmartinilutheri03luthgoog_0674.png"; bbox 0 0 2392 4170; ppageno 0'>
   <div class='ocr_carea' id='block_1_1' title="bbox 407 267 1055 348">
    <p class='ocr_par' dir='ltr' id='par_1_1' title="bbox 407 267 1055 348">
     <span class='ocr_line' id='line_1_1' title="bbox 407 267 1055 348; baseline 0.015 -14"><span class='ocrx_word' id='word_1_1' title='bbox 407 267 491 334; x_wconf 81' lang='lat' dir='ltr'>Missa</span> <span class='ocrx_word' id='word_1_2' title='bbox 507 269 619 348; x_wconf 83' lang='lat' dir='ltr'>privata</span> <span class='ocrx_word' id='word_1_3' title='bbox 637 270 672 334; x_wconf 79' lang='lat' dir='ltr'>D.</span> <span class='ocrx_word' id='word_1_4' title='bbox 689 272 726 338; x_wconf 83' lang='lat' dir='ltr'>u.</span> <span class='ocrx_word' id='word_1_5' title='bbox 744 271 775 334; x_wconf 83' lang='lat' dir='ltr'>ir.</span> <span class='ocrx_word' id='word_1_6' title='bbox 993 272 1055 346; x_wconf 85' lang='lat'>131</span> 
     </span>
    </p>
   </div>
   <div class='ocr_carea' id='block_1_2' title="bbox 97 439 1089 3703">
    <p class='ocr_par' dir='ltr' id='par_1_2' title="bbox 130 439 1089 1859">
     <span class='ocr_line' id='line_1_2' title="bbox 215 439 1054 523; baseline 0.004 -23"><span class='ocrx_word' id='word_1_7' title='bbox 215 439 362 523; x_wconf 81' lang='lat' dir='ltr'>Breviter,</span> <span class='ocrx_word' id='word_1_8' title='bbox 384 441 591 504; x_wconf 77' lang='lat' dir='ltr'>abomination</span> <span class='ocrx_word' id='word_1_9' title='bbox 607 449 654 504; x_wconf 88' lang='lat' dir='ltr'>est</span> <span class='ocrx_word' id='word_1_10' title='bbox 674 442 734 503; x_wconf 88' lang='lat' dir='ltr'>ista</span> <span class='ocrx_word' id='word_1_11' title='bbox 745 443 941 523; x_wconf 86' lang='lat' dir='ltr'>perversitas,</span> <span class='ocrx_word' id='word_1_12' title='bbox 964 461 1054 522; x_wconf 88' lang='lat' dir='ltr'>quam</span> 
     </span>
     <span class='ocr_line' id='line_1_3' title="bbox 133 523 1055 606; baseline 0.004 -24"><span class='ocrx_word' id='word_1_13' title='bbox 133 523 212 583; x_wconf 84' lang='lat' dir='ltr'>ullus</span> <span class='ocrx_word' id='word_1_14' title='bbox 236 532 327 604; x_wconf 84' lang='lat' dir='ltr'>queat</span> <span class='ocrx_word' id='word_1_15' title='bbox 350 526 452 586; x_wconf 86' lang='lat' dir='ltr'>verbis</span> <span class='ocrx_word' id='word_1_16' title='bbox 477 529 635 606; x_wconf 79' lang='lat' dir='ltr'>consequi.</span> <span class='ocrx_word' id='word_1_17' title='bbox 680 526 735 585; x_wconf 82' lang='lat' dir='ltr'>Est</span> <span class='ocrx_word' id='word_1_18' title='bbox 757 527 836 586; x_wconf 88' lang='lat' dir='ltr'>enim</span> <span class='ocrx_word' id='word_1_19' title='bbox 860 526 920 587; x_wconf 85' lang='lat' dir='ltr'>hos</span> <span class='ocrx_word' id='word_1_20' title='bbox 942 545 1055 606; x_wconf 88' lang='lat' dir='ltr'>negare</span> 
     </span>
     <span class='ocr_line' id='line_1_4' title="bbox 132 605 1056 753; baseline 0.003 -86"><span class='ocrx_word' id='word_1_21' title='bbox 132 608 225 753; x_wconf 48' lang='lat' dir='ltr'>Plane</span> <span class='ocrx_word' id='word_1_22' title='bbox 246 605 346 669; x_wconf 88' lang='lat' dir='ltr'>Deum</span> <span class='ocrx_word' id='word_1_23' title='bbox 385 617 416 671; x_wconf 86' lang='lat' dir='ltr'>et</span> <span class='ocrx_word' id='word_1_24' title='bbox 447 611 577 692; x_wconf 89' lang='lat' dir='ltr'>primum</span> <span class='ocrx_word' id='word_1_25' title='bbox 607 612 672 670; x_wconf 89' lang='lat' dir='ltr'>eius</span> <span class='ocrx_word' id='word_1_26' title='bbox 703 616 909 690; x_wconf 83' lang='lat' dir='ltr'>praeceptum.</span> <span class='ocrx_word' id='word_1_27' title='bbox 954 608 1056 685; x_wconf 79' lang='lat' dir='ltr'>Quare</span> 
     </span>
     <span class='ocr_line' id='line_1_5' title="bbox 160 692 1056 771; baseline 0.006 -21"><span class='ocrx_word' id='word_1_28' title='bbox 160 692 279 771; x_wconf 86' lang='lat' dir='ltr'>apistae</span> <span class='ocrx_word' id='word_1_29' title='bbox 301 692 350 752; x_wconf 87' lang='lat' dir='ltr'>bis</span> <span class='ocrx_word' id='word_1_30' title='bbox 372 700 425 753; x_wconf 81' lang='lat' dir='ltr'>aut</span> <span class='ocrx_word' id='word_1_31' title='bbox 458 695 502 754; x_wconf 90' lang='lat' dir='ltr'>sui</span> <span class='ocrx_word' id='word_1_32' title='bbox 526 693 664 755; x_wconf 85' lang='lat' dir='ltr'>saeriflaii</span> <span class='ocrx_word' id='word_1_33' title='bbox 699 696 848 754; x_wconf 87' lang='lat' dir='ltr'>rationem</span> <span class='ocrx_word' id='word_1_34' title='bbox 887 693 1056 755; x_wconf 85' lang='lat' dir='ltr'>reddente</span> 
     </span>
     <span class='ocr_line' id='line_1_6' title="bbox 132 774 1055 857; baseline 0.002 -21"><span class='ocrx_word' id='word_1_35' title='bbox 132 774 306 856; x_wconf 70' lang='lat' dir='ltr'>Scriptum,</span> <span class='ocrx_word' id='word_1_36' title='bbox 330 784 383 838; x_wconf 86' lang='lat' dir='ltr'>aut</span> <span class='ocrx_word' id='word_1_37' title='bbox 405 778 504 837; x_wconf 87' lang='lat' dir='ltr'>saieut</span> <span class='ocrx_word' id='word_1_38' title='bbox 524 795 593 838; x_wconf 90' lang='lat' dir='ltr'>sese</span> <span class='ocrx_word' id='word_1_39' title='bbox 616 778 679 837; x_wconf 92' lang='lat' dir='ltr'>suis</span> <span class='ocrx_word' id='word_1_40' title='bbox 696 776 796 837; x_wconf 85' lang='lat' dir='ltr'>Missis</span> <span class='ocrx_word' id='word_1_41' title='bbox 818 779 970 857; x_wconf 87' lang='lat' dir='ltr'>pessimos</span> <span class='ocrx_word' id='word_1_42' title='bbox 993 797 1055 838; x_wconf 90' lang='lat' dir='ltr'>om-</span> 
     </span>
     <span class='ocr_line' id='line_1_7' title="bbox 132 859 1056 941; baseline 0.005 -24"><span class='ocrx_word' id='word_1_43' title='bbox 132 860 215 917; x_wconf 89' lang='lat' dir='ltr'>nium</span> <span class='ocrx_word' id='word_1_44' title='bbox 237 860 412 921; x_wconf 79' lang='lat' dir='ltr'>seculorum</span> <span class='ocrx_word' id='word_1_45' title='bbox 435 860 582 921; x_wconf 83' lang='lat' dir='ltr'>idolatras</span> <span class='ocrx_word' id='word_1_46' title='bbox 619 880 698 940; x_wconf 74' lang='lat' dir='ltr'>esse,</span> <span class='ocrx_word' id='word_1_47' title='bbox 721 859 878 941; x_wconf 82' lang='lat' dir='ltr'>Scriptura</span> <span class='ocrx_word' id='word_1_48' title='bbox 907 879 962 921; x_wconf 91' lang='lat' dir='ltr'>uos</span> <span class='ocrx_word' id='word_1_49' title='bbox 991 879 1056 922; x_wconf 88' lang='lat' dir='ltr'>non</span> 
     </span>
     <span class='ocr_line' id='line_1_8' title="bbox 133 941 1058 1024; baseline 0.003 -22"><span class='ocrx_word' id='word_1_50' title='bbox 133 941 228 1017; x_wconf 78' lang='lat' dir='ltr'>saltet,</span> <span class='ocrx_word' id='word_1_51' title='bbox 252 961 331 1023; x_wconf 88' lang='lat' dir='ltr'>quae</span> <span class='ocrx_word' id='word_1_52' title='bbox 354 942 535 1004; x_wconf 87' lang='lat' dir='ltr'>saariiisium</span> <span class='ocrx_word' id='word_1_53' title='bbox 559 963 628 1005; x_wconf 86' lang='lat' dir='ltr'>esse</span> <span class='ocrx_word' id='word_1_54' title='bbox 644 944 753 1005; x_wconf 84' lang='lat' dir='ltr'>Missas</span> <span class='ocrx_word' id='word_1_55' title='bbox 774 945 906 1024; x_wconf 75' lang='lat' dir='ltr'><strong>ignorat.</strong></span> <span class='ocrx_word' id='word_1_56' title='bbox 940 943 1058 1005; x_wconf 82' lang='lat' dir='ltr'>Fallent</span> 
     </span>
     <span class='ocr_line' id='line_1_9' title="bbox 133 1026 1089 1108; baseline 0.004 -24"><span class='ocrx_word' id='word_1_57' title='bbox 133 1044 202 1085; x_wconf 89' lang='lat' dir='ltr'>sese</span> <span class='ocrx_word' id='word_1_58' title='bbox 224 1028 337 1107; x_wconf 87' lang='lat' dir='ltr'>potius,</span> <span class='ocrx_word' id='word_1_59' title='bbox 360 1029 411 1107; x_wconf 86' lang='lat' dir='ltr'>qui</span> <span class='ocrx_word' id='word_1_60' title='bbox 434 1026 609 1108; x_wconf 78' lang='lat' dir='ltr'>Scripturae</span> <span class='ocrx_word' id='word_1_61' title='bbox 637 1046 698 1088; x_wconf 88' lang='lat' dir='ltr'>non</span> <span class='ocrx_word' id='word_1_62' title='bbox 722 1027 864 1106; x_wconf 84' lang='lat' dir='ltr'>eredunt,</span> <span class='ocrx_word' id='word_1_63' title='bbox 892 1046 949 1088; x_wconf 87' lang='lat' dir='ltr'>suo</span> <span class='ocrx_word' id='word_1_64' title='bbox 971 1027 1056 1089; x_wconf 85' lang='lat' dir='ltr'>Levi·</span> <span class='ocrx_word' id='word_1_65' title='bbox 1087 1059 1089 1063; x_wconf 91' lang='lat'>·</span> 
     </span>
     <span class='ocr_line' id='line_1_10' title="bbox 134 1109 1056 1192; baseline 0.002 -22"><span class='ocrx_word' id='word_1_66' title='bbox 134 1109 228 1170; x_wconf 81' lang='lat' dir='ltr'>athan</span> <span class='ocrx_word' id='word_1_67' title='bbox 251 1110 326 1171; x_wconf 90' lang='lat' dir='ltr'>nixi.</span> <span class='ocrx_word' id='word_1_68' title='bbox 371 1111 509 1172; x_wconf 84' lang='lat' dir='ltr'>Caveaut</span> <span class='ocrx_word' id='word_1_69' title='bbox 530 1110 570 1174; x_wconf 85' lang='lat' dir='ltr'>ab</span> <span class='ocrx_word' id='word_1_70' title='bbox 599 1109 629 1171; x_wconf 86' lang='lat' dir='ltr'>id</span> <span class='ocrx_word' id='word_1_71' title='bbox 653 1113 762 1172; x_wconf 90' lang='lat' dir='ltr'>iterum</span> <span class='ocrx_word' id='word_1_72' title='bbox 785 1112 837 1192; x_wconf 86' lang='lat' dir='ltr'>pia</span> <span class='ocrx_word' id='word_1_73' title='bbox 871 1110 986 1190; x_wconf 80' lang='lat' dir='ltr'>eorde,</span> <span class='ocrx_word' id='word_1_74' title='bbox 1017 1131 1056 1172; x_wconf 92' lang='lat' dir='ltr'>ne</span> 
     </span>
     <span class='ocr_line' id='line_1_11' title="bbox 131 1193 1056 1276; baseline 0.002 -23"><span class='ocrx_word' id='word_1_75' title='bbox 131 1193 241 1253; x_wconf 84' lang='lat' dir='ltr'>Missas</span> <span class='ocrx_word' id='word_1_76' title='bbox 271 1194 469 1273; x_wconf 84' lang='lat' dir='ltr'>saeriflsent,</span> <span class='ocrx_word' id='word_1_77' title='bbox 505 1200 537 1255; x_wconf 87' lang='lat' dir='ltr'>at</span> <span class='ocrx_word' id='word_1_78' title='bbox 566 1195 701 1276; x_wconf 84' lang='lat' dir='ltr'>legitime</span> <span class='ocrx_word' id='word_1_79' title='bbox 729 1194 788 1255; x_wconf 88' lang='lat' dir='ltr'>illis</span> <span class='ocrx_word' id='word_1_80' title='bbox 818 1200 947 1257; x_wconf 86' lang='lat' dir='ltr'>utantur.</span> <span class='ocrx_word' id='word_1_81' title='bbox 992 1194 1056 1256; x_wconf 88' lang='lat' dir='ltr'>Nos</span> 
     </span>
     <span class='ocr_line' id='line_1_12' title="bbox 134 1275 1057 1361; baseline 0.004 -26"><span class='ocrx_word' id='word_1_82' title='bbox 134 1277 225 1336; x_wconf 80' lang='lat' dir='ltr'>cartis</span> <span class='ocrx_word' id='word_1_83' title='bbox 249 1277 372 1337; x_wconf 89' lang='lat' dir='ltr'>nitimur</span> <span class='ocrx_word' id='word_1_84' title='bbox 384 1275 559 1361; x_wconf 78' lang='lat' dir='ltr'>scripturis,</span> <span class='ocrx_word' id='word_1_85' title='bbox 583 1278 654 1339; x_wconf 89' lang='lat' dir='ltr'>ideo</span> <span class='ocrx_word' id='word_1_86' title='bbox 665 1297 723 1339; x_wconf 87' lang='lat' dir='ltr'>nee</span> <span class='ocrx_word' id='word_1_87' title='bbox 733 1297 834 1339; x_wconf 88' lang='lat' dir='ltr'>errare</span> <span class='ocrx_word' id='word_1_88' title='bbox 857 1297 1057 1358; x_wconf 87' lang='lat' dir='ltr'>neepeeeare</span> 
     </span>
     <span class='ocr_line' id='line_1_13' title="bbox 131 1360 1057 1442; baseline 0.003 -23"><span class='ocrx_word' id='word_1_89' title='bbox 131 1377 296 1441; x_wconf 89' lang='lat' dir='ltr'>possumus</span> <span class='ocrx_word' id='word_1_90' title='bbox 325 1360 425 1422; x_wconf 81' lang='lat' dir='ltr'>Missis</span> <span class='ocrx_word' id='word_1_91' title='bbox 447 1361 637 1428; x_wconf 81' lang='lat' dir='ltr'>abstinentes</span> <span class='ocrx_word' id='word_1_92' title='bbox 660 1361 887 1442; x_wconf 79' lang='lat' dir='ltr'>saariflaandis3</span> <span class='ocrx_word' id='word_1_93' title='bbox 909 1362 952 1422; x_wconf 88' lang='lat' dir='ltr'>illi</span> <span class='ocrx_word' id='word_1_94' title='bbox 974 1368 1057 1422; x_wconf 86' lang='lat' dir='ltr'>reete</span> 
     </span>
     <span class='ocr_line' id='line_1_14' title="bbox 130 1442 1055 1526; baseline 0.001 -22"><span class='ocrx_word' id='word_1_95' title='bbox 130 1442 274 1504; x_wconf 81' lang='lat' dir='ltr'>insedere</span> <span class='ocrx_word' id='word_1_96' title='bbox 305 1463 367 1505; x_wconf 92' lang='lat' dir='ltr'>non</span> <span class='ocrx_word' id='word_1_97' title='bbox 398 1452 546 1526; x_wconf 89' lang='lat' dir='ltr'>possunt,</span> <span class='ocrx_word' id='word_1_98' title='bbox 577 1445 647 1506; x_wconf 88' lang='lat' dir='ltr'>dum</span> <span class='ocrx_word' id='word_1_99' title='bbox 677 1445 783 1506; x_wconf 84' lang='lat' dir='ltr'>relicta</span> <span class='ocrx_word' id='word_1_100' title='bbox 806 1443 966 1526; x_wconf 80' lang='lat' dir='ltr'>Scriptura</span> <span class='ocrx_word' id='word_1_101' title='bbox 992 1445 1055 1505; x_wconf 88' lang='lat' dir='ltr'>suis</span> 
     </span>
     <span class='ocr_line' id='line_1_15' title="bbox 132 1525 1056 1610; baseline 0.001 -23"><span class='ocrx_word' id='word_1_102' title='bbox 132 1525 239 1588; x_wconf 88' lang='lat' dir='ltr'>studiis</span> <span class='ocrx_word' id='word_1_103' title='bbox 263 1525 425 1607; x_wconf 83' lang='lat' dir='ltr'>ducuntur,</span> <span class='ocrx_word' id='word_1_104' title='bbox 447 1529 533 1610; x_wconf 84' lang='lat' dir='ltr'>eitra,</span> <span class='ocrx_word' id='word_1_105' title='bbox 555 1529 645 1608; x_wconf 84' lang='lat' dir='ltr'>uitta,</span> <span class='ocrx_word' id='word_1_106' title='bbox 668 1536 775 1590; x_wconf 87' lang='lat' dir='ltr'>eontra</span> <span class='ocrx_word' id='word_1_107' title='bbox 788 1528 923 1589; x_wconf 87' lang='lat' dir='ltr'>divinam</span> <span class='ocrx_word' id='word_1_108' title='bbox 945 1528 1056 1589; x_wconf 85' lang='lat' dir='ltr'>aut-ori·</span> 
     </span>
     <span class='ocr_line' id='line_1_16' title="bbox 132 1610 1056 1691; baseline 0.004 -21"><span class='ocrx_word' id='word_1_109' title='bbox 132 1617 225 1670; x_wconf 90' lang='lat' dir='ltr'>tatem</span> <span class='ocrx_word' id='word_1_110' title='bbox 250 1613 278 1669; x_wconf 93' lang='lat' dir='ltr'>in</span> <span class='ocrx_word' id='word_1_111' title='bbox 302 1631 335 1673; x_wconf 89' lang='lat' dir='ltr'>re</span> <span class='ocrx_word' id='word_1_112' title='bbox 356 1621 417 1673; x_wconf 91' lang='lat' dir='ltr'>tam</span> <span class='ocrx_word' id='word_1_113' title='bbox 440 1631 538 1691; x_wconf 83' lang='lat' dir='ltr'>saara,</span> <span class='ocrx_word' id='word_1_114' title='bbox 562 1620 625 1674; x_wconf 88' lang='lat' dir='ltr'>tam</span> <span class='ocrx_word' id='word_1_115' title='bbox 649 1612 814 1674; x_wconf 91' lang='lat' dir='ltr'>metuenda</span> <span class='ocrx_word' id='word_1_116' title='bbox 837 1619 867 1673; x_wconf 91' lang='lat' dir='ltr'>et</span> <span class='ocrx_word' id='word_1_117' title='bbox 889 1610 1056 1674; x_wconf 86' lang='lat' dir='ltr'>tremenda.</span> 
     </span>
     <span class='ocr_line' id='line_1_17' title="bbox 132 1693 1056 1778; baseline 0.001 -24"><span class='ocrx_word' id='word_1_118' title='bbox 132 1693 158 1754; x_wconf 93' lang='lat'>0</span> <span class='ocrx_word' id='word_1_119' title='bbox 180 1694 261 1775; x_wconf 84' lang='lat' dir='ltr'>fuge,</span> <span class='ocrx_word' id='word_1_120' title='bbox 283 1695 385 1776; x_wconf 86' lang='lat' dir='ltr'>freter,</span> <span class='ocrx_word' id='word_1_121' title='bbox 407 1702 438 1756; x_wconf 88' lang='lat' dir='ltr'>et</span> <span class='ocrx_word' id='word_1_122' title='bbox 460 1694 649 1774; x_wconf 86' lang='lat' dir='ltr'>deserebas</span> <span class='ocrx_word' id='word_1_123' title='bbox 672 1696 826 1778; x_wconf 88' lang='lat' dir='ltr'>perditum</span> <span class='ocrx_word' id='word_1_124' title='bbox 849 1695 1056 1758; x_wconf 85' lang='lat' dir='ltr'>saeerdotium</span> 
     </span>
     <span class='ocr_line' id='line_1_18' title="bbox 132 1778 331 1859; baseline 0.02 -21"><span class='ocrx_word' id='word_1_125' title='bbox 132 1778 331 1859; x_wconf 87' lang='lat' dir='ltr'>Papistarum.</span> 
     </span>
    </p>

    <p class='ocr_par' dir='ltr' id='par_1_3' title="bbox 130 1861 1060 3116">
     <span class='ocr_line' id='line_1_19' title="bbox 215 1861 1058 1945; baseline 0.001 -23"><span class='ocrx_word' id='word_1_126' title='bbox 215 1861 320 1924; x_wconf 83' lang='lat' dir='ltr'>Tertio</span> <span class='ocrx_word' id='word_1_127' title='bbox 351 1862 565 1945; x_wconf 80' lang='lat' dir='ltr'>aggrediemur</span> <span class='ocrx_word' id='word_1_128' title='bbox 595 1862 801 1924; x_wconf 75' lang='lat' dir='ltr'>sacerdotium</span> <span class='ocrx_word' id='word_1_129' title='bbox 840 1863 901 1924; x_wconf 89' lang='lat' dir='ltr'>boe</span> <span class='ocrx_word' id='word_1_130' title='bbox 934 1861 1058 1924; x_wconf 82' lang='lat' dir='ltr'>missale</span> 
     </span>
     <span class='ocr_line' id='line_1_20' title="bbox 132 1945 1058 2026; baseline 0 -20"><span class='ocrx_word' id='word_1_131' title='bbox 132 1945 248 2026; x_wconf 88' lang='lat' dir='ltr'>impetu</span> <span class='ocrx_word' id='word_1_132' title='bbox 274 1946 357 2007; x_wconf 87' lang='lat' dir='ltr'>saeta</span> <span class='ocrx_word' id='word_1_133' title='bbox 386 1967 426 2008; x_wconf 88' lang='lat' dir='ltr'>ex</span> <span class='ocrx_word' id='word_1_134' title='bbox 462 1947 630 2009; x_wconf 89' lang='lat' dir='ltr'>ministeris</span> <span class='ocrx_word' id='word_1_135' title='bbox 652 1946 747 2010; x_wconf 87' lang='lat' dir='ltr'>verbi.</span> <span class='ocrx_word' id='word_1_136' title='bbox 789 1945 869 2011; x_wconf 87' lang='lat' dir='ltr'>Nam</span> <span class='ocrx_word' id='word_1_137' title='bbox 905 1952 935 2007; x_wconf 88' lang='lat' dir='ltr'>et</span> <span class='ocrx_word' id='word_1_138' title='bbox 957 1963 1058 2008; x_wconf 87' lang='lat' dir='ltr'>saeer-</span> 
     </span>
     <span class='ocr_line' id='line_1_21' title="bbox 133 2028 1056 2109; baseline 0.001 -20"><span class='ocrx_word' id='word_1_139' title='bbox 133 2028 208 2090; x_wconf 91' lang='lat' dir='ltr'>dotii</span> <span class='ocrx_word' id='word_1_140' title='bbox 232 2037 279 2090; x_wconf 91' lang='lat' dir='ltr'>est</span> <span class='ocrx_word' id='word_1_141' title='bbox 300 2029 423 2109; x_wconf 85' lang='lat' dir='ltr'>docere,</span> <span class='ocrx_word' id='word_1_142' title='bbox 446 2032 524 2092; x_wconf 86' lang='lat' dir='ltr'>sieut</span> <span class='ocrx_word' id='word_1_143' title='bbox 546 2029 620 2092; x_wconf 80' lang='lat' dir='ltr'>disis</span> <span class='ocrx_word' id='word_1_144' title='bbox 641 2031 804 2094; x_wconf 79' lang='lat' dir='ltr'>Zacharias</span> <span class='ocrx_word' id='word_1_145' title='bbox 826 2034 862 2095; x_wconf 77' lang='lat'>21</span> <span class='ocrx_word' id='word_1_146' title='bbox 891 2029 988 2092; x_wconf 85' lang='lat' dir='ltr'>Labie</span> <span class='ocrx_word' id='word_1_147' title='bbox 1010 2049 1056 2090; x_wconf 88' lang='lat' dir='ltr'>sa·</span> 
     </span>
     <span class='ocr_line' id='line_1_22' title="bbox 131 2111 1059 2198; baseline 0.002 -26"><span class='ocrx_word' id='word_1_148' title='bbox 131 2111 265 2174; x_wconf 81' lang='lat' dir='ltr'>serdotis</span> <span class='ocrx_word' id='word_1_149' title='bbox 288 2113 483 2193; x_wconf 69' lang='lat' dir='ltr'>vcustodiunt</span> <span class='ocrx_word' id='word_1_150' title='bbox 517 2115 699 2198; x_wconf 85' lang='lat' dir='ltr'>seientiam,</span> <span class='ocrx_word' id='word_1_151' title='bbox 729 2121 759 2176; x_wconf 91' lang='lat' dir='ltr'>et</span> <span class='ocrx_word' id='word_1_152' title='bbox 788 2115 888 2196; x_wconf 89' lang='lat' dir='ltr'>legem</span> <span class='ocrx_word' id='word_1_153' title='bbox 924 2114 980 2174; x_wconf 91' lang='lat' dir='ltr'>Dei</span> <span class='ocrx_word' id='word_1_154' title='bbox 1016 2131 1059 2179; x_wconf 83' lang='lat' dir='ltr'>err</span> 
     </span>
     <span class='ocr_line' id='line_1_23' title="bbox 133 2199 1055 2280; baseline -0.001 -22"><span class='ocrx_word' id='word_1_155' title='bbox 133 2214 186 2258; x_wconf 86' lang='lat' dir='ltr'>ore</span> <span class='ocrx_word' id='word_1_156' title='bbox 210 2199 275 2257; x_wconf 89' lang='lat' dir='ltr'>eius</span> <span class='ocrx_word' id='word_1_157' title='bbox 299 2199 463 2277; x_wconf 89' lang='lat' dir='ltr'>requirent,</span> <span class='ocrx_word' id='word_1_158' title='bbox 486 2200 558 2278; x_wconf 90' lang='lat' dir='ltr'>quia</span> <span class='ocrx_word' id='word_1_159' title='bbox 578 2200 707 2280; x_wconf 89' lang='lat' dir='ltr'>angelus</span> <span class='ocrx_word' id='word_1_160' title='bbox 722 2199 845 2260; x_wconf 88' lang='lat' dir='ltr'>Domini</span> <span class='ocrx_word' id='word_1_161' title='bbox 867 2199 1055 2259; x_wconf 82' lang='lat' dir='ltr'>exercituum</span> 
     </span>
     <span class='ocr_line' id='line_1_24' title="bbox 132 2279 1055 2344; baseline 0.002 -4"><span class='ocrx_word' id='word_1_162' title='bbox 132 2286 188 2343; x_wconf 87' lang='lat' dir='ltr'>est.</span> <span class='ocrx_word' id='word_1_163' title='bbox 232 2279 283 2342; x_wconf 76' lang='lat' dir='ltr'>sis</span> <span class='ocrx_word' id='word_1_164' title='bbox 305 2284 385 2342; x_wconf 89' lang='lat' dir='ltr'>euim</span> <span class='ocrx_word' id='word_1_165' title='bbox 409 2281 501 2342; x_wconf 86' lang='lat' dir='ltr'>debet</span> <span class='ocrx_word' id='word_1_166' title='bbox 523 2282 659 2344; x_wconf 86' lang='lat' dir='ltr'>mediare</span> <span class='ocrx_word' id='word_1_167' title='bbox 681 2285 761 2344; x_wconf 93' lang='lat' dir='ltr'>inter</span> <span class='ocrx_word' id='word_1_168' title='bbox 783 2283 880 2344; x_wconf 89' lang='lat' dir='ltr'>Deum</span> <span class='ocrx_word' id='word_1_169' title='bbox 906 2289 936 2342; x_wconf 93' lang='lat' dir='ltr'>et</span> <span class='ocrx_word' id='word_1_170' title='bbox 957 2282 1055 2342; x_wconf 91' lang='lat' dir='ltr'>homi·</span> 
     </span>
     <span class='ocr_line' id='line_1_25' title="bbox 130 2365 1057 2447; baseline 0.003 -24"><span class='ocrx_word' id='word_1_171' title='bbox 130 2382 196 2445; x_wconf 86' lang='lat' dir='ltr'>nes,</span> <span class='ocrx_word' id='word_1_172' title='bbox 220 2369 254 2424; x_wconf 91' lang='lat' dir='ltr'>ut</span> <span class='ocrx_word' id='word_1_173' title='bbox 275 2365 341 2426; x_wconf 87' lang='lat' dir='ltr'>Deo</span> <span class='ocrx_word' id='word_1_174' title='bbox 364 2365 474 2426; x_wconf 81' lang='lat' dir='ltr'>offerat</span> <span class='ocrx_word' id='word_1_175' title='bbox 495 2383 551 2445; x_wconf 87' lang='lat' dir='ltr'>pro</span> <span class='ocrx_word' id='word_1_176' title='bbox 573 2366 763 2447; x_wconf 84' lang='lat' dir='ltr'>hominibus,</span> <span class='ocrx_word' id='word_1_177' title='bbox 788 2374 818 2426; x_wconf 91' lang='lat' dir='ltr'>et</span> <span class='ocrx_word' id='word_1_178' title='bbox 840 2366 980 2426; x_wconf 88' lang='lat' dir='ltr'>homines</span> <span class='ocrx_word' id='word_1_179' title='bbox 1005 2365 1057 2426; x_wconf 88' lang='lat' dir='ltr'>do·</span> 
     </span>
     <span class='ocr_line' id='line_1_26' title="bbox 131 2446 1060 2530; baseline 0.001 -22"><span class='ocrx_word' id='word_1_180' title='bbox 131 2457 201 2508; x_wconf 81' lang='lat' dir='ltr'>seat</span> <span class='ocrx_word' id='word_1_181' title='bbox 223 2446 260 2508; x_wconf 90' lang='lat' dir='ltr'>de</span> <span class='ocrx_word' id='word_1_182' title='bbox 284 2447 369 2528; x_wconf 78' lang='lat' dir='ltr'>Deo,</span> <span class='ocrx_word' id='word_1_183' title='bbox 401 2448 502 2509; x_wconf 82' lang='lat' dir='ltr'>terens</span> <span class='ocrx_word' id='word_1_184' title='bbox 527 2454 723 2530; x_wconf 88' lang='lat' dir='ltr'>utrorumque</span> <span class='ocrx_word' id='word_1_185' title='bbox 759 2448 796 2508; x_wconf 88' lang='lat' dir='ltr'>ad</span> <span class='ocrx_word' id='word_1_186' title='bbox 820 2458 975 2529; x_wconf 88' lang='lat' dir='ltr'>utrosque.</span> <span class='ocrx_word' id='word_1_187' title='bbox 1020 2447 1060 2509; x_wconf 81' lang='lat' dir='ltr'>Et</span> 
     </span>
     <span class='ocr_line' id='line_1_27' title="bbox 130 2530 1058 2613; baseline 0.002 -23"><span class='ocrx_word' id='word_1_188' title='bbox 130 2530 181 2591; x_wconf 87' lang='lat' dir='ltr'>hie</span> <span class='ocrx_word' id='word_1_189' title='bbox 209 2530 332 2611; x_wconf 85' lang='lat' dir='ltr'>quidem</span> <span class='ocrx_word' id='word_1_190' title='bbox 362 2532 505 2613; x_wconf 88' lang='lat' dir='ltr'>Papistiei</span> <span class='ocrx_word' id='word_1_191' title='bbox 534 2534 711 2594; x_wconf 76' lang='lat' dir='ltr'>sacerdotes</span> <span class='ocrx_word' id='word_1_192' title='bbox 743 2532 801 2593; x_wconf 91' lang='lat' dir='ltr'>sibi</span> <span class='ocrx_word' id='word_1_193' title='bbox 832 2531 972 2592; x_wconf 84' lang='lat' dir='ltr'>videntur</span> <span class='ocrx_word' id='word_1_194' title='bbox 993 2551 1058 2613; x_wconf 83' lang='lat' dir='ltr'>reg·</span> 
     </span>
     <span class='ocr_line' id='line_1_28' title="bbox 131 2613 1057 2697; baseline 0.001 -23"><span class='ocrx_word' id='word_1_195' title='bbox 131 2633 225 2697; x_wconf 84' lang='lat' dir='ltr'>nare,</span> <span class='ocrx_word' id='word_1_196' title='bbox 254 2614 336 2695; x_wconf 88' lang='lat' dir='ltr'>quod</span> <span class='ocrx_word' id='word_1_197' title='bbox 358 2616 480 2677; x_wconf 89' lang='lat' dir='ltr'>illorum</span> <span class='ocrx_word' id='word_1_198' title='bbox 504 2619 659 2696; x_wconf 87' lang='lat' dir='ltr'>proprium</span> <span class='ocrx_word' id='word_1_199' title='bbox 683 2634 751 2676; x_wconf 86' lang='lat' dir='ltr'>esse</span> <span class='ocrx_word' id='word_1_200' title='bbox 784 2621 893 2696; x_wconf 89' lang='lat' dir='ltr'>putent</span> <span class='ocrx_word' id='word_1_201' title='bbox 933 2613 1057 2692; x_wconf 79' lang='lat' dir='ltr'>docere,</span> 
     </span>
     <span class='ocr_line' id='line_1_29' title="bbox 131 2697 1059 2780; baseline 0.001 -22"><span class='ocrx_word' id='word_1_202' title='bbox 131 2699 211 2759; x_wconf 87' lang='lat' dir='ltr'>sieut</span> <span class='ocrx_word' id='word_1_203' title='bbox 232 2704 333 2780; x_wconf 90' lang='lat' dir='ltr'>turget</span> <span class='ocrx_word' id='word_1_204' title='bbox 352 2699 570 2760; x_wconf 83' lang='lat' dir='ltr'>immanisilia</span> <span class='ocrx_word' id='word_1_205' title='bbox 601 2700 700 2763; x_wconf 86' lang='lat' dir='ltr'>bueaa</span> <span class='ocrx_word' id='word_1_206' title='bbox 722 2699 862 2779; x_wconf 83' lang='lat' dir='ltr'>Pelagius</span> <span class='ocrx_word' id='word_1_207' title='bbox 891 2699 920 2758; x_wconf 91' lang='lat' dir='ltr'>in</span> <span class='ocrx_word' id='word_1_208' title='bbox 944 2697 1059 2759; x_wconf 85' lang='lat' dir='ltr'>Deera·</span> 
     </span>
     <span class='ocr_line' id='line_1_30' title="bbox 132 2780 1059 2860; baseline 0 -18"><span class='ocrx_word' id='word_1_209' title='bbox 132 2782 187 2844; x_wconf 91' lang='lat' dir='ltr'>tis:</span> <span class='ocrx_word' id='word_1_210' title='bbox 211 2782 269 2845; x_wconf 90' lang='lat' dir='ltr'>Ubi</span> <span class='ocrx_word' id='word_1_211' title='bbox 293 2789 341 2843; x_wconf 88' lang='lat' dir='ltr'>est</span> <span class='ocrx_word' id='word_1_212' title='bbox 362 2784 535 2860; x_wconf 67' lang='lat' dir='ltr'>mazianitae,</span> <span class='ocrx_word' id='word_1_213' title='bbox 569 2784 611 2845; x_wconf 92' lang='lat' dir='ltr'>ibi</span> <span class='ocrx_word' id='word_1_214' title='bbox 641 2792 688 2846; x_wconf 92' lang='lat' dir='ltr'>est</span> <span class='ocrx_word' id='word_1_215' title='bbox 710 2780 876 2843; x_wconf 83' lang='lat' dir='ltr'>mandandi</span> <span class='ocrx_word' id='word_1_216' title='bbox 899 2782 1059 2860; x_wconf 84' lang='lat' dir='ltr'>autoritas,</span> 
     </span>
     <span class='ocr_line' id='line_1_31' title="bbox 130 2863 1060 2949; baseline -0.001 -23"><span class='ocrx_word' id='word_1_217' title='bbox 130 2874 249 2928; x_wconf 85' lang='lat' dir='ltr'>eeteros</span> <span class='ocrx_word' id='word_1_218' title='bbox 293 2872 397 2928; x_wconf 90' lang='lat' dir='ltr'>manet</span> <span class='ocrx_word' id='word_1_219' title='bbox 429 2866 595 2928; x_wconf 85' lang='lat' dir='ltr'>obediendi</span> <span class='ocrx_word' id='word_1_220' title='bbox 629 2868 808 2928; x_wconf 80' lang='lat' dir='ltr'>nenessitas.</span> <span class='ocrx_word' id='word_1_221' title='bbox 851 2865 919 2926; x_wconf 84' lang='lat' dir='ltr'>Hua</span> <span class='ocrx_word' id='word_1_222' title='bbox 952 2863 1060 2949; x_wconf 86' lang='lat' dir='ltr'>depra-</span> 
     </span>
     <span class='ocr_line' id='line_1_32' title="bbox 132 2946 1059 3030; baseline -0.001 -21"><span class='ocrx_word' id='word_1_223' title='bbox 132 2957 206 3010; x_wconf 85' lang='lat' dir='ltr'>vant</span> <span class='ocrx_word' id='word_1_224' title='bbox 227 2948 300 3010; x_wconf 84' lang='lat' dir='ltr'>ittud</span> <span class='ocrx_word' id='word_1_225' title='bbox 326 2949 436 3013; x_wconf 83' lang='lat' dir='ltr'>Christi</span> <span class='ocrx_word' id='word_1_226' title='bbox 446 2949 496 3030; x_wconf 67' lang='lat' dir='ltr'>*jz</span> <span class='ocrx_word' id='word_1_227' title='bbox 523 2950 582 3027; x_wconf 79' lang='lat' dir='ltr'>Qui</span> <span class='ocrx_word' id='word_1_228' title='bbox 607 2969 662 3014; x_wconf 87' lang='lat' dir='ltr'>vos</span> <span class='ocrx_word' id='word_1_229' title='bbox 686 2951 786 3029; x_wconf 81' lang='lat' dir='ltr'>audit,</span> <span class='ocrx_word' id='word_1_230' title='bbox 809 2969 858 3011; x_wconf 92' lang='lat' dir='ltr'>me</span> <span class='ocrx_word' id='word_1_231' title='bbox 881 2946 986 3030; x_wconf 84' lang='lat' dir='ltr'>audit,</span> <span class='ocrx_word' id='word_1_232' title='bbox 1009 2949 1059 3030; x_wconf 89' lang='lat' dir='ltr'>qui</span> 
     </span>
     <span class='ocr_line' id='line_1_33' title="bbox 131 3036 564 3116; baseline 0.007 -22"><span class='ocrx_word' id='word_1_233' title='bbox 131 3051 189 3094; x_wconf 83' lang='lat' dir='ltr'>vos</span> <span class='ocrx_word' id='word_1_234' title='bbox 213 3036 341 3114; x_wconf 86' lang='lat' dir='ltr'>spernit,</span> <span class='ocrx_word' id='word_1_235' title='bbox 365 3054 415 3095; x_wconf 92' lang='lat' dir='ltr'>me</span> <span class='ocrx_word' id='word_1_236' title='bbox 437 3036 564 3116; x_wconf 86' lang='lat' dir='ltr'>spernit.</span> 
     </span>
    </p>

    <p class='ocr_par' dir='ltr' id='par_1_4' title="bbox 97 3114 1062 3703">
     <span class='ocr_line' id='line_1_34' title="bbox 215 3114 1061 3198; baseline -0.002 -21"><span class='ocrx_word' id='word_1_237' title='bbox 215 3116 273 3178; x_wconf 84' lang='lat' dir='ltr'>His</span> <span class='ocrx_word' id='word_1_238' title='bbox 295 3116 382 3198; x_wconf 78' lang='lat' dir='ltr'>vide,</span> <span class='ocrx_word' id='word_1_239' title='bbox 410 3121 489 3180; x_wconf 87' lang='lat' dir='ltr'>sieut</span> <span class='ocrx_word' id='word_1_240' title='bbox 509 3117 664 3180; x_wconf 85' lang='lat' dir='ltr'>finxerunt</span> <span class='ocrx_word' id='word_1_241' title='bbox 699 3118 754 3179; x_wconf 88' lang='lat' dir='ltr'>sibi</span> <span class='ocrx_word' id='word_1_242' title='bbox 777 3118 911 3179; x_wconf 84' lang='lat' dir='ltr'>alienum</span> <span class='ocrx_word' id='word_1_243' title='bbox 934 3138 952 3179; x_wconf 87' lang='lat' dir='ltr'>a</span> <span class='ocrx_word' id='word_1_244' title='bbox 976 3114 1061 3178; x_wconf 86' lang='lat' dir='ltr'>Obri-</span> 
     </span>
     <span class='ocr_line' id='line_1_35' title="bbox 97 3200 1059 3283; baseline -0.005 -18"><span class='ocrx_word' id='word_1_245' title='bbox 97 3261 99 3265; x_wconf 67' lang='lat'>,</span> <span class='ocrx_word' id='word_1_246' title='bbox 132 3200 455 3263; x_wconf 85' lang='lat' dir='ltr'>stianissaeerdotium</span> <span class='ocrx_word' id='word_1_247' title='bbox 479 3209 509 3263; x_wconf 88' lang='lat' dir='ltr'>et</span> <span class='ocrx_word' id='word_1_248' title='bbox 532 3203 725 3283; x_wconf 74' lang='lat' dir='ltr'>sacrificium,</span> <span class='ocrx_word' id='word_1_249' title='bbox 749 3204 791 3263; x_wconf 82' lang='lat' dir='ltr'>ita</span> <span class='ocrx_word' id='word_1_250' title='bbox 814 3210 844 3262; x_wconf 92' lang='lat' dir='ltr'>et</span> <span class='ocrx_word' id='word_1_251' title='bbox 861 3201 1059 3262; x_wconf 90' lang='lat' dir='ltr'>ministerium</span> 
     </span>
     <span class='ocr_line' id='line_1_36' title="bbox 132 3283 1062 3366; baseline 0.002 -23"><span class='ocrx_word' id='word_1_252' title='bbox 132 3284 218 3344; x_wconf 90' lang='lat' dir='ltr'>verbi</span> <span class='ocrx_word' id='word_1_253' title='bbox 242 3283 476 3346; x_wconf 86' lang='lat' dir='ltr'>introduxerunt</span> <span class='ocrx_word' id='word_1_254' title='bbox 498 3305 611 3348; x_wconf 87' lang='lat' dir='ltr'>novum</span> <span class='ocrx_word' id='word_1_255' title='bbox 635 3296 666 3348; x_wconf 90' lang='lat' dir='ltr'>et</span> <span class='ocrx_word' id='word_1_256' title='bbox 687 3285 880 3366; x_wconf 82' lang='lat' dir='ltr'>sacrilegum.</span> <span class='ocrx_word' id='word_1_257' title='bbox 915 3283 1005 3360; x_wconf 80' lang='lat' dir='ltr'>Quod</span> <span class='ocrx_word' id='word_1_258' title='bbox 1029 3292 1062 3345; x_wconf 91' lang='lat' dir='ltr'>ut</span> 
     </span>
     <span class='ocr_line' id='line_1_37' title="bbox 133 3367 1061 3451; baseline -0.001 -23"><span class='ocrx_word' id='word_1_259' title='bbox 133 3368 327 3429; x_wconf 86' lang='lat' dir='ltr'>manifestum</span> <span class='ocrx_word' id='word_1_260' title='bbox 349 3367 412 3450; x_wconf 83' lang='lat' dir='ltr'>flat,</span> <span class='ocrx_word' id='word_1_261' title='bbox 442 3372 573 3451; x_wconf 89' lang='lat' dir='ltr'>primum</span> <span class='ocrx_word' id='word_1_262' title='bbox 600 3371 722 3431; x_wconf 82' lang='lat' dir='ltr'>invictis</span> <span class='ocrx_word' id='word_1_263' title='bbox 745 3369 908 3450; x_wconf 83' lang='lat' dir='ltr'>Seriptnris</span> <span class='ocrx_word' id='word_1_264' title='bbox 930 3367 1061 3431; x_wconf 83' lang='lat' dir='ltr'>firmabi-</span> 
     </span>
     <span class='ocr_line' id='line_1_38' title="bbox 133 3452 1060 3534; baseline 0.001 -22"><span class='ocrx_word' id='word_1_265' title='bbox 133 3471 211 3529; x_wconf 80' lang='lat' dir='ltr'>mus,</span> <span class='ocrx_word' id='word_1_266' title='bbox 233 3452 403 3534; x_wconf 89' lang='lat' dir='ltr'>legitimum</span> <span class='ocrx_word' id='word_1_267' title='bbox 424 3453 500 3515; x_wconf 91' lang='lat' dir='ltr'>illud</span> <span class='ocrx_word' id='word_1_268' title='bbox 527 3462 558 3517; x_wconf 91' lang='lat' dir='ltr'>et</span> <span class='ocrx_word' id='word_1_269' title='bbox 592 3455 713 3515; x_wconf 89' lang='lat' dir='ltr'>unieum</span> <span class='ocrx_word' id='word_1_270' title='bbox 747 3452 831 3514; x_wconf 83' lang='lat' dir='ltr'>verbi</span> <span class='ocrx_word' id='word_1_271' title='bbox 861 3452 1060 3514; x_wconf 86' lang='lat' dir='ltr'>ministerium</span> 
     </span>
     <span class='ocr_line' id='line_1_39' title="bbox 133 3536 1061 3616; baseline 0 -20"><span class='ocrx_word' id='word_1_272' title='bbox 133 3553 202 3596; x_wconf 88' lang='lat' dir='ltr'>esse</span> <span class='ocrx_word' id='word_1_273' title='bbox 225 3555 389 3597; x_wconf 83' lang='lat' dir='ltr'>commune</span> <span class='ocrx_word' id='word_1_274' title='bbox 419 3536 562 3600; x_wconf 91' lang='lat' dir='ltr'>omnibns</span> <span class='ocrx_word' id='word_1_275' title='bbox 587 3537 784 3616; x_wconf 78' lang='lat' dir='ltr'>Christianis,</span> <span class='ocrx_word' id='word_1_276' title='bbox 807 3537 885 3598; x_wconf 83' lang='lat' dir='ltr'>sicut</span> <span class='ocrx_word' id='word_1_277' title='bbox 907 3542 937 3596; x_wconf 87' lang='lat' dir='ltr'>et</span> <span class='ocrx_word' id='word_1_278' title='bbox 960 3553 1061 3597; x_wconf 84' lang='lat' dir='ltr'>saeer-</span> 
     </span>
     <span class='ocr_line' id='line_1_40' title="bbox 133 3616 1061 3703; baseline 0.001 -23"><span class='ocrx_word' id='word_1_279' title='bbox 133 3616 251 3680; x_wconf 84' lang='lat' dir='ltr'>dotinm</span> <span class='ocrx_word' id='word_1_280' title='bbox 280 3627 311 3681; x_wconf 87' lang='lat' dir='ltr'>et</span> <span class='ocrx_word' id='word_1_281' title='bbox 342 3619 536 3703; x_wconf 79' lang='lat' dir='ltr'>sauritieium.</span> <span class='ocrx_word' id='word_1_282' title='bbox 580 3620 663 3684; x_wconf 78' lang='lat' dir='ltr'>Dicit</span> <span class='ocrx_word' id='word_1_283' title='bbox 690 3622 770 3683; x_wconf 90' lang='lat' dir='ltr'>enim</span> <span class='ocrx_word' id='word_1_284' title='bbox 801 3619 912 3683; x_wconf 89' lang='lat' dir='ltr'>Paulus</span> <span class='ocrx_word' id='word_1_285' title='bbox 944 3621 973 3683; x_wconf 85' lang='lat'>2.</span> <span class='ocrx_word' id='word_1_286' title='bbox 1004 3619 1061 3681; x_wconf 81' lang='lat' dir='ltr'>Os·</span> 
     </span>
    </p>
   </div>
   <div class='ocr_carea' id='block_1_3' title="bbox 208 3801 414 3876">
    <p class='ocr_par' dir='ltr' id='par_1_5' title="bbox 208 3801 414 3876">
     <span class='ocr_line' id='line_1_41' title="bbox 208 3801 414 3876; baseline 0.01 -17"><span class='ocrx_word' id='word_1_287' title='bbox 208 3801 235 3876; x_wconf 74' lang='lat'>⁸)</span> <span class='ocrx_word' id='word_1_288' title='bbox 255 3802 351 3862; x_wconf 78' lang='lat' dir='ltr'>uass.</span> <span class='ocrx_word' id='word_1_289' title='bbox 372 3806 414 3866; x_wconf 85' lang='lat'>10.</span> 
     </span>
    </p>
   </div>
   <div class='ocr_carea' id='block_1_4' title="bbox 593 3814 876 3951">
    <p class='ocr_par' dir='ltr' id='par_1_6' title="bbox 593 3814 876 3951">
     <span class='ocr_line' id='line_1_42' title="bbox 593 3814 876 3951; baseline 0 -126"><span class='ocrx_word' id='word_1_290' title='bbox 593 3814 876 3951; x_wconf 38' lang='lat' dir='ltr'>HQ.-</span> 
     </span>
    </p>
   </div>
   <div class='ocr_carea' id='block_1_5' title="bbox 0 0 1201 4170">
    <p class='ocr_par' dir='ltr' id='par_1_7' title="bbox 0 0 1201 4170">
     <span class='ocr_line' id='line_1_43' title="bbox 0 0 1201 4170; baseline 0 0"><span class='ocrx_word' id='word_1_291' title='bbox 0 0 1201 4170; x_wconf 95' lang='lat' dir='ltr'> </span> 
     </span>
    </p>
   </div>
  </div>
 </body>
</html>
