2392 4170
138 253 199 320 116
519 252 561 309 De
579 247 745 325 abroganda

143 428 244 488 lorum
266 433 297 487 et
318 425 497 487 sacerdotes
510 423 587 486 Baal
609 426 648 488 ad
662 425 821 487 terrendos
842 422 1065 505 intirmoaflde,

140 509 210 571 dunt
239 509 317 570 aliua
344 510 434 590 erigit
461 509 568 570 foedae
597 509 858 591 Indulgentiarum
892 509 997 571 Bullar
1030 515 1063 569 et

137 592 371 654 Fraternilalum
401 593 548 672 ludibria,
569 592 647 654 aliua
669 592 847 654 sacerdotes
875 595 1061 674 coniugales

137 679 294 758 captivat,
322 679 404 737 aliua
441 676 501 737 alia
529 683 668 738 monstra
697 679 796 757 parit,
829 677 930 737 nullus
956 684 1063 737 autem

137 779 198 822 non
220 763 354 841 pessima
375 760 439 824 alil.
847 829 853 837 ἱ

219 844 297 920 Quid
327 844 388 904 hoe
419 843 564 924 putabitis
587 842 669 922 lore,
700 841 782 922 quod
812 861 887 923 prae
916 841 1061 903 omnibus

136 927 309 989 homiuibus
331 929 362 988 in
385 926 499 987 mundo
521 928 656 1007 pessime
684 928 757 987 estin
780 925 931 1006 audituri,
952 928 1061 1006 utqui

137 1013 255 1087 omnia,
279 1020 340 1070 tarn
362 1011 467 1090 pauoi,
489 1008 592 1070 divina
622 1020 651 1070 et
674 1009 807 1069 humana
829 1010 895 1070 auri
923 1010 989 1069 aitir
1011 1012 1062 1070 iu·

136 1093 273 1154 novare?
316 1092 403 1168 Quae
425 1092 607 1175 sacrilegia?
630 1111 710 1173 quae
731 1091 868 1173 flagitia?
891 1110 972 1171 qnae
993 1111 1060 1154 roo·

136 1176 199 1236 lera
221 1197 282 1237 non
306 1178 464 1237 iactabant
485 1178 515 1236 in
532 1195 597 1255 voe,
620 1179 711 1237 etiam
734 1178 764 1249 ii,
786 1178 836 1255 qui
859 1177 917 1236 ribi
939 1183 971 1237 et
990 1175 1061 1238 aliia

135 1279 261 1340 graver,
294 1258 477 1341 prudenter,
506 1261 609 1339 piique
643 1260 802 1319 videntur?
845 1260 989 1340 Magnum
1013 1269 1063 1320 eet

136 1353 229 1425 uerte,
252 1351 297 1404 tot
318 1345 492 1403 seculorum
516 1343 745 1421 consuetudini,
768 1350 871 1403 tantae
895 1343 1060 1403 multitudi-

135 1427 295 1487 dissensui
310 1436 525 1504 tantorumque
546 1428 701 1487 autoritati
723 1427 876 1505 reluctari,
899 1436 1059 1487 eteorum

137 1530 301 1590 murmuro,
319 1510 495 1591 opprobria,
515 1509 627 1572 iudicia
637 1510 734 1570 surdis
748 1511 870 1570 auribus
882 1511 1060 1590 praeterire,

136 1601 166 1653 et
195 1595 348 1673 quandam
376 1594 519 1653 invictam
543 1593 678 1674 Scyllam
709 1593 755 1653 hie
782 1593 972 1674 latratibus,
989 1612 1061 1674 pro·

135 1677 237 1757 oellis,
268 1679 381 1755 ventis,
412 1694 475 1736 non
502 1677 669 1756 aliquando
699 1677 862 1758 quieturia,
891 1677 1060 1738 obiectare.

135 1758 167 1820 Si
189 1763 262 1820 estis
284 1759 436 1820 aedificati
459 1779 553 1839 supra
590 1758 707 1820 firmam
733 1766 869 1841 petram,
898 1767 947 1821 eat
981 1761 1060 1839 eolo,

135 1842 244 1904 trustra
265 1841 393 1904 flaturoa
415 1843 472 1902 hoe
493 1852 613 1922 ventos,
635 1841 747 1905 frustra
769 1844 918 1925 impeturn
940 1843 1061 1904 iaolnta

134 1927 211 1987 haee
232 1925 368 1988 flumina.
399 1925 489 2001 Quod
513 1930 538 1985 ai
560 1945 653 2006 enpra
675 1945 798 1987 arenam
821 1927 919 2006 statis,
943 1933 1060 2007 quanta

135 2011 232 2090 vobis,
255 2011 395 2090 obsecro,
418 2008 575 2090 impendet
595 2009 703 2070 ruina?

217 2095 394 2153 Aooeditad
417 2093 504 2170 haee,
526 2093 609 2174 quod
633 2092 842 2173 egoquotidie
864 2093 894 2152 in
918 2111 967 2153 me
988 2093 1058 2173 ipro

134 2179 287 2258 experior,
310 2195 402 2256 quam
425 2174 548 2236 disfioile
575 2177 615 2236 ait
637 2177 857 2237 conscientiam
881 2177 976 2256 longo
1000 2180 1058 2236 im·

133 2261 255 2340 pietatis
289 2279 344 2319 usu
374 2270 516 2319 vexatam
545 2260 584 2319 ad
611 2279 717 2320 sanam
746 2260 868 2340 pietalis
896 2260 1058 2319 solentiam

134 2360 282 2403 revocare
305 2343 562 2404 etinlir·mitate1n
592 2344 656 2402 eius
681 2361 800 2405 sanare.
846 2340 944 2422 Quot,
967 2360 1056 2423 rogo,

136 2425 393 2487 medicamentis?
416 2445 506 2505 quarn
529 2426 657 2486 robusta
679 2428 783 2488 resina
804 2425 941 2506 Galaad,
964 2443 1056 2505 quarn

134 2511 311 2590 potentibus
344 2517 375 2570 et
408 2510 600 2570 evidentibus
630 2510 792 2591 scripturis
827 2528 926 2569 meam
961 2509 1057 2589 ipaiua

135 2596 354 2654 consulentium
387 2592 511 2653 vixdum
546 2594 699 2672 stabilivi,
742 2601 774 2652 ut
800 2591 946 2652 auderem
978 2611 1056 2652 unua

134 2679 345 2738 contradicere
363 2677 482 2756 Papae,
511 2685 541 2736 et
569 2676 697 2738 eredere
719 2695 788 2736 eum
820 2694 888 2735 esse
911 2674 1056 2735 antiehri·

132 2767 223 2842 atum,
246 2762 410 2841 episcopos
433 2779 502 2820 esee
519 2761 584 2819 eius
601 2759 772 2840 apostolos,
794 2758 969 2819 academiae
987 2777 1057 2819 eree

134 2845 199 2905 eius
221 2843 401 2924 lupanaria?
445 2842 573 2918 Quoties
606 2844 678 2903 mihi
700 2843 861 2923 palpitavit
890 2841 1054 2903 tremulum

133 2946 196 3005 eor,
218 2934 250 2987 et
270 2926 497 3008 reprehendens
521 2926 634 2987 obiecit
661 2945 766 2986 eorum
797 2926 994 2986 fortissimum
1024 2934 1055 2985 et

134 3012 254 3070 unicum
267 3017 495 3091 argumentum:
517 3009 561 3069 Tu
577 3011 661 3071 solua
684 3008 797 3090 sapie?
831 3009 930 3069 'solue
953 3015 1057 3069 errant

134 3093 289 3155 universi?
316 3094 413 3154 'l'anta
435 3092 540 3153 secula
563 3091 804 3174 ignoraverunt?
839 3091 940 3170 Quid,
973 3092 1055 3152 situ

133 3196 236 3256 erres,
264 3188 295 3238 et
316 3186 362 3236 tot
384 3183 484 3237 teourn
507 3178 537 3235 in
566 3197 699 3237 errorem
734 3178 836 3236 trahas
859 3173 1054 3237 damnandos

133 3260 351 3321 aeternaliter?
374 3261 413 3320 Et
436 3259 559 3320 tandem
582 3259 773 3320 confirmavit
796 3280 845 3320 me
868 3260 968 3320 verbio
990 3261 1054 3319 aule

131 3346 221 3404 uentis
244 3353 275 3405 et
296 3343 437 3404 fidelibus
459 3344 617 3423 Christus,
640 3353 672 3404 ut
692 3346 753 3404 iam
785 3362 843 3404 neo
865 3350 975 3404 tremat
997 3360 1055 3404 neo

130 3427 246 3508 palpet,
268 3429 323 3487 aed
345 3428 471 3488 insultet
498 3445 673 3506 cormeum
701 3428 748 3487 hio
771 3427 930 3508 papistiols
964 3445 1054 3508 argu·

132 3512 256 3591 mentis,
278 3530 338 3571 non
367 3511 454 3571 aliter
476 3518 568 3592 alque
596 3513 778 3572 tutissimum
806 3512 888 3571 littna
917 3511 1053 3572 minaoea

131 3601 161 3655 et
184 3594 315 3654 tumidae
335 3596 488 3675 proeellas
510 3595 599 3658 ridet.

213 3676 278 3738 Hae
299 3687 330 3738 et
347 3679 536 3759 experientia
559 3688 589 3739 et
610 3678 797 3759 cogitatione
809 3696 878 3738 oum
901 3695 1052 3758 moverer,

130 3762 290 3825 eonsilium
313 3762 386 3823 mihi
407 3765 482 3843 luit,
505 3765 584 3823 hano
606 3764 645 3824 ad
669 3782 723 3823 voe
746 3761 908 3851 epistolant
932 3762 1052 3823 mittero
