2392 4170
130 238 191 307 188
326 241 452 311 Αιιοιιιο
473 259 547 300 οιιιιι.
567 243 643 297 ertio.
661 242 695 298 D.
713 241 748 298 u
767 242 795 297 L.
814 257 864 312 per

112 399 258 479 ‘primum
281 397 438 479 incipient,
461 403 491 458 et
511 397 542 458 in
555 397 794 460 misericordiam
815 398 879 459 eius
899 396 1060 461 credentes

129 483 222 543 vitem
246 489 371 543 mutent.
415 481 491 542 Tum
513 483 592 542 enim
615 483 746 562 primum
774 481 964 563 poenitentia
986 499 1062 543 vers

129 566 245 645 incipit,
267 564 391 645 quando
413 585 453 625 ex
476 583 581 625 smore
602 563 683 644 fluit,
703 567 785 626 >sicut
808 571 839 625 et
861 565 920 646 ipsi
942 564 1059 627 dicunt

129 648 216 710 Touo
241 668 301 710 non
325 667 431 708 umore
454 648 619 726 commodi,
642 667 699 709 nec
721 650 831 709 timore
850 667 985 729 poenae,
1004 646 1059 711 sed

130 731 240 793 effectu
264 731 359 792 solius
382 733 514 792 iustitiae
535 739 665 811 peccota
681 732 832 812 colligent
854 739 885 792 et
906 730 1059 812 pondere-

130 815 214 891 buut,
237 824 269 876 ut
291 815 368 875 haec
392 816 486 875 fusius
508 816 539 875 in
561 835 704 877 sermone
727 815 765 875 de
785 814 1059 895 poeniteutiedixi.

130 897 261 975 Quando
284 903 364 959 enirn
388 900 426 958 de
449 900 637 978 poenitentia
661 898 822 974 donemus,
856 917 923 959 earn
945 897 1060 959 docere

129 982 292 1061 debemus,
317 1000 377 1060 que
399 982 472 1041 fiunt
495 981 657 1043 Christiani
679 1002 719 1041 ex
740 982 833 1042 corde
853 983 1059 1064 poenitentes,

95 1122 96 1125 ,
127 1066 208 1145 quod
233 1085 294 1126 non
324 1066 467 1142 facimus,
503 1065 559 1124 nisi
592 1064 683 1125 fldem
717 1065 884 1125 doceamus
918 1065 1058 1127 omnium

127 1150 241 1228 primo,
275 1150 311 1208 iis
334 1150 382 1227 qui
414 1156 543 1229 peccato
565 1168 621 1208 suc
650 1150 799 1227 sentiunt,
830 1168 868 1208 ne
889 1154 1060 1228 praeventu

129 1232 220 1293 stulto
243 1234 368 1311 operum
397 1233 543 1312 opinione
564 1232 712 1311 incipiant
742 1232 870 1292 sulutem
894 1251 912 1291 o
934 1250 968 1292 se
982 1231 1059 1311 ipsis

130 1316 327 1395 operantibus
350 1324 380 1375 et
392 1314 591 1393 currentibus,
614 1322 645 1374 et
657 1335 718 1376 non
731 1334 750 1375 e
762 1316 925 1376 miserente
934 1315 1001 1375 Deo
1010 1315 1059 1390 ¹¹¹).

130 1398 220 1458 Aliud
243 1400 322 1458 enim
336 1418 433 1479 genus
456 1407 502 1458 est
515 1398 655 1472 docendi,
674 1398 830 1460 induratos
842 1398 923 1473 ilios,
944 1397 1060 1458 terrers

130 1483 265 1542 cervices
291 1489 321 1542 et
343 1501 450 1543 aereas
472 1481 604 1560 frontes,
639 1482 677 1542 ob
700 1483 836 1542 externis
858 1481 966 1541 saltem
989 1499 1060 1560 peo-

130 1566 206 1625 cotis
240 1584 401 1637 coercere,
438 1566 558 1625 etiarnsi
599 1565 693 1626 corde
728 1566 823 1625 invito
860 1572 891 1625 et
924 1564 1061 1624 coerceri

130 1646 253 1709 odiente
274 1649 395 1728 peiores
426 1650 455 1708 in
479 1655 577 1708 semet
603 1649 677 1728 ipsis
700 1648 790 1727 fient,
827 1649 927 1708 minus
956 1654 1059 1707 tomen

130 1731 286 1792 nocebunt
307 1730 384 1791 eliis.

491 1895 703 1976 Septimus:

192 2015 391 2077 Verissimum
415 2023 462 2073 est
484 2014 563 2072 enim
580 2013 789 2094 proverbium,
812 2015 895 2075 omni
919 2012 1061 2073 doctrine

192 2097 231 2157 de
245 2095 479 2158 contritionibus
493 2096 650 2176 hucusque
673 2096 745 2157 duta
758 2097 973 2177 praestantius,
997 2114 1059 2176 quo

193 2180 312 2256 dicitur,
335 2181 451 2260 optime
474 2181 664 2260 poenitentis
686 2198 767 2239 nove
790 2181 860 2244 vite.

212 2316 245 2376 Iu
280 2314 422 2377 omnibus
453 2315 609 2376 hominum
644 2314 744 2375 verbis
778 2315 852 2375 nibil
883 2315 983 2374 verius
1013 2320 1060 2374 est

130 2398 343 2460 communibus
364 2398 544 2478 proverbiis,
567 2398 656 2476 adeo,
680 2409 711 2459 ut
734 2406 764 2458 et
778 2398 933 2478 Scriptura
951 2404 1078 2457 senots‘

130 2483 253 2561 saepius
276 2480 439 2560 proverbia
460 2489 605 2561 tanquam
622 2483 781 2542 verissime
802 2483 883 2541 citet.
906 2480 1061 2556 Quocirca

131 2564 254 2642 mirum,
284 2563 355 2643 quid
378 2563 436 2624 illis
460 2566 614 2643 occiderit,
648 2572 808 2625 utcontra
831 2565 966 2625 omnium
990 2583 1057 2623 sen·

131 2666 196 2707 sum
220 2655 250 2706 et
272 2649 454 2708 senteutiam
483 2650 618 2709 audeant
648 2648 811 2724 damnare,
842 2658 872 2707 et
901 2668 968 2708 mea
998 2665 1059 2707 non

130 2731 168 2790 sit
190 2733 248 2790 ists
270 2733 430 2806 sententie,
455 2732 580 2792 undeet
599 2731 902 2793 defendendemesm
922 2731 1061 2810 relinquo

130 2813 281 2876 omnibus.
324 2813 393 2893 Ego
428 2823 529 2875 sutem
561 2812 691 2876 defendo
724 2814 806 2894 quod
838 2814 956 2890 addidi,
998 2831 1060 2892 quo

131 2896 266 2975 ostendi,
298 2896 329 2956 id
352 2898 502 2977 proverbii
527 2917 595 2958 cum
619 2897 775 2977 Scriptura
799 2899 979 2972 convenire,
1009 2896 1060 2957 ubi

130 2979 241 3039 Paulus
265 2979 364 3041 Galat.
389 2984 417 3044 6.
442 2981 529 3045 dicit:
567 2983 599 3042 ln
625 2980 746 3041 Christo
769 2981 848 3040 euim
869 2979 938 3041 Iesu
960 2997 1061 3058 nequo

131 3063 333 3141 circumcisio,
346 3083 445 3143 neque
461 3066 653 3146 praeputium
668 3063 781 3143 aliquid
798 3062 889 3139 valet,
911 3062 965 3124 sed
978 3081 1061 3123 novo

130 3153 278 3207 creature.
304 3145 393 3207 Hauc
415 3150 596 3208 sententiam
622 3146 791 3208 debuerant
813 3149 975 3227 domuere,
997 3164 1060 3224 quo

117 3227 261 3310 *stabilivi
285 3229 495 3309 proverbium,
530 3231 602 3292 duro
637 3250 685 3291 nre
714 3229 876 3291 voluerunt
905 3229 1060 3291 domuere.

129 3310 224 3372 Pione
246 3311 325 3372 eninr
348 3313 398 3372 hic
420 3315 580 3394 apostolus
604 3313 710 3388 docet,
743 3314 847 3374 omnis
872 3332 952 3374 vene
980 3331 1059 3391 esse,

130 3394 187 3454 nisi
208 3396 303 3476 simus
326 3414 406 3458 nove
429 3405 569 3458 creature
593 3397 622 3456 in
641 3396 771 3459 Christo.
797 3397 838 3456 At
859 3397 1060 3477 poenitentis,

130 3494 209 3555 quse
231 3480 297 3539 sine
319 3499 424 3540 umore
456 3480 590 3543 iustitiae
606 3481 729 3559 egitur,
762 3487 848 3540 vetus
879 3479 1061 3540 adhucest

183 3731 214 3803 ⁶)
235 3734 314 3790 Rom.
334 3734 360 3791 9.
