<?xml version="1.0" encoding="UTF-8"?>
<!DOCTYPE html PUBLIC "-//W3C//DTD XHTML 1.0 Transitional//EN"
    "http://www.w3.org/TR/xhtml1/DTD/xhtml1-transitional.dtd">
<html xmlns="http://www.w3.org/1999/xhtml" xml:lang="en" lang="en">
 <head>
  <title>
</title>
<meta http-equiv="Content-Type" content="text/html;charset=utf-8" />
  <meta name='ocr-system' content='tesseract 3.04.00' />
  <meta name='ocr-capabilities' content='ocr_page ocr_carea ocr_par ocr_line ocrx_word'/>
</head>
<body>
  <div class='ocr_page' id='page_1' title='image "./dmartinilutheri03luthgoog_0559.png"; bbox 0 0 2392 4170; ppageno 0'>
   <div class='ocr_carea' id='block_1_1' title="bbox 135 273 753 345">
    <p class='ocr_par' dir='ltr' id='par_1_1' title="bbox 135 273 753 345">
     <span class='ocr_line' id='line_1_1' title="bbox 135 273 753 345; baseline -0.003 -11"><span class='ocrx_word' id='word_1_1' title='bbox 135 275 176 345; x_wconf 80' lang='grc'>16</span> <span class='ocrx_word' id='word_1_2' title='bbox 440 274 516 333; x_wconf 80' lang='lat' dir='ltr'>Acta</span> <span class='ocrx_word' id='word_1_3' title='bbox 534 278 566 332; x_wconf 85' lang='grc' dir='ltr'>Ι).</span> <span class='ocrx_word' id='word_1_4' title='bbox 586 274 621 333; x_wconf 85' lang='lat' dir='ltr'>n.</span> <span class='ocrx_word' id='word_1_5' title='bbox 641 273 753 334; x_wconf 85' lang='lat' dir='ltr'>Luthcri</span> 
     </span>
    </p>
   </div>
   <div class='ocr_carea' id='block_1_2' title="bbox 118 446 1101 1783">
    <p class='ocr_par' dir='ltr' id='par_1_2' title="bbox 136 446 1056 532">
     <span class='ocr_line' id='line_1_2' title="bbox 136 446 1056 532; baseline 0.001 -22"><span class='ocrx_word' id='word_1_6' title='bbox 136 449 226 527; x_wconf 86' lang='lat' dir='ltr'>libus,</span> <span class='ocrx_word' id='word_1_7' title='bbox 249 448 401 513; x_wconf 80' lang='lat' dir='ltr'>Sacrificis</span> <span class='ocrx_word' id='word_1_8' title='bbox 414 450 566 531; x_wconf 87' lang='lat' dir='ltr'>religiosis</span> <span class='ocrx_word' id='word_1_9' title='bbox 581 470 619 512; x_wconf 85' lang='lat' dir='ltr'>ac</span> <span class='ocrx_word' id='word_1_10' title='bbox 631 452 778 532; x_wconf 84' lang='lat' dir='ltr'>profanis,</span> <span class='ocrx_word' id='word_1_11' title='bbox 801 471 839 512; x_wconf 91' lang='lat' dir='ltr'>ue</span> <span class='ocrx_word' id='word_1_12' title='bbox 862 450 935 531; x_wconf 90' lang='lat' dir='ltr'>quid</span> <span class='ocrx_word' id='word_1_13' title='bbox 956 446 1056 519; x_wconf 72' lang='lat' dir='ltr'>dicam</span> 
     </span>
    </p>

    <p class='ocr_par' dir='ltr' id='par_1_3' title="bbox 118 533 1056 1196">
     <span class='ocr_line' id='line_1_3' title="bbox 118 533 1056 614; baseline 0.002 -21"><span class='ocrx_word' id='word_1_14' title='bbox 118 533 176 595; x_wconf 87' lang='lat' dir='ltr'>de</span> <span class='ocrx_word' id='word_1_15' title='bbox 206 533 290 613; x_wconf 82' lang='lat' dir='ltr'>vulgi</span> <span class='ocrx_word' id='word_1_16' title='bbox 323 552 469 613; x_wconf 85' lang='lat' dir='ltr'>numere,</span> <span class='ocrx_word' id='word_1_17' title='bbox 498 533 528 594; x_wconf 93' lang='lat' dir='ltr'>hi</span> <span class='ocrx_word' id='word_1_18' title='bbox 557 534 678 595; x_wconf 74' lang='lat' dir='ltr'>Curiam</span> <span class='ocrx_word' id='word_1_19' title='bbox 701 553 856 614; x_wconf 89' lang='lat' dir='ltr'>nunquam</span> <span class='ocrx_word' id='word_1_20' title='bbox 881 554 944 595; x_wconf 89' lang='lat' dir='ltr'>non</span> <span class='ocrx_word' id='word_1_21' title='bbox 966 534 1056 596; x_wconf 76' lang='lat' dir='ltr'>obae-</span> 
     </span>
     <span class='ocr_line' id='line_1_4' title="bbox 136 616 1055 698; baseline 0.001 -22"><span class='ocrx_word' id='word_1_22' title='bbox 136 616 255 694; x_wconf 90' lang='lat' dir='ltr'>derunt,</span> <span class='ocrx_word' id='word_1_23' title='bbox 277 635 335 676; x_wconf 89' lang='lat' dir='ltr'>nec</span> <span class='ocrx_word' id='word_1_24' title='bbox 358 616 488 678; x_wconf 87' lang='lat' dir='ltr'>videndo</span> <span class='ocrx_word' id='word_1_25' title='bbox 513 620 615 678; x_wconf 84' lang='lat' dir='ltr'>satiari</span> <span class='ocrx_word' id='word_1_26' title='bbox 646 625 818 698; x_wconf 89' lang='lat' dir='ltr'>potuerunt.</span> <span class='ocrx_word' id='word_1_27' title='bbox 852 619 951 679; x_wconf 81' lang='lat' dir='ltr'>Etiam</span> <span class='ocrx_word' id='word_1_28' title='bbox 968 617 1055 681; x_wconf 81' lang='lat' dir='ltr'>sohe-</span> 
     </span>
     <span class='ocr_line' id='line_1_5' title="bbox 137 700 1056 780; baseline 0.002 -22"><span class='ocrx_word' id='word_1_29' title='bbox 137 700 227 761; x_wconf 88' lang='lat' dir='ltr'>dulae</span> <span class='ocrx_word' id='word_1_30' title='bbox 257 702 345 762; x_wconf 80' lang='lat' dir='ltr'>binae</span> <span class='ocrx_word' id='word_1_31' title='bbox 371 701 494 767; x_wconf 83' lang='lat' dir='ltr'>fuerunt</span> <span class='ocrx_word' id='word_1_32' title='bbox 514 700 644 780; x_wconf 80' lang='lat' dir='ltr'>affixae,</span> <span class='ocrx_word' id='word_1_33' title='bbox 677 722 737 760; x_wconf 85' lang='lat' dir='ltr'>unc</span> <span class='ocrx_word' id='word_1_34' title='bbox 759 713 866 762; x_wconf 89' lang='lat' dir='ltr'>contra</span> <span class='ocrx_word' id='word_1_35' title='bbox 890 702 1056 762; x_wconf 88' lang='lat' dir='ltr'>Ductorem</span> 
     </span>
     <span class='ocr_line' id='line_1_6' title="bbox 136 782 1055 865; baseline 0.001 -21"><span class='ocrx_word' id='word_1_36' title='bbox 136 782 315 865; x_wconf 86' lang='lat' dir='ltr'>Lutberurn,</span> <span class='ocrx_word' id='word_1_37' title='bbox 351 786 449 845; x_wconf 85' lang='lat' dir='ltr'>attera</span> <span class='ocrx_word' id='word_1_38' title='bbox 484 785 582 861; x_wconf 90' lang='lat' dir='ltr'>(sicut</span> <span class='ocrx_word' id='word_1_39' title='bbox 615 783 788 865; x_wconf 87' lang='lat' dir='ltr'>videbatur)</span> <span class='ocrx_word' id='word_1_40' title='bbox 824 803 880 864; x_wconf 89' lang='lat' dir='ltr'>pro</span> <span class='ocrx_word' id='word_1_41' title='bbox 911 785 1055 846; x_wconf 83' lang='lat' dir='ltr'>Doctore.</span> 
     </span>
     <span class='ocr_line' id='line_1_7' title="bbox 136 865 1056 949; baseline -0.001 -22"><span class='ocrx_word' id='word_1_42' title='bbox 136 865 272 927; x_wconf 81' lang='lat' dir='ltr'><strong>Tametsi</strong></span> <span class='ocrx_word' id='word_1_43' title='bbox 293 886 311 925; x_wconf 87' lang='lat' dir='ltr'>a</span> <span class='ocrx_word' id='word_1_44' title='bbox 334 869 446 944; x_wconf 84' lang='lat' dir='ltr'>multis,</span> <span class='ocrx_word' id='word_1_45' title='bbox 469 867 609 946; x_wconf 87' lang='lat' dir='ltr'>adeoque</span> <span class='ocrx_word' id='word_1_46' title='bbox 621 867 871 949; x_wconf 80' lang='lat' dir='ltr'>intelligentibus,</span> <span class='ocrx_word' id='word_1_47' title='bbox 894 867 1004 929; x_wconf 90' lang='lat' dir='ltr'>dolose</span> <span class='ocrx_word' id='word_1_48' title='bbox 1018 867 1056 927; x_wconf 85' lang='lat' dir='ltr'>ab</span> 
     </span>
     <span class='ocr_line' id='line_1_8' title="bbox 136 951 1056 1032; baseline -0.001 -21"><span class='ocrx_word' id='word_1_49' title='bbox 136 951 266 1011; x_wconf 89' lang='lat' dir='ltr'>inimicis</span> <span class='ocrx_word' id='word_1_50' title='bbox 289 959 411 1029; x_wconf 86' lang='lat' dir='ltr'>putatur</span> <span class='ocrx_word' id='word_1_51' title='bbox 439 953 550 1011; x_wconf 86' lang='lat' dir='ltr'>sactum</span> <span class='ocrx_word' id='word_1_52' title='bbox 579 951 608 1010; x_wconf 92' lang='lat' dir='ltr'>id</span> <span class='ocrx_word' id='word_1_53' title='bbox 631 951 749 1032; x_wconf 89' lang='lat' dir='ltr'>ipsum,</span> <span class='ocrx_word' id='word_1_54' title='bbox 773 958 805 1012; x_wconf 92' lang='lat' dir='ltr'>ut</span> <span class='ocrx_word' id='word_1_55' title='bbox 826 952 952 1012; x_wconf 84' lang='lat' dir='ltr'>occasio</span> <span class='ocrx_word' id='word_1_56' title='bbox 975 960 1056 1011; x_wconf 90' lang='lat' dir='ltr'>esset</span> 
     </span>
     <span class='ocr_line' id='line_1_9' title="bbox 137 1033 1056 1115; baseline -0.001 -21"><span class='ocrx_word' id='word_1_57' title='bbox 137 1034 328 1094; x_wconf 80' lang='lat' dir='ltr'>rescindendi</span> <span class='ocrx_word' id='word_1_58' title='bbox 352 1033 414 1096; x_wconf 88' lang='lat' dir='ltr'>dati</span> <span class='ocrx_word' id='word_1_59' title='bbox 437 1034 514 1094; x_wconf 86' lang='lat' dir='ltr'>salvi</span> <span class='ocrx_word' id='word_1_60' title='bbox 526 1034 713 1114; x_wconf 74' lang='lat' dir='ltr'>conductus,</span> <span class='ocrx_word' id='word_1_61' title='bbox 738 1034 820 1114; x_wconf 90' lang='lat' dir='ltr'>quod</span> <span class='ocrx_word' id='word_1_62' title='bbox 842 1054 904 1096; x_wconf 93' lang='lat' dir='ltr'>nou</span> <span class='ocrx_word' id='word_1_63' title='bbox 925 1034 1056 1115; x_wconf 81' lang='lat' dir='ltr'>impigre</span> 
     </span>
     <span class='ocr_line' id='line_1_10' title="bbox 138 1116 615 1196; baseline -0.002 -20"><span class='ocrx_word' id='word_1_64' title='bbox 138 1116 325 1196; x_wconf 82' lang='lat' dir='ltr'>quaerebant</span> <span class='ocrx_word' id='word_1_65' title='bbox 346 1117 477 1178; x_wconf 88' lang='lat' dir='ltr'>Romani</span> <span class='ocrx_word' id='word_1_66' title='bbox 499 1117 615 1196; x_wconf 77' lang='lat' dir='ltr'>Legati,</span> 
     </span>
    </p>

    <p class='ocr_par' dir='ltr' id='par_1_4' title="bbox 137 1200 1101 1783">
     <span class='ocr_line' id='line_1_11' title="bbox 221 1200 1055 1281; baseline -0.001 -21"><span class='ocrx_word' id='word_1_67' title='bbox 221 1200 307 1260; x_wconf 85' lang='lat' dir='ltr'>Feris</span> <span class='ocrx_word' id='word_1_68' title='bbox 348 1200 482 1261; x_wconf 86' lang='lat' dir='ltr'>secunda</span> <span class='ocrx_word' id='word_1_69' title='bbox 523 1208 594 1281; x_wconf 91' lang='lat' dir='ltr'>post</span> <span class='ocrx_word' id='word_1_70' title='bbox 625 1200 772 1279; x_wconf 87' lang='lat' dir='ltr'>iubilate,</span> <span class='ocrx_word' id='word_1_71' title='bbox 807 1209 878 1261; x_wconf 87' lang='lat' dir='ltr'>ante</span> <span class='ocrx_word' id='word_1_72' title='bbox 916 1219 1055 1279; x_wconf 87' lang='lat' dir='ltr'>coenam,</span> 
     </span>
     <span class='ocr_line' id='line_1_12' title="bbox 138 1282 1055 1365; baseline -0.003 -19"><span class='ocrx_word' id='word_1_73' title='bbox 138 1282 396 1365; x_wconf 84' lang='lat' dir='ltr'>Archiepiscopus</span> <span class='ocrx_word' id='word_1_74' title='bbox 415 1285 604 1344; x_wconf 66' lang='lat' dir='ltr'>&#39;trevirensis</span> <span class='ocrx_word' id='word_1_75' title='bbox 627 1287 816 1344; x_wconf 79' lang='lat' dir='ltr'>renunciavit</span> <span class='ocrx_word' id='word_1_76' title='bbox 839 1285 966 1345; x_wconf 86' lang='lat' dir='ltr'>Ductori</span> <span class='ocrx_word' id='word_1_77' title='bbox 981 1284 1055 1343; x_wconf 81' lang='lat' dir='ltr'>bier·</span> 
     </span>
     <span class='ocr_line' id='line_1_13' title="bbox 138 1368 1054 1447; baseline -0.002 -19"><span class='ocrx_word' id='word_1_78' title='bbox 138 1370 201 1428; x_wconf 90' lang='lat' dir='ltr'>tino</span> <span class='ocrx_word' id='word_1_79' title='bbox 225 1368 373 1447; x_wconf 88' lang='lat' dir='ltr'>Luthero,</span> <span class='ocrx_word' id='word_1_80' title='bbox 408 1376 440 1428; x_wconf 91' lang='lat' dir='ltr'>ut</span> <span class='ocrx_word' id='word_1_81' title='bbox 461 1368 535 1427; x_wconf 86' lang='lat' dir='ltr'>seria</span> <span class='ocrx_word' id='word_1_82' title='bbox 558 1378 665 1446; x_wconf 87' lang='lat' dir='ltr'>quarta</span> <span class='ocrx_word' id='word_1_83' title='bbox 685 1370 823 1446; x_wconf 74' lang='lat' dir='ltr'>sequenti</span> <span class='ocrx_word' id='word_1_84' title='bbox 851 1386 954 1427; x_wconf 90' lang='lat' dir='ltr'>corum</span> <span class='ocrx_word' id='word_1_85' title='bbox 977 1369 1054 1446; x_wconf 86' lang='lat' dir='ltr'>ipso,</span> 
     </span>
     <span class='ocr_line' id='line_1_14' title="bbox 137 1450 1101 1530; baseline -0.002 -20"><span class='ocrx_word' id='word_1_86' title='bbox 137 1450 212 1510; x_wconf 87' lang='lat' dir='ltr'>hora</span> <span class='ocrx_word' id='word_1_87' title='bbox 235 1460 323 1510; x_wconf 84' lang='lat' dir='ltr'>sexta</span> <span class='ocrx_word' id='word_1_88' title='bbox 345 1460 415 1511; x_wconf 90' lang='lat' dir='ltr'>ante</span> <span class='ocrx_word' id='word_1_89' title='bbox 432 1451 602 1530; x_wconf 87' lang='lat' dir='ltr'>prandium,</span> <span class='ocrx_word' id='word_1_90' title='bbox 627 1458 828 1530; x_wconf 86' lang='lat' dir='ltr'>compareret,</span> <span class='ocrx_word' id='word_1_91' title='bbox 853 1451 921 1510; x_wconf 86' lang='lat' dir='ltr'>ioco</span> <span class='ocrx_word' id='word_1_92' title='bbox 945 1451 1053 1509; x_wconf 88' lang='lat' dir='ltr'>iterum</span> <span class='ocrx_word' id='word_1_93' title='bbox 1093 1468 1101 1489; x_wconf 90' lang='lat'><strong>·</strong></span> 
     </span>
     <span class='ocr_line' id='line_1_15' title="bbox 137 1531 1054 1615; baseline -0.002 -21"><span class='ocrx_word' id='word_1_94' title='bbox 137 1534 337 1615; x_wconf 81' lang='lat' dir='ltr'>designando.</span> <span class='ocrx_word' id='word_1_95' title='bbox 377 1535 434 1594; x_wconf 91' lang='lat' dir='ltr'>Die</span> <span class='ocrx_word' id='word_1_96' title='bbox 463 1533 493 1596; x_wconf 84' lang='lat' dir='ltr'>S.</span> <span class='ocrx_word' id='word_1_97' title='bbox 523 1533 647 1612; x_wconf 82' lang='lat' dir='ltr'>Georgii</span> <span class='ocrx_word' id='word_1_98' title='bbox 676 1536 732 1594; x_wconf 87' lang='lat' dir='ltr'>sub</span> <span class='ocrx_word' id='word_1_99' title='bbox 765 1533 988 1593; x_wconf 75' lang='lat' dir='ltr'>coenarediit</span> <span class='ocrx_word' id='word_1_100' title='bbox 1017 1531 1054 1592; x_wconf 91' lang='lat' dir='ltr'>ad</span> 
     </span>
     <span class='ocr_line' id='line_1_16' title="bbox 137 1615 1056 1699; baseline -0.003 -21"><span class='ocrx_word' id='word_1_101' title='bbox 137 1616 300 1679; x_wconf 85' lang='lat' dir='ltr'>Lutirerum</span> <span class='ocrx_word' id='word_1_102' title='bbox 324 1619 370 1699; x_wconf 92' lang='lat' dir='ltr'>is,</span> <span class='ocrx_word' id='word_1_103' title='bbox 405 1618 455 1697; x_wconf 89' lang='lat' dir='ltr'>qui</span> <span class='ocrx_word' id='word_1_104' title='bbox 478 1624 543 1677; x_wconf 90' lang='lat' dir='ltr'>erat</span> <span class='ocrx_word' id='word_1_105' title='bbox 565 1637 583 1676; x_wconf 87' lang='lat' dir='ltr'>a</span> <span class='ocrx_word' id='word_1_106' title='bbox 605 1618 699 1676; x_wconf 86' lang='lat' dir='ltr'>sacris</span> <span class='ocrx_word' id='word_1_107' title='bbox 732 1617 964 1696; x_wconf 87' lang='lat' dir='ltr'>Archiepiscopi</span> <span class='ocrx_word' id='word_1_108' title='bbox 986 1615 1056 1676; x_wconf 80' lang='lat' dir='ltr'>Tre·</span> 
     </span>
     <span class='ocr_line' id='line_1_17' title="bbox 138 1699 1057 1783; baseline -0.001 -23"><span class='ocrx_word' id='word_1_109' title='bbox 138 1702 277 1783; x_wconf 86' lang='lat' dir='ltr'>virensis,</span> <span class='ocrx_word' id='word_1_110' title='bbox 299 1703 384 1761; x_wconf 90' lang='lat' dir='ltr'>iussu</span> <span class='ocrx_word' id='word_1_111' title='bbox 396 1701 545 1780; x_wconf 88' lang='lat' dir='ltr'>Principis</span> <span class='ocrx_word' id='word_1_112' title='bbox 556 1701 611 1776; x_wconf 88' lang='lat' dir='ltr'>sui,</span> <span class='ocrx_word' id='word_1_113' title='bbox 633 1710 752 1780; x_wconf 83' lang='lat' dir='ltr'>petens,</span> <span class='ocrx_word' id='word_1_114' title='bbox 775 1707 807 1759; x_wconf 90' lang='lat' dir='ltr'>ut</span> <span class='ocrx_word' id='word_1_115' title='bbox 822 1700 970 1781; x_wconf 87' lang='lat' dir='ltr'>postridie</span> <span class='ocrx_word' id='word_1_116' title='bbox 982 1699 1057 1760; x_wconf 79' lang='lat' dir='ltr'>bora</span> 
     </span>
    </p>
   </div>
   <div class='ocr_carea' id='block_1_3' title="bbox 20 1782 1054 1873">
    <p class='ocr_par' dir='ltr' id='par_1_5' title="bbox 20 1782 1054 1873">
     <span class='ocr_line' id='line_1_18' title="bbox 20 1782 1054 1873; baseline 0 -28"><span class='ocrx_word' id='word_1_117' title='bbox 20 1846 31 1873; x_wconf 30' lang='grc' dir='ltr'><strong>ᾖ</strong></span> <span class='ocrx_word' id='word_1_118' title='bbox 138 1804 233 1864; x_wconf 88' lang='lat' dir='ltr'>nuper</span> <span class='ocrx_word' id='word_1_119' title='bbox 256 1785 417 1865; x_wconf 85' lang='lat' dir='ltr'>designata</span> <span class='ocrx_word' id='word_1_120' title='bbox 438 1786 467 1844; x_wconf 91' lang='lat' dir='ltr'>iu</span> <span class='ocrx_word' id='word_1_121' title='bbox 492 1785 692 1844; x_wconf 85' lang='lat' dir='ltr'>diversorium</span> <span class='ocrx_word' id='word_1_122' title='bbox 709 1783 832 1843; x_wconf 90' lang='lat' dir='ltr'>Domini</span> <span class='ocrx_word' id='word_1_123' title='bbox 856 1786 900 1843; x_wconf 90' lang='lat' dir='ltr'>sui</span> <span class='ocrx_word' id='word_1_124' title='bbox 924 1782 1054 1846; x_wconf 82' lang='lat' dir='ltr'>adesset.</span> 
     </span>
    </p>
   </div>
   <div class='ocr_carea' id='block_1_4' title="bbox 81 1865 1054 2117">
    <p class='ocr_par' dir='ltr' id='par_1_6' title="bbox 81 1865 1054 2117">
     <span class='ocr_line' id='line_1_19' title="bbox 219 1865 1054 1947; baseline -0.005 -20"><span class='ocrx_word' id='word_1_125' title='bbox 219 1868 305 1929; x_wconf 79' lang='lat' dir='ltr'>Feria</span> <span class='ocrx_word' id='word_1_126' title='bbox 327 1874 435 1947; x_wconf 88' lang='lat' dir='ltr'>quarta</span> <span class='ocrx_word' id='word_1_127' title='bbox 456 1873 528 1947; x_wconf 88' lang='lat' dir='ltr'>post</span> <span class='ocrx_word' id='word_1_128' title='bbox 545 1865 671 1945; x_wconf 79' lang='lat' dir='ltr'>Georgii</span> <span class='ocrx_word' id='word_1_129' title='bbox 690 1868 822 1927; x_wconf 85' lang='lat' dir='ltr'>natalem</span> <span class='ocrx_word' id='word_1_130' title='bbox 845 1867 927 1927; x_wconf 90' lang='lat' dir='ltr'>dicto</span> <span class='ocrx_word' id='word_1_131' title='bbox 944 1885 1054 1946; x_wconf 88' lang='lat' dir='ltr'>parens</span> 
     </span>
     <span class='ocr_line' id='line_1_20' title="bbox 137 1949 1054 2031; baseline -0.003 -20"><span class='ocrx_word' id='word_1_132' title='bbox 137 1950 254 2012; x_wconf 89' lang='lat' dir='ltr'>Doctor</span> <span class='ocrx_word' id='word_1_133' title='bbox 281 1952 426 2011; x_wconf 81' lang='lat' dir='ltr'>biartinus</span> <span class='ocrx_word' id='word_1_134' title='bbox 456 1950 657 2011; x_wconf 86' lang='lat' dir='ltr'>diversorium</span> <span class='ocrx_word' id='word_1_135' title='bbox 685 1949 915 2031; x_wconf 79' lang='lat' dir='ltr'>Archiepiscopi</span> <span class='ocrx_word' id='word_1_136' title='bbox 953 1949 1054 2009; x_wconf 78' lang='lat' dir='ltr'>Trevi-</span> 
     </span>
     <span class='ocr_line' id='line_1_21' title="bbox 81 2032 1054 2117; baseline -0.001 -23"><span class='ocrx_word' id='word_1_137' title='bbox 81 2112 83 2117; x_wconf 84' lang='lat'>.</span> <span class='ocrx_word' id='word_1_138' title='bbox 137 2036 233 2094; x_wconf 81' lang='lat' dir='ltr'>reneis</span> <span class='ocrx_word' id='word_1_139' title='bbox 257 2034 432 2114; x_wconf 87' lang='lat' dir='ltr'>ingreditur,</span> <span class='ocrx_word' id='word_1_140' title='bbox 456 2032 606 2094; x_wconf 86' lang='lat' dir='ltr'>adductus</span> <span class='ocrx_word' id='word_1_141' title='bbox 628 2053 682 2113; x_wconf 88' lang='lat' dir='ltr'>per</span> <span class='ocrx_word' id='word_1_142' title='bbox 704 2032 903 2095; x_wconf 82' lang='lat' dir='ltr'>Sacerdotem</span> <span class='ocrx_word' id='word_1_143' title='bbox 925 2036 1001 2113; x_wconf 90' lang='lat' dir='ltr'>ejus,</span> <span class='ocrx_word' id='word_1_144' title='bbox 1024 2038 1054 2093; x_wconf 84' lang='lat' dir='ltr'>et</span> 
     </span>
    </p>
   </div>
   <div class='ocr_carea' id='block_1_5' title="bbox 44 2116 1054 2197">
    <p class='ocr_par' dir='ltr' id='par_1_7' title="bbox 44 2116 1054 2197">
     <span class='ocr_line' id='line_1_22' title="bbox 44 2116 1054 2197; baseline -0.004 -19"><span class='ocrx_word' id='word_1_145' title='bbox 44 2128 60 2153; x_wconf 62' lang='lat'>*⁶</span> <span class='ocrx_word' id='word_1_146' title='bbox 139 2118 381 2178; x_wconf 71' lang='lat' dir='ltr'>caduceatorem</span> <span class='ocrx_word' id='word_1_147' title='bbox 405 2117 599 2195; x_wconf 80' lang='lat' dir='ltr'>Caesareum,</span> <span class='ocrx_word' id='word_1_148' title='bbox 622 2116 877 2197; x_wconf 91' lang='lat' dir='ltr'>prosequentibus</span> <span class='ocrx_word' id='word_1_149' title='bbox 900 2135 987 2190; x_wconf 81' lang='lat' dir='ltr'>eum,</span> <span class='ocrx_word' id='word_1_150' title='bbox 1006 2120 1054 2194; x_wconf 91' lang='lat' dir='ltr'>qui</span> 
     </span>
    </p>
   </div>
   <div class='ocr_carea' id='block_1_6' title="bbox 136 2201 1058 3620">
    <p class='ocr_par' dir='ltr' id='par_1_8' title="bbox 136 2201 1058 3349">
     <span class='ocr_line' id='line_1_23' title="bbox 136 2201 1053 2280; baseline -0.003 -19"><span class='ocrx_word' id='word_1_151' title='bbox 136 2201 196 2261; x_wconf 91' lang='lat' dir='ltr'>huc</span> <span class='ocrx_word' id='word_1_152' title='bbox 229 2203 401 2260; x_wconf 89' lang='lat' dir='ltr'>venientem</span> <span class='ocrx_word' id='word_1_153' title='bbox 424 2221 441 2260; x_wconf 89' lang='lat' dir='ltr'>e</span> <span class='ocrx_word' id='word_1_154' title='bbox 463 2201 638 2262; x_wconf 85' lang='lat' dir='ltr'>Saxonibus</span> <span class='ocrx_word' id='word_1_155' title='bbox 667 2209 697 2260; x_wconf 90' lang='lat' dir='ltr'>et</span> <span class='ocrx_word' id='word_1_156' title='bbox 723 2201 886 2280; x_wconf 84' lang='lat' dir='ltr'>Thuringis</span> <span class='ocrx_word' id='word_1_157' title='bbox 918 2201 1053 2259; x_wconf 89' lang='lat' dir='ltr'>comitati</span> 
     </span>
     <span class='ocr_line' id='line_1_24' title="bbox 136 2281 1054 2366; baseline -0.002 -22"><span class='ocrx_word' id='word_1_158' title='bbox 136 2295 222 2366; x_wconf 90' lang='lat' dir='ltr'>suut,</span> <span class='ocrx_word' id='word_1_159' title='bbox 252 2292 283 2344; x_wconf 88' lang='lat' dir='ltr'>et</span> <span class='ocrx_word' id='word_1_160' title='bbox 315 2282 433 2363; x_wconf 87' lang='lat' dir='ltr'>aliquot</span> <span class='ocrx_word' id='word_1_161' title='bbox 472 2285 538 2344; x_wconf 83' lang='lat' dir='ltr'>aliis</span> <span class='ocrx_word' id='word_1_162' title='bbox 565 2290 725 2364; x_wconf 85' lang='lat' dir='ltr'>praeterea</span> <span class='ocrx_word' id='word_1_163' title='bbox 758 2284 971 2363; x_wconf 84' lang='lat' dir='ltr'>amicissimis,</span> <span class='ocrx_word' id='word_1_164' title='bbox 1005 2281 1054 2343; x_wconf 87' lang='lat' dir='ltr'>ubi</span> 
     </span>
     <span class='ocr_line' id='line_1_25' title="bbox 137 2363 1053 2448; baseline -0.003 -20"><span class='ocrx_word' id='word_1_165' title='bbox 137 2385 240 2428; x_wconf 89' lang='lat' dir='ltr'>coram</span> <span class='ocrx_word' id='word_1_166' title='bbox 264 2365 506 2448; x_wconf 86' lang='lat' dir='ltr'>Archiepiscopo</span> <span class='ocrx_word' id='word_1_167' title='bbox 529 2368 712 2447; x_wconf 87' lang='lat' dir='ltr'>Trevirensi,</span> <span class='ocrx_word' id='word_1_168' title='bbox 735 2367 912 2428; x_wconf 84' lang='lat' dir='ltr'>Marcbione</span> <span class='ocrx_word' id='word_1_169' title='bbox 935 2363 1053 2426; x_wconf 90' lang='lat' dir='ltr'>Ioachi·</span> 
     </span>
     <span class='ocr_line' id='line_1_26' title="bbox 138 2447 1054 2531; baseline -0.002 -21"><span class='ocrx_word' id='word_1_170' title='bbox 138 2469 187 2510; x_wconf 92' lang='lat' dir='ltr'>mo</span> <span class='ocrx_word' id='word_1_171' title='bbox 235 2449 541 2531; x_wconf 85' lang='lat' dir='ltr'>Brandenburgensi,</span> <span class='ocrx_word' id='word_1_172' title='bbox 584 2452 669 2511; x_wconf 91' lang='lat' dir='ltr'>Duce</span> <span class='ocrx_word' id='word_1_173' title='bbox 717 2450 851 2529; x_wconf 84' lang='lat' dir='ltr'>Georgio</span> <span class='ocrx_word' id='word_1_174' title='bbox 887 2447 1054 2528; x_wconf 82' lang='lat' dir='ltr'>Saxouiae,</span> 
     </span>
     <span class='ocr_line' id='line_1_27' title="bbox 139 2534 1053 2614; baseline -0.002 -20"><span class='ocrx_word' id='word_1_175' title='bbox 139 2535 327 2614; x_wconf 85' lang='lat' dir='ltr'>Augustensi</span> <span class='ocrx_word' id='word_1_176' title='bbox 350 2544 380 2594; x_wconf 89' lang='lat' dir='ltr'>et</span> <span class='ocrx_word' id='word_1_177' title='bbox 405 2535 689 2614; x_wconf 82' lang='lat' dir='ltr'>Brandenburgensi</span> <span class='ocrx_word' id='word_1_178' title='bbox 712 2534 884 2614; x_wconf 79' lang='lat' dir='ltr'>Episcopis,</span> <span class='ocrx_word' id='word_1_179' title='bbox 909 2534 1053 2612; x_wconf 84' lang='lat' dir='ltr'>Magistro</span> 
     </span>
     <span class='ocr_line' id='line_1_28' title="bbox 137 2617 1054 2699; baseline -0.003 -21"><span class='ocrx_word' id='word_1_180' title='bbox 137 2617 374 2679; x_wconf 82' lang='lat' dir='ltr'>Teutonicorum</span> <span class='ocrx_word' id='word_1_181' title='bbox 388 2618 508 2679; x_wconf 79' lang='lat' dir='ltr'>Gemite</span> <span class='ocrx_word' id='word_1_182' title='bbox 526 2618 672 2699; x_wconf 84' lang='lat' dir='ltr'>Georgio,</span> <span class='ocrx_word' id='word_1_183' title='bbox 686 2618 825 2679; x_wconf 84' lang='lat' dir='ltr'>iohanne</span> <span class='ocrx_word' id='word_1_184' title='bbox 842 2617 927 2677; x_wconf 84' lang='lat' dir='ltr'>Beck</span> <span class='ocrx_word' id='word_1_185' title='bbox 940 2620 1054 2695; x_wconf 87' lang='lat' dir='ltr'>Argen·</span> 
     </span>
     <span class='ocr_line' id='line_1_29' title="bbox 139 2701 1054 2783; baseline -0.007 -21"><span class='ocrx_word' id='word_1_186' title='bbox 139 2703 230 2783; x_wconf 90' lang='lat' dir='ltr'>tiuo,</span> <span class='ocrx_word' id='word_1_187' title='bbox 271 2701 522 2781; x_wconf 86' lang='lat' dir='ltr'>Vuerdheymero</span> <span class='ocrx_word' id='word_1_188' title='bbox 571 2712 601 2761; x_wconf 89' lang='lat' dir='ltr'>et</span> <span class='ocrx_word' id='word_1_189' title='bbox 640 2702 822 2781; x_wconf 85' lang='lat' dir='ltr'>Peutiugero</span> <span class='ocrx_word' id='word_1_190' title='bbox 859 2701 1054 2778; x_wconf 81' lang='lat' dir='ltr'>Ductoribus,</span> 
     </span>
     <span class='ocr_line' id='line_1_30' title="bbox 137 2782 1054 2867; baseline -0.003 -22"><span class='ocrx_word' id='word_1_191' title='bbox 137 2784 254 2846; x_wconf 88' lang='lat' dir='ltr'>Doctcr</span> <span class='ocrx_word' id='word_1_192' title='bbox 266 2786 380 2867; x_wconf 89' lang='lat' dir='ltr'>Vseus,</span> <span class='ocrx_word' id='word_1_193' title='bbox 402 2805 421 2844; x_wconf 90' lang='lat' dir='ltr'>a</span> <span class='ocrx_word' id='word_1_194' title='bbox 435 2787 560 2846; x_wconf 87' lang='lat' dir='ltr'>secretis</span> <span class='ocrx_word' id='word_1_195' title='bbox 574 2785 759 2845; x_wconf 87' lang='lat' dir='ltr'>Marohionis</span> <span class='ocrx_word' id='word_1_196' title='bbox 771 2783 931 2861; x_wconf 87' lang='lat' dir='ltr'>Badensis,</span> <span class='ocrx_word' id='word_1_197' title='bbox 953 2782 1054 2843; x_wconf 89' lang='lat' dir='ltr'>dicere</span> 
     </span>
     <span class='ocr_line' id='line_1_31' title="bbox 137 2868 1056 2950; baseline -0.002 -21"><span class='ocrx_word' id='word_1_198' title='bbox 137 2871 242 2950; x_wconf 89' lang='lat' dir='ltr'>coepit</span> <span class='ocrx_word' id='word_1_199' title='bbox 263 2877 293 2929; x_wconf 89' lang='lat' dir='ltr'>et</span> <span class='ocrx_word' id='word_1_200' title='bbox 325 2877 512 2950; x_wconf 88' lang='lat' dir='ltr'>protestatus</span> <span class='ocrx_word' id='word_1_201' title='bbox 536 2877 595 2929; x_wconf 88' lang='lat' dir='ltr'>est:</span> <span class='ocrx_word' id='word_1_202' title='bbox 618 2868 687 2929; x_wconf 90' lang='lat' dir='ltr'>Non</span> <span class='ocrx_word' id='word_1_203' title='bbox 710 2871 739 2928; x_wconf 92' lang='lat' dir='ltr'>in</span> <span class='ocrx_word' id='word_1_204' title='bbox 762 2868 823 2928; x_wconf 90' lang='lat' dir='ltr'>hoc</span> <span class='ocrx_word' id='word_1_205' title='bbox 844 2869 943 2946; x_wconf 89' lang='lat' dir='ltr'>ipsum</span> <span class='ocrx_word' id='word_1_206' title='bbox 969 2884 1056 2927; x_wconf 84' lang='lat' dir='ltr'>vocs·</span> 
     </span>
     <span class='ocr_line' id='line_1_32' title="bbox 138 2948 1055 3032; baseline -0.004 -19"><span class='ocrx_word' id='word_1_207' title='bbox 138 2960 201 3013; x_wconf 90' lang='lat' dir='ltr'>tum</span> <span class='ocrx_word' id='word_1_208' title='bbox 227 2971 310 3031; x_wconf 90' lang='lat' dir='ltr'>esse,</span> <span class='ocrx_word' id='word_1_209' title='bbox 334 2961 367 3012; x_wconf 91' lang='lat' dir='ltr'>ut</span> <span class='ocrx_word' id='word_1_210' title='bbox 392 2963 535 3032; x_wconf 88' lang='lat' dir='ltr'>tanquam</span> <span class='ocrx_word' id='word_1_211' title='bbox 564 2955 592 3012; x_wconf 93' lang='lat' dir='ltr'>in</span> <span class='ocrx_word' id='word_1_212' title='bbox 617 2953 826 3013; x_wconf 86' lang='lat' dir='ltr'>controversia</span> <span class='ocrx_word' id='word_1_213' title='bbox 848 2949 895 3010; x_wconf 93' lang='lat' dir='ltr'>vel</span> <span class='ocrx_word' id='word_1_214' title='bbox 919 2948 1055 3029; x_wconf 88' lang='lat' dir='ltr'>disputa·</span> 
     </span>
     <span class='ocr_line' id='line_1_33' title="bbox 138 3033 1057 3117; baseline -0.004 -22"><span class='ocrx_word' id='word_1_215' title='bbox 138 3038 222 3096; x_wconf 89' lang='lat' dir='ltr'>tione</span> <span class='ocrx_word' id='word_1_216' title='bbox 244 3055 312 3097; x_wconf 92' lang='lat' dir='ltr'>cum</span> <span class='ocrx_word' id='word_1_217' title='bbox 336 3038 403 3117; x_wconf 92' lang='lat' dir='ltr'>ipso</span> <span class='ocrx_word' id='word_1_218' title='bbox 428 3037 611 3114; x_wconf 82' lang='lat' dir='ltr'>conterrent,</span> <span class='ocrx_word' id='word_1_219' title='bbox 634 3035 688 3095; x_wconf 93' lang='lat' dir='ltr'>sed</span> <span class='ocrx_word' id='word_1_220' title='bbox 712 3035 811 3095; x_wconf 90' lang='lat' dir='ltr'>solum</span> <span class='ocrx_word' id='word_1_221' title='bbox 835 3054 873 3093; x_wconf 86' lang='lat' dir='ltr'>ex</span> <span class='ocrx_word' id='word_1_222' title='bbox 885 3033 1057 3093; x_wconf 78' lang='lat' dir='ltr'>Christiana</span> 
     </span>
     <span class='ocr_line' id='line_1_34' title="bbox 138 3115 1054 3198; baseline -0.007 -18"><span class='ocrx_word' id='word_1_223' title='bbox 138 3123 265 3180; x_wconf 88' lang='lat' dir='ltr'>caritate</span> <span class='ocrx_word' id='word_1_224' title='bbox 288 3129 319 3180; x_wconf 90' lang='lat' dir='ltr'>et</span> <span class='ocrx_word' id='word_1_225' title='bbox 340 3120 503 3181; x_wconf 86' lang='lat' dir='ltr'>clementia</span> <span class='ocrx_word' id='word_1_226' title='bbox 526 3121 656 3198; x_wconf 87' lang='lat' dir='ltr'>quadam</span> <span class='ocrx_word' id='word_1_227' title='bbox 682 3120 836 3196; x_wconf 90' lang='lat' dir='ltr'>Principes</span> <span class='ocrx_word' id='word_1_228' title='bbox 858 3116 918 3176; x_wconf 94' lang='lat' dir='ltr'>hoc</span> <span class='ocrx_word' id='word_1_229' title='bbox 940 3136 958 3175; x_wconf 90' lang='lat' dir='ltr'>a</span> <span class='ocrx_word' id='word_1_230' title='bbox 982 3115 1054 3176; x_wconf 82' lang='lat' dir='ltr'>Gae-</span> 
     </span>
     <span class='ocr_line' id='line_1_35' title="bbox 139 3199 1058 3283; baseline -0.008 -19"><span class='ocrx_word' id='word_1_231' title='bbox 139 3224 227 3265; x_wconf 83' lang='lat' dir='ltr'>sares</span> <span class='ocrx_word' id='word_1_232' title='bbox 251 3205 412 3264; x_wconf 88' lang='lat' dir='ltr'>Maiestate</span> <span class='ocrx_word' id='word_1_233' title='bbox 433 3207 623 3283; x_wconf 73' lang='lat' dir='ltr'>impetrasse,</span> <span class='ocrx_word' id='word_1_234' title='bbox 647 3211 677 3261; x_wconf 93' lang='lat' dir='ltr'>ut</span> <span class='ocrx_word' id='word_1_235' title='bbox 699 3203 802 3263; x_wconf 82' lang='lat' dir='ltr'>liceret</span> <span class='ocrx_word' id='word_1_236' title='bbox 825 3202 868 3259; x_wconf 85' lang='lat' dir='ltr'>eis</span> <span class='ocrx_word' id='word_1_237' title='bbox 893 3199 1058 3260; x_wconf 85' lang='lat' dir='ltr'>clementer</span> 
     </span>
     <span class='ocr_line' id='line_1_36' title="bbox 137 3288 602 3349; baseline -0.004 0"><span class='ocrx_word' id='word_1_238' title='bbox 137 3296 168 3349; x_wconf 89' lang='lat' dir='ltr'>et</span> <span class='ocrx_word' id='word_1_239' title='bbox 190 3288 324 3348; x_wconf 80' lang='lat' dir='ltr'>fraterne</span> <span class='ocrx_word' id='word_1_240' title='bbox 346 3289 500 3348; x_wconf 86' lang='lat' dir='ltr'>exhortari</span> <span class='ocrx_word' id='word_1_241' title='bbox 524 3306 602 3347; x_wconf 89' lang='lat' dir='ltr'>eum.</span> 
     </span>
    </p>

    <p class='ocr_par' dir='ltr' id='par_1_9' title="bbox 137 3366 1056 3620">
     <span class='ocr_line' id='line_1_37' title="bbox 222 3366 1055 3452; baseline -0.008 -21"><span class='ocrx_word' id='word_1_242' title='bbox 222 3369 339 3431; x_wconf 89' lang='lat' dir='ltr'>Deinde</span> <span class='ocrx_word' id='word_1_243' title='bbox 363 3375 415 3452; x_wconf 90' lang='lat' dir='ltr'>ait,</span> <span class='ocrx_word' id='word_1_244' title='bbox 438 3369 586 3448; x_wconf 80' lang='lat' dir='ltr'>Concilio,</span> <span class='ocrx_word' id='word_1_245' title='bbox 610 3370 730 3428; x_wconf 90' lang='lat' dir='ltr'>tametsi</span> <span class='ocrx_word' id='word_1_246' title='bbox 749 3367 868 3427; x_wconf 88' lang='lat' dir='ltr'>diversa</span> <span class='ocrx_word' id='word_1_247' title='bbox 884 3366 1055 3443; x_wconf 87' lang='lat' dir='ltr'>statuerint,</span> 
     </span>
     <span class='ocr_line' id='line_1_38' title="bbox 137 3449 1056 3526; baseline -0.009 -11"><span class='ocrx_word' id='word_1_248' title='bbox 137 3475 198 3515; x_wconf 91' lang='lat' dir='ltr'>uon</span> <span class='ocrx_word' id='word_1_249' title='bbox 222 3462 324 3515; x_wconf 86' lang='lat' dir='ltr'>temen</span> <span class='ocrx_word' id='word_1_250' title='bbox 348 3456 492 3516; x_wconf 83' lang='lat' dir='ltr'>statuisse</span> <span class='ocrx_word' id='word_1_251' title='bbox 514 3454 677 3515; x_wconf 86' lang='lat' dir='ltr'>contraria.</span> <span class='ocrx_word' id='word_1_252' title='bbox 711 3450 800 3526; x_wconf 78' lang='lat' dir='ltr'>Quod</span> <span class='ocrx_word' id='word_1_253' title='bbox 816 3452 840 3509; x_wconf 92' lang='lat' dir='ltr'>si</span> <span class='ocrx_word' id='word_1_254' title='bbox 857 3450 904 3510; x_wconf 87' lang='lat' dir='ltr'>vei</span> <span class='ocrx_word' id='word_1_255' title='bbox 923 3449 1056 3509; x_wconf 87' lang='lat' dir='ltr'>maxime</span> 
     </span>
     <span class='ocr_line' id='line_1_39' title="bbox 138 3532 1055 3620; baseline -0.01 -21"><span class='ocrx_word' id='word_1_256' title='bbox 138 3549 299 3620; x_wconf 86' lang='lat' dir='ltr'>errassent,</span> <span class='ocrx_word' id='word_1_257' title='bbox 322 3539 361 3599; x_wconf 90' lang='lat' dir='ltr'>ob</span> <span class='ocrx_word' id='word_1_258' title='bbox 385 3539 414 3598; x_wconf 93' lang='lat' dir='ltr'>id</span> <span class='ocrx_word' id='word_1_259' title='bbox 437 3546 538 3597; x_wconf 89' lang='lat' dir='ltr'>tamen</span> <span class='ocrx_word' id='word_1_260' title='bbox 563 3556 622 3595; x_wconf 91' lang='lat' dir='ltr'>non</span> <span class='ocrx_word' id='word_1_261' title='bbox 647 3554 789 3595; x_wconf 86' lang='lat' dir='ltr'>corruere</span> <span class='ocrx_word' id='word_1_262' title='bbox 812 3553 918 3594; x_wconf 88' lang='lat' dir='ltr'>eorum</span> <span class='ocrx_word' id='word_1_263' title='bbox 945 3532 1055 3592; x_wconf 84' lang='lat' dir='ltr'>autori-</span> 
     </span>
    </p>
   </div>
   <div class='ocr_carea' id='block_1_7' title="bbox 24 3620 1057 3702">
    <p class='ocr_par' dir='ltr' id='par_1_10' title="bbox 24 3620 1057 3702">
     <span class='ocr_line' id='line_1_40' title="bbox 24 3620 1057 3702; baseline -0.011 -18"><span class='ocrx_word' id='word_1_264' title='bbox 24 3631 27 3639; x_wconf 90' lang='lat'>&#39;</span> <span class='ocrx_word' id='word_1_265' title='bbox 136 3630 240 3702; x_wconf 89' lang='lat' dir='ltr'>tatem,</span> <span class='ocrx_word' id='word_1_266' title='bbox 262 3624 370 3683; x_wconf 86' lang='lat' dir='ltr'>saitem</span> <span class='ocrx_word' id='word_1_267' title='bbox 395 3620 488 3701; x_wconf 86' lang='lat' dir='ltr'>aded,</span> <span class='ocrx_word' id='word_1_268' title='bbox 526 3628 558 3680; x_wconf 92' lang='lat' dir='ltr'>ut</span> <span class='ocrx_word' id='word_1_269' title='bbox 580 3620 706 3697; x_wconf 88' lang='lat' dir='ltr'>quilibet</span> <span class='ocrx_word' id='word_1_270' title='bbox 735 3637 790 3678; x_wconf 90' lang='lat' dir='ltr'>suo</span> <span class='ocrx_word' id='word_1_271' title='bbox 825 3636 917 3678; x_wconf 85' lang='lat' dir='ltr'>sensu</span> <span class='ocrx_word' id='word_1_272' title='bbox 951 3625 1057 3675; x_wconf 87' lang='lat' dir='ltr'>contra</span> 
     </span>
    </p>
   </div>
   <div class='ocr_carea' id='block_1_8' title="bbox 134 3699 1056 3875">
    <p class='ocr_par' dir='ltr' id='par_1_11' title="bbox 134 3699 1056 3875">
     <span class='ocr_line' id='line_1_41' title="bbox 137 3699 1056 3771; baseline -0.012 -4"><span class='ocrx_word' id='word_1_273' title='bbox 137 3726 174 3768; x_wconf 89' lang='lat' dir='ltr'>ea</span> <span class='ocrx_word' id='word_1_274' title='bbox 196 3709 249 3766; x_wconf 83' lang='lat' dir='ltr'>niti</span> <span class='ocrx_word' id='word_1_275' title='bbox 274 3706 373 3771; x_wconf 85' lang='lat' dir='ltr'>vellet.</span> <span class='ocrx_word' id='word_1_276' title='bbox 417 3703 560 3766; x_wconf 85' lang='lat' dir='ltr'>Insereus</span> <span class='ocrx_word' id='word_1_277' title='bbox 583 3704 621 3763; x_wconf 94' lang='lat' dir='ltr'>de</span> <span class='ocrx_word' id='word_1_278' title='bbox 646 3702 832 3764; x_wconf 71' lang='lat' dir='ltr'>centurione</span> <span class='ocrx_word' id='word_1_279' title='bbox 862 3710 892 3760; x_wconf 93' lang='lat' dir='ltr'>et</span> <span class='ocrx_word' id='word_1_280' title='bbox 912 3699 1056 3761; x_wconf 87' lang='lat' dir='ltr'>Zachaeo</span> 
     </span>
     <span class='ocr_line' id='line_1_42' title="bbox 134 3788 1054 3875; baseline -0.015 -20"><span class='ocrx_word' id='word_1_281' title='bbox 134 3790 241 3875; x_wconf 83' lang='lat' dir='ltr'>muita,</span> <span class='ocrx_word' id='word_1_282' title='bbox 265 3792 356 3855; x_wconf 92' lang='lat' dir='ltr'>etiam</span> <span class='ocrx_word' id='word_1_283' title='bbox 381 3793 419 3854; x_wconf 89' lang='lat' dir='ltr'>de</span> <span class='ocrx_word' id='word_1_284' title='bbox 441 3789 710 3853; x_wconf 83' lang='lat' dir='ltr'>constitutionibus</span> <span class='ocrx_word' id='word_1_285' title='bbox 734 3788 890 3870; x_wconf 83' lang='lat' dir='ltr'>hunrauis,</span> <span class='ocrx_word' id='word_1_286' title='bbox 920 3800 1054 3844; x_wconf 88' lang='lat' dir='ltr'>ceremo-</span> 
     </span>
    </p>
   </div>
   <div class='ocr_carea' id='block_1_9' title="bbox 0 0 1204 4170">
    <p class='ocr_par' dir='ltr' id='par_1_12' title="bbox 0 0 1204 4170">
     <span class='ocr_line' id='line_1_43' title="bbox 0 0 1204 4170; baseline 0 0"><span class='ocrx_word' id='word_1_287' title='bbox 0 0 1204 4170; x_wconf 95' lang='lat' dir='ltr'> </span> 
     </span>
    </p>
   </div>
  </div>
 </body>
</html>
