2392 4170
146 238 209 303 160
353 239 477 293 Assertio
490 255 572 305 omn.
592 242 685 293 arctio.
704 241 733 292 D.
754 241 785 291 u.
806 240 835 317 li,
851 256 904 309 per

148 400 198 455 cet
209 393 381 473 Scripturas
403 396 535 473 proprio
558 395 664 473 spiritu
687 394 867 473 intelligere,
887 393 1071 463 nobismor-

150 474 225 557 dari,
249 487 282 535 ut
302 477 446 556 sepositis
468 478 563 537 sacris
585 477 679 537 literis
699 478 892 537 intendamus
914 485 945 537 et
966 474 1072 553 credar

148 580 215 619 mus
238 560 396 619 hominum
418 562 652 623 commentariis.
688 560 786 639 Hanc,
808 563 941 640 inquam,
964 558 1071 621 intelli·

148 644 281 723 gentiam
305 642 421 722 absque
445 644 536 729 dubio
560 653 684 703 satanas
699 647 765 722 ipse
787 644 913 721 invexit,
935 661 998 723 quo
1013 660 1069 703 nou

148 728 309 804 anostris,
323 726 353 785 id
376 734 437 805 est,
459 729 555 785 sacris
585 726 678 786 literis
706 726 887 806 longissime
915 734 1070 803 avocaret,

147 818 178 869 et
212 808 405 889 desperatam
439 811 598 868 scientiam
625 810 800 889 Scripturas
825 810 913 870 nobis
942 809 1069 887 faceret,

148 911 215 952 cum
238 893 284 952 sic
304 895 406 972 potius
428 895 467 951 sit
488 892 731 972 intelligendum,
753 891 1000 973 Scripturasuon
1013 892 1071 956 niti

147 994 184 1036 eo
207 976 314 1055 spiritu
335 975 549 1055 intelligendas
572 995 651 1052 esse,
673 993 734 1054 quo
757 979 889 1056 scriptae
910 982 994 1053 sunt,
1016 974 1066 1055 qui

146 1060 269 1139 spiritus
291 1077 440 1138 nusquam
463 1061 652 1138 praesentius
681 1068 712 1119 et
742 1060 893 1134 vivacius,
919 1078 1013 1138 quom
1040 1058 1071 1119 in

147 1143 220 1222 ipsis
243 1143 338 1201 sacris
361 1145 434 1219 suis,
456 1161 531 1222 quus
544 1144 673 1222 scripsit,
695 1142 789 1201 literis
812 1143 942 1203 inveniri
960 1148 1071 1223 potest.

231 1224 341 1285 Danda
364 1223 471 1305 ergo²t
497 1225 553 1285 fuit
578 1244 687 1305 opera,
710 1245 772 1285 non
796 1233 828 1285 ut
849 1227 995 1309 sepositis
1025 1244 1070 1285 aa·

146 1311 205 1369 cris
228 1308 320 1368 literis
342 1310 442 1369 solum
471 1310 610 1368 humanis
634 1308 756 1369 Patrum
786 1310 906 1389 scriptis
934 1306 1071 1379 intendo·

147 1411 259 1470 remus,
281 1394 343 1453 imo
367 1398 483 1455 contra.
506 1392 639 1451 Primum
662 1394 804 1471 sepositis
817 1394 953 1453 omnium
975 1390 1070 1451 homi·

149 1496 220 1535 num
243 1476 363 1555 scriptis
387 1483 472 1535 tanto
497 1475 593 1553 magis
617 1484 647 1535 et
669 1476 853 1555 pertinacius
865 1474 1070 1535 insudandum

146 1565 212 1619 erat
233 1558 308 1618 solis
330 1559 435 1637 sacris,
458 1576 519 1637 quo
542 1560 732 1637 praesentius
753 1559 921 1638 periculum
944 1568 1011 1637 est,
1032 1576 1070 1620 ns

148 1644 214 1722 quis
238 1640 363 1721 proprio
386 1642 493 1721 spiritu
517 1660 569 1701 eas
599 1642 764 1721 intelligat,
794 1652 824 1701 ut
854 1661 926 1702 usus
956 1638 1070 1701 assidui

148 1726 238 1785 studii
262 1727 342 1784 victo
365 1725 502 1804 periculo
527 1725 676 1784 eiusmodi
700 1723 822 1784 tandem
844 1735 960 1785 certum
982 1722 1071 1785 nobis

148 1809 262 1869 laceret
285 1808 423 1888 spiritum
446 1806 632 1889 Scripturas,
644 1810 694 1887 qui
709 1811 766 1867 nisi
777 1810 806 1867 iu
817 1807 974 1887 Scriptura
988 1826 1070 1887 pror·

149 1911 201 1952 sus
224 1911 286 1952 non
309 1893 469 1953 invenitur.
493 1890 550 1950 Hic
573 1891 653 1950 enim
676 1892 780 1970 posuit
800 1891 959 1951 latibulum
982 1908 1071 1951 suum

148 1983 179 2035 et
198 1978 228 2035 in
251 1974 347 2035 coelis
372 1973 503 2056 (idest,
526 1974 692 2053 apostolis)
718 1975 947 2034 tabernaculum
970 1990 1071 2034 suum.

148 2058 186 2117 Et
208 2058 288 2118 Psal.
313 2058 331 2117 l.
356 2062 400 2116 vir
424 2057 530 2118 beatus
553 2061 582 2117 in
605 2059 666 2117 boc
688 2058 836 2134 laudatur,
859 2058 942 2137 quod
963 2057 1014 2117 die
1034 2072 1072 2117 ao

148 2150 239 2201 nocte
272 2158 334 2201 non
357 2141 477 2217 in'aliis
500 2139 593 2219 libris,
615 2142 716 2200 sedin
741 2140 809 2220 lege
831 2141 957 2202 Domini
980 2138 1072 2199 modi·

148 2235 237 2287 tatur.
260 2226 338 2283 Hinc
360 2226 441 2283 enim
462 2225 572 2285 hausto
595 2227 701 2304 spiritu
724 2226 869 2285 iudicium
882 2244 971 2284 suum
992 2222 1070 2303 quis·

149 2326 208 2387 que
226 2306 379 2384 formabit,
403 2316 465 2367 ndu
490 2308 581 2367 modo
600 2327 691 2387 super
714 2309 817 2367 omnia
840 2310 996 2389 gentium,
1017 2302 1068 2371 sod

148 2401 178 2451 et
200 2390 229 2452 S.
252 2391 374 2450 Patrum
398 2392 520 2470 scripta.
554 2392 705 2470 Scriptum
729 2402 773 2451 est
786 2395 876 2468 enirn,
902 2390 988 2471 quod
1008 2388 1068 2451 llo·

148 2475 173 2533 si
205 2474 298 2534 lacios
330 2473 501 2554 glorificata
528 2476 585 2533 luit
606 2494 623 2534 e
645 2476 801 2535 consortio
829 2476 981 2535 sermonis
1007 2472 1066 2535 llo·

147 2558 238 2639 mini,
274 2574 336 2617 non
360 2559 463 2637 utique
491 2577 507 2617 e
536 2560 691 2617 consortio
722 2560 870 2619 sermonis
902 2558 1066 2631 hominum,

148 2641 239 2701 etiam
261 2643 534 2717 sanctissimorum,
558 2643 688 2721 quitum
714 2652 809 2701 erant.

229 2724 391 2786 Praeterea
413 2743 482 2785 cnm
505 2724 665 2785 credamus
679 2726 841 2785 ecclesiam
857 2731 998 2785 sanctam
1018 2742 1065 2785 oa·

148 2807 293 2869 tholicam
315 2808 430 2868 habere
452 2809 582 2868 eundem
605 2809 743 2889 spiritum
762 2809 843 2887 fidei,
865 2826 958 2887 quem
981 2804 1064 2867 insui

147 2893 297 2971 principio
320 2891 416 2951 semel
438 2892 575 2972 accepit,
604 2911 657 2951 cur
679 2912 740 2953 uon
770 2893 859 2951 licem
882 2891 977 2952 hodie
1019 2896 1065 2949 aut

147 2976 246 3036 solum
270 2984 323 3035 aut
343 2976 473 3054 primum
496 2977 590 3035 sacris
613 2974 706 3035 literis
729 2976 862 3055 studere,
884 2977 965 3035 sicut
986 2972 1065 3033 lionil

145 3060 318 3139 primitivae
340 3058 513 3119 ecclesiae?
557 3059 665 3139 Neque
693 3061 772 3119 euim
802 3059 843 3119 illi
865 3058 1064 3139 Augustinum

148 3151 200 3203 aut
220 3142 370 3203 'lbomam
393 3142 542 3224 legerunt.
565 3144 697 3221 Autdic,
720 3144 745 3203 si
767 3152 864 3224 potes,
887 3160 949 3221 quo
972 3138 1066 3201 iudico

145 3222 266 3286 finietur
288 3227 444 3306 quaestio,
467 3228 492 3286 si
512 3226 634 3287 Putrum
658 3227 739 3285 dicta
761 3224 818 3287 sibi
840 3216 1062 3305 pugnaverint}

148 3309 278 3391 Oportet
299 3312 379 3371 enim
403 3309 561 3390 Scriptura
583 3310 684 3371 iudice
706 3310 756 3369 hio
777 3311 962 3369 seutentiam
984 3308 1063 3377 ferret

149 3394 231 3472 quod
255 3394 320 3456 lieri
343 3414 404 3455 non
418 3404 530 3476 potest,
548 3396 606 3455 nisi
621 3393 795 3473 Scripturas
807 3392 981 3452 dederimus
991 3390 1063 3471 prin·

147 3482 246 3561 cipem
267 3481 372 3541 locum
394 3482 423 3539 in
448 3479 600 3556 omnibus,
628 3496 708 3557 quse
729 3476 900 3537 tribuuntur
921 3474 1062 3545 Patribut,

162 3650 208 3656 —
211 3648 494 3657 0————-—-
498 3648 567 3654 ...-.—..
572 3648 576 3653 .

188 3752 219 3817 1)
259 3750 291 3801 ln
311 3748 354 3802 ed.
373 3747 450 3802 Jem:
469 3750 561 3817 igitur.
