<?xml version="1.0" encoding="UTF-8"?>
<!DOCTYPE html PUBLIC "-//W3C//DTD XHTML 1.0 Transitional//EN"
    "http://www.w3.org/TR/xhtml1/DTD/xhtml1-transitional.dtd">
<html xmlns="http://www.w3.org/1999/xhtml" xml:lang="en" lang="en">
 <head>
  <title>
</title>
<meta http-equiv="Content-Type" content="text/html;charset=utf-8" />
  <meta name='ocr-system' content='tesseract 3.04.00' />
  <meta name='ocr-capabilities' content='ocr_page ocr_carea ocr_par ocr_line ocrx_word'/>
</head>
<body>
  <div class='ocr_page' id='page_1' title='image "./dmartinilutheri03luthgoog_1077.png"; bbox 0 0 2392 4170; ppageno 0'>
   <div class='ocr_carea' id='block_1_1' title="bbox 153 260 737 340">
    <p class='ocr_par' dir='ltr' id='par_1_1' title="bbox 153 260 737 340">
     <span class='ocr_line' id='line_1_1' title="bbox 153 260 737 340; baseline 0 -15"><span class='ocrx_word' id='word_1_1' title='bbox 153 264 218 340; x_wconf 61' lang='grc' dir='ltr'><strong><em>Μ</em></strong></span> <span class='ocrx_word' id='word_1_2' title='bbox 500 260 737 325; x_wconf 61' lang='lat' dir='ltr'><strong>muniuntur</strong></span> 
     </span>
    </p>
   </div>
   <div class='ocr_carea' id='block_1_2' title="bbox 154 436 1083 602">
    <p class='ocr_par' dir='ltr' id='par_1_2' title="bbox 154 436 1083 602">
     <span class='ocr_line' id='line_1_2' title="bbox 154 436 1083 521; baseline -0.004 -19"><span class='ocrx_word' id='word_1_3' title='bbox 154 440 277 503; x_wconf 86' lang='lat' dir='ltr'><strong>silentio</strong></span> <span class='ocrx_word' id='word_1_4' title='bbox 299 446 329 500; x_wconf 86' lang='lat' dir='ltr'><strong>et</strong></span> <span class='ocrx_word' id='word_1_5' title='bbox 350 458 407 521; x_wconf 85' lang='lat' dir='ltr'><strong>spe</strong></span> <span class='ocrx_word' id='word_1_6' title='bbox 427 440 485 501; x_wconf 87' lang='lat' dir='ltr'><strong>erit</strong></span> <span class='ocrx_word' id='word_1_7' title='bbox 502 437 650 502; x_wconf 80' lang='lat' dir='ltr'><strong>tortitudo</strong></span> <span class='ocrx_word' id='word_1_8' title='bbox 671 443 784 516; x_wconf 73' lang='lat' dir='ltr'><strong>vestro,</strong></span> <span class='ocrx_word' id='word_1_9' title='bbox 805 437 986 500; x_wconf 86' lang='lat' dir='ltr'><strong>etiterum:</strong></span> <span class='ocrx_word' id='word_1_10' title='bbox 1009 436 1083 502; x_wconf 73' lang='lat' dir='ltr'><strong>(ier-</strong></span> 
     </span>
     <span class='ocr_line' id='line_1_3' title="bbox 155 523 729 602; baseline -0.003 -15"><span class='ocrx_word' id='word_1_11' title='bbox 155 530 257 587; x_wconf 80' lang='lat' dir='ltr'><strong>tnrnen</strong></span> <span class='ocrx_word' id='word_1_12' title='bbox 279 523 359 585; x_wconf 78' lang='lat' dir='ltr'><strong>torte</strong></span> <span class='ocrx_word' id='word_1_13' title='bbox 378 523 448 584; x_wconf 91' lang='lat' dir='ltr'><strong>dedi</strong></span> <span class='ocrx_word' id='word_1_14' title='bbox 470 524 510 602; x_wconf 88' lang='lat' dir='ltr'><strong>ei,</strong></span> <span class='ocrx_word' id='word_1_15' title='bbox 531 531 564 584; x_wconf 89' lang='lat' dir='ltr'><strong>nt</strong></span> <span class='ocrx_word' id='word_1_16' title='bbox 584 524 729 585; x_wconf 82' lang='lat' dir='ltr'><strong>vinoeret</strong></span> 
     </span>
    </p>
   </div>
   <div class='ocr_carea' id='block_1_3' title="bbox 154 627 1165 1214">
    <p class='ocr_par' dir='ltr' id='par_1_3' title="bbox 154 627 1165 1214">
     <span class='ocr_line' id='line_1_4' title="bbox 239 627 1084 710; baseline -0.002 -20"><span class='ocrx_word' id='word_1_17' title='bbox 239 631 342 709; x_wconf 80' lang='lat' dir='ltr'><strong>Atque</strong></span> <span class='ocrx_word' id='word_1_18' title='bbox 372 631 433 691; x_wconf 87' lang='lat' dir='ltr'><strong>boo</strong></span> <span class='ocrx_word' id='word_1_19' title='bbox 452 632 553 710; x_wconf 86' lang='lat' dir='ltr'><strong>ipsum</strong></span> <span class='ocrx_word' id='word_1_20' title='bbox 574 630 605 690; x_wconf 91' lang='lat' dir='ltr'><strong>in</strong></span> <span class='ocrx_word' id='word_1_21' title='bbox 628 630 733 710; x_wconf 83' lang='lat' dir='ltr'><strong>primis</strong></span> <span class='ocrx_word' id='word_1_22' title='bbox 754 647 881 690; x_wconf 80' lang='lat' dir='ltr'><strong>morere</strong></span> <span class='ocrx_word' id='word_1_23' title='bbox 902 627 1019 708; x_wconf 89' lang='lat' dir='ltr'><strong>debet,</strong></span> <span class='ocrx_word' id='word_1_24' title='bbox 1053 636 1084 688; x_wconf 92' lang='lat' dir='ltr'><strong>ut</strong></span> 
     </span>
     <span class='ocr_line' id='line_1_5' title="bbox 154 711 1165 796; baseline -0.005 -22"><span class='ocrx_word' id='word_1_25' title='bbox 154 715 290 796; x_wconf 73' lang='lat' dir='ltr'><strong>pergatis</strong></span> <span class='ocrx_word' id='word_1_26' title='bbox 311 712 423 793; x_wconf 76' lang='lat' dir='ltr'><strong>faeere,</strong></span> <span class='ocrx_word' id='word_1_27' title='bbox 445 715 472 774; x_wconf 89' lang='lat' dir='ltr'><strong>si</strong></span> <span class='ocrx_word' id='word_1_28' title='bbox 493 711 629 774; x_wconf 82' lang='lat' dir='ltr'><strong>sideritis</strong></span> <span class='ocrx_word' id='word_1_29' title='bbox 649 718 821 793; x_wconf 76' lang='lat' dir='ltr'><strong>poteststes</strong></span> <span class='ocrx_word' id='word_1_30' title='bbox 841 720 873 774; x_wconf 85' lang='lat' dir='ltr'><strong>et</strong></span> <span class='ocrx_word' id='word_1_31' title='bbox 894 714 1084 796; x_wconf 69' lang='lat' dir='ltr'>principatus</span> <span class='ocrx_word' id='word_1_32' title='bbox 1157 742 1165 769; x_wconf 66' lang='grc' dir='ltr'>ι</span> 
     </span>
     <span class='ocr_line' id='line_1_6' title="bbox 156 794 1083 877; baseline 0.004 -21"><span class='ocrx_word' id='word_1_33' title='bbox 156 794 244 858; x_wconf 80' lang='lat' dir='ltr'><strong>vobis</strong></span> <span class='ocrx_word' id='word_1_34' title='bbox 276 797 435 873; x_wconf 86' lang='lat' dir='ltr'><strong>resistere,</strong></span> <span class='ocrx_word' id='word_1_35' title='bbox 469 796 553 857; x_wconf 85' lang='lat' dir='ltr'><strong>velut</strong></span> <span class='ocrx_word' id='word_1_36' title='bbox 573 803 757 877; x_wconf 75' lang='lat' dir='ltr'><strong>argumento</strong></span> <span class='ocrx_word' id='word_1_37' title='bbox 778 798 952 860; x_wconf 84' lang='lat' dir='ltr'><strong>uertissimo</strong></span> <span class='ocrx_word' id='word_1_38' title='bbox 974 798 1083 860; x_wconf 84' lang='lat' dir='ltr'><strong>ooniir-</strong></span> 
     </span>
     <span class='ocr_line' id='line_1_7' title="bbox 156 878 1083 962; baseline 0.003 -24"><span class='ocrx_word' id='word_1_39' title='bbox 156 881 240 953; x_wconf 78' lang='lat' dir='ltr'><strong>meti‚</strong></span> <span class='ocrx_word' id='word_1_40' title='bbox 261 898 301 940; x_wconf 85' lang='lat' dir='ltr'><strong>ex</strong></span> <span class='ocrx_word' id='word_1_41' title='bbox 324 880 391 940; x_wconf 86' lang='lat' dir='ltr'><strong>Deo</strong></span> <span class='ocrx_word' id='word_1_42' title='bbox 413 899 483 941; x_wconf 86' lang='lat' dir='ltr'><strong>esse</strong></span> <span class='ocrx_word' id='word_1_43' title='bbox 504 878 587 961; x_wconf 92' lang='lat' dir='ltr'><strong>quod</strong></span> <span class='ocrx_word' id='word_1_44' title='bbox 608 882 780 940; x_wconf 74' lang='lat' dir='ltr'><strong>instituistis</strong></span> <span class='ocrx_word' id='word_1_45' title='bbox 807 888 839 942; x_wconf 93' lang='lat' dir='ltr'><strong>et</strong></span> <span class='ocrx_word' id='word_1_46' title='bbox 858 882 963 962; x_wconf 85' lang='lat' dir='ltr'><strong>ipsum</strong></span> <span class='ocrx_word' id='word_1_47' title='bbox 985 883 1083 943; x_wconf 87' lang='lat' dir='ltr'><strong>Deum</strong></span> 
     </span>
     <span class='ocr_line' id='line_1_8' title="bbox 155 961 1083 1044; baseline 0.008 -24"><span class='ocrx_word' id='word_1_48' title='bbox 155 961 314 1024; x_wconf 76' lang='lat' dir='ltr'><strong>vobiscum</strong></span> <span class='ocrx_word' id='word_1_49' title='bbox 337 983 407 1025; x_wconf 83' lang='lat' dir='ltr'><strong>esse</strong></span> <span class='ocrx_word' id='word_1_50' title='bbox 420 962 457 1044; x_wconf 82' lang='grc'><strong>1),</strong></span> <span class='ocrx_word' id='word_1_51' title='bbox 480 965 566 1025; x_wconf 88' lang='lat' dir='ltr'><strong>euius</strong></span> <span class='ocrx_word' id='word_1_52' title='bbox 582 964 707 1025; x_wconf 86' lang='lat' dir='ltr'><strong>verbum</strong></span> <span class='ocrx_word' id='word_1_53' title='bbox 730 963 858 1027; x_wconf 76' lang='lat' dir='ltr'><strong>hebetis.</strong></span> <span class='ocrx_word' id='word_1_54' title='bbox 900 965 983 1026; x_wconf 79' lang='lat' dir='ltr'><strong>Num</strong></span> <span class='ocrx_word' id='word_1_55' title='bbox 1005 967 1032 1026; x_wconf 85' lang='lat' dir='ltr'><strong>si</strong></span> <span class='ocrx_word' id='word_1_56' title='bbox 1045 965 1083 1026; x_wconf 94' lang='lat' dir='ltr'><strong>de</strong></span> 
     </span>
     <span class='ocr_line' id='line_1_9' title="bbox 156 1045 1080 1128; baseline 0.003 -22"><span class='ocrx_word' id='word_1_57' title='bbox 156 1045 270 1106; x_wconf 89' lang='lat' dir='ltr'><strong>mundo</strong></span> <span class='ocrx_word' id='word_1_58' title='bbox 292 1055 375 1108; x_wconf 86' lang='lat' dir='ltr'><strong>esset</strong></span> <span class='ocrx_word' id='word_1_59' title='bbox 407 1048 470 1108; x_wconf 82' lang='lat' dir='ltr'><strong>hoo</strong></span> <span class='ocrx_word' id='word_1_60' title='bbox 494 1047 673 1123; x_wconf 83' lang='lat' dir='ltr'><strong>eonsilium,</strong></span> <span class='ocrx_word' id='word_1_61' title='bbox 705 1046 853 1127; x_wconf 85' lang='lat' dir='ltr'><strong>mundus,</strong></span> <span class='ocrx_word' id='word_1_62' title='bbox 885 1048 974 1128; x_wconf 91' lang='lat' dir='ltr'><strong>qnod</strong></span> <span class='ocrx_word' id='word_1_63' title='bbox 995 1070 1080 1110; x_wconf 85' lang='lat' dir='ltr'><strong>snum</strong></span> 
     </span>
     <span class='ocr_line' id='line_1_10' title="bbox 156 1130 1081 1214; baseline 0.004 -24"><span class='ocrx_word' id='word_1_64' title='bbox 156 1138 236 1206; x_wconf 83' lang='lat' dir='ltr'><strong>eret,</strong></span> <span class='ocrx_word' id='word_1_65' title='bbox 269 1149 332 1190; x_wconf 91' lang='lat' dir='ltr'><strong>non</strong></span> <span class='ocrx_word' id='word_1_66' title='bbox 356 1130 450 1192; x_wconf 89' lang='lat' dir='ltr'><strong>modo</strong></span> <span class='ocrx_word' id='word_1_67' title='bbox 471 1133 677 1212; x_wconf 88' lang='lat' dir='ltr'><strong>permitteret,</strong></span> <span class='ocrx_word' id='word_1_68' title='bbox 709 1131 764 1192; x_wconf 81' lang='lat' dir='ltr'><strong>sed</strong></span> <span class='ocrx_word' id='word_1_69' title='bbox 787 1131 929 1211; x_wconf 78' lang='lat' dir='ltr'><strong>diligeret</strong></span> <span class='ocrx_word' id='word_1_70' title='bbox 949 1152 1081 1214; x_wconf 88' lang='lat' dir='ltr'><strong>quoque.</strong></span> 
     </span>
    </p>
   </div>
   <div class='ocr_carea' id='block_1_4' title="bbox 153 1209 1174 1294">
    <p class='ocr_par' dir='ltr' id='par_1_4' title="bbox 153 1209 1174 1294">
     <span class='ocr_line' id='line_1_11' title="bbox 153 1209 1174 1294; baseline 0 -17"><span class='ocrx_word' id='word_1_71' title='bbox 153 1209 246 1277; x_wconf 81' lang='lat' dir='ltr'><strong>Nune</strong></span> <span class='ocrx_word' id='word_1_72' title='bbox 277 1232 351 1276; x_wconf 84' lang='lat' dir='ltr'><strong>vero</strong></span> <span class='ocrx_word' id='word_1_73' title='bbox 380 1234 448 1277; x_wconf 85' lang='lat' dir='ltr'><strong>oum</strong></span> <span class='ocrx_word' id='word_1_74' title='bbox 478 1213 517 1275; x_wconf 92' lang='lat' dir='ltr'><strong>de</strong></span> <span class='ocrx_word' id='word_1_75' title='bbox 544 1214 659 1275; x_wconf 93' lang='lat' dir='ltr'><strong>mundo</strong></span> <span class='ocrx_word' id='word_1_76' title='bbox 686 1216 828 1294; x_wconf 86' lang='lat' dir='ltr'><strong>nonsit,</strong></span> <span class='ocrx_word' id='word_1_77' title='bbox 865 1215 921 1275; x_wconf 88' lang='lat' dir='ltr'><strong>sed</strong></span> <span class='ocrx_word' id='word_1_78' title='bbox 944 1216 1031 1277; x_wconf 86' lang='lat' dir='ltr'><strong>Deus</strong></span> <span class='ocrx_word' id='word_1_79' title='bbox 1051 1215 1082 1276; x_wconf 94' lang='lat' dir='ltr'><strong>id</strong></span> <span class='ocrx_word' id='word_1_80' title='bbox 1171 1212 1174 1229; x_wconf 93' lang='lat'>&#39;</span> 
     </span>
    </p>
   </div>
   <div class='ocr_carea' id='block_1_5' title="bbox 156 1296 1082 1379">
    <p class='ocr_par' dir='ltr' id='par_1_5' title="bbox 156 1296 1082 1379">
     <span class='ocr_line' id='line_1_12' title="bbox 156 1296 1082 1379; baseline 0.006 -24"><span class='ocrx_word' id='word_1_81' title='bbox 156 1296 241 1356; x_wconf 90' lang='lat' dir='ltr'><strong>dedit</strong></span> <span class='ocrx_word' id='word_1_82' title='bbox 271 1298 301 1356; x_wconf 89' lang='lat' dir='ltr'><strong>in</strong></span> <span class='ocrx_word' id='word_1_83' title='bbox 332 1297 426 1358; x_wconf 84' lang='lat' dir='ltr'><strong>eorde</strong></span> <span class='ocrx_word' id='word_1_84' title='bbox 451 1306 557 1360; x_wconf 89' lang='lat' dir='ltr'><strong>nostro</strong></span> <span class='ocrx_word' id='word_1_85' title='bbox 588 1317 643 1379; x_wconf 87' lang='lat' dir='ltr'><strong>per</strong></span> <span class='ocrx_word' id='word_1_86' title='bbox 670 1297 796 1359; x_wconf 82' lang='lat' dir='ltr'><strong>verbum</strong></span> <span class='ocrx_word' id='word_1_87' title='bbox 824 1317 931 1375; x_wconf 81' lang='lat' dir='ltr'><strong>suurn,</strong></span> <span class='ocrx_word' id='word_1_88' title='bbox 965 1299 1082 1361; x_wconf 80' lang='lat' dir='ltr'><strong>ideireo</strong></span> 
     </span>
    </p>
   </div>
   <div class='ocr_carea' id='block_1_6' title="bbox 155 1380 1174 1545">
    <p class='ocr_par' dir='ltr' id='par_1_6' title="bbox 155 1380 1174 1545">
     <span class='ocr_line' id='line_1_13' title="bbox 156 1380 1174 1463; baseline 0.002 -22"><span class='ocrx_word' id='word_1_89' title='bbox 156 1380 286 1441; x_wconf 88' lang='lat' dir='ltr'><strong>mundus</strong></span> <span class='ocrx_word' id='word_1_90' title='bbox 308 1400 370 1441; x_wconf 92' lang='lat' dir='ltr'><strong>non</strong></span> <span class='ocrx_word' id='word_1_91' title='bbox 393 1382 492 1442; x_wconf 77' lang='lat' dir='ltr'><strong>solum</strong></span> <span class='ocrx_word' id='word_1_92' title='bbox 515 1402 576 1442; x_wconf 92' lang='lat' dir='ltr'><strong>non</strong></span> <span class='ocrx_word' id='word_1_93' title='bbox 592 1383 756 1462; x_wconf 81' lang='lat' dir='ltr'><strong>permittet,</strong></span> <span class='ocrx_word' id='word_1_94' title='bbox 778 1381 832 1442; x_wconf 88' lang='lat' dir='ltr'><strong>sed</strong></span> <span class='ocrx_word' id='word_1_95' title='bbox 855 1381 943 1443; x_wconf 84' lang='lat' dir='ltr'><strong>odiet</strong></span> <span class='ocrx_word' id='word_1_96' title='bbox 958 1402 1083 1463; x_wconf 88' lang='lat' dir='ltr'><strong>quoquo</strong></span> <span class='ocrx_word' id='word_1_97' title='bbox 1171 1448 1174 1457; x_wconf 63' lang='grc'>,</span> 
     </span>
     <span class='ocr_line' id='line_1_14' title="bbox 155 1464 1174 1545; baseline 0.004 -21"><span class='ocrx_word' id='word_1_98' title='bbox 155 1470 187 1524; x_wconf 88' lang='lat' dir='ltr'><strong>et</strong></span> <span class='ocrx_word' id='word_1_99' title='bbox 207 1464 464 1544; x_wconf 78' lang='lat' dir='ltr'><strong>persequetur2).</strong></span> <span class='ocrx_word' id='word_1_100' title='bbox 508 1465 569 1527; x_wconf 80' lang='lat' dir='ltr'><strong>Sed</strong></span> <span class='ocrx_word' id='word_1_101' title='bbox 581 1464 738 1540; x_wconf 72' lang='lat' dir='ltr'><strong>confidite,</strong></span> <span class='ocrx_word' id='word_1_102' title='bbox 758 1466 826 1545; x_wconf 86' lang='lat' dir='ltr'><strong>ipse</strong></span> <span class='ocrx_word' id='word_1_103' title='bbox 838 1466 1082 1530; x_wconf 81' lang='lat' dir='ltr'><strong>visitmundum.</strong></span> <span class='ocrx_word' id='word_1_104' title='bbox 1170 1482 1174 1509; x_wconf 69' lang='lat'><strong>²</strong></span> 
     </span>
    </p>
   </div>
   <div class='ocr_carea' id='block_1_7' title="bbox 155 1546 1083 1629">
    <p class='ocr_par' dir='ltr' id='par_1_7' title="bbox 155 1528 1174 1629">
     <span class='ocr_line' id='line_1_15' title="bbox 155 1546 1083 1629; baseline 0.003 -21"><span class='ocrx_word' id='word_1_105' title='bbox 155 1546 195 1608; x_wconf 78' lang='lat' dir='ltr'><strong>Et</strong></span> <span class='ocrx_word' id='word_1_106' title='bbox 217 1549 314 1610; x_wconf 85' lang='lat' dir='ltr'><strong>meior</strong></span> <span class='ocrx_word' id='word_1_107' title='bbox 336 1555 393 1624; x_wconf 86' lang='lat' dir='ltr'><strong>est,</strong></span> <span class='ocrx_word' id='word_1_108' title='bbox 415 1549 466 1629; x_wconf 89' lang='lat' dir='ltr'><strong>qni</strong></span> <span class='ocrx_word' id='word_1_109' title='bbox 486 1550 519 1609; x_wconf 94' lang='lat' dir='ltr'><strong>in</strong></span> <span class='ocrx_word' id='word_1_110' title='bbox 542 1547 631 1610; x_wconf 85' lang='lat' dir='ltr'><strong>nobis</strong></span> <span class='ocrx_word' id='word_1_111' title='bbox 654 1553 710 1626; x_wconf 84' lang='lat' dir='ltr'><strong>est,</strong></span> <span class='ocrx_word' id='word_1_112' title='bbox 734 1566 825 1627; x_wconf 85' lang='lat' dir='ltr'><strong>quum</strong></span> <span class='ocrx_word' id='word_1_113' title='bbox 847 1550 898 1629; x_wconf 91' lang='lat' dir='ltr'><strong>qui</strong></span> <span class='ocrx_word' id='word_1_114' title='bbox 922 1549 1083 1611; x_wconf 90' lang='lat' dir='ltr'><strong>inmundo</strong></span> 
     </span>
    </p>
   </div>
   <div class='ocr_carea' id='block_1_8' title="bbox 155 1626 1174 1705">
    <p class='ocr_par' dir='ltr' id='par_1_8' title="bbox 155 1626 1174 1705">
     <span class='ocr_line' id='line_1_16' title="bbox 155 1626 1174 1705; baseline 0.003 -14"><span class='ocrx_word' id='word_1_115' title='bbox 155 1637 218 1705; x_wconf 79' lang='lat' dir='ltr'><strong>est,</strong></span> <span class='ocrx_word' id='word_1_116' title='bbox 253 1632 372 1692; x_wconf 85' lang='lat' dir='ltr'><strong>etiemsi</strong></span> <span class='ocrx_word' id='word_1_117' title='bbox 394 1631 573 1693; x_wconf 83' lang='lat' dir='ltr'><strong>tumultibus</strong></span> <span class='ocrx_word' id='word_1_118' title='bbox 595 1639 628 1693; x_wconf 90' lang='lat' dir='ltr'><strong>et</strong></span> <span class='ocrx_word' id='word_1_119' title='bbox 647 1630 849 1693; x_wconf 83' lang='lat' dir='ltr'><strong>seditionibus</strong></span> <span class='ocrx_word' id='word_1_120' title='bbox 871 1651 922 1693; x_wconf 84' lang='lat' dir='ltr'><strong>res</strong></span> <span class='ocrx_word' id='word_1_121' title='bbox 944 1633 989 1694; x_wconf 82' lang='lat' dir='ltr'><strong>ite</strong></span> <span class='ocrx_word' id='word_1_122' title='bbox 1011 1652 1083 1696; x_wconf 84' lang='lat' dir='ltr'><strong>eon·</strong></span> <span class='ocrx_word' id='word_1_123' title='bbox 1170 1626 1174 1641; x_wconf 75' lang='lat'><strong>¹</strong></span> 
     </span>
    </p>
   </div>
   <div class='ocr_carea' id='block_1_9' title="bbox 152 1714 1082 2211">
    <p class='ocr_par' dir='ltr' id='par_1_9' title="bbox 152 1714 1082 2211">
     <span class='ocr_line' id='line_1_17' title="bbox 154 1714 1082 1795; baseline 0.004 -21"><span class='ocrx_word' id='word_1_124' title='bbox 154 1714 238 1775; x_wconf 81' lang='lat' dir='ltr'><strong>fundi</strong></span> <span class='ocrx_word' id='word_1_125' title='bbox 266 1714 422 1795; x_wconf 78' lang='lat' dir='ltr'><strong>videatur,</strong></span> <span class='ocrx_word' id='word_1_126' title='bbox 456 1722 489 1777; x_wconf 86' lang='lat' dir='ltr'><strong>ut</strong></span> <span class='ocrx_word' id='word_1_127' title='bbox 518 1714 682 1777; x_wconf 82' lang='lat' dir='ltr'><strong>iumedulis</strong></span> <span class='ocrx_word' id='word_1_128' title='bbox 710 1716 803 1776; x_wconf 80' lang='lat' dir='ltr'><strong>etism</strong></span> <span class='ocrx_word' id='word_1_129' title='bbox 836 1715 959 1777; x_wconf 84' lang='lat' dir='ltr'><strong>eoelum</strong></span> <span class='ocrx_word' id='word_1_130' title='bbox 993 1737 1082 1778; x_wconf 88' lang='lat' dir='ltr'><strong>ruere</strong></span> 
     </span>
     <span class='ocr_line' id='line_1_18' title="bbox 153 1798 1081 1880; baseline 0.002 -22"><span class='ocrx_word' id='word_1_131' title='bbox 153 1806 314 1859; x_wconf 84' lang='lat' dir='ltr'><strong>metuetur.</strong></span> <span class='ocrx_word' id='word_1_132' title='bbox 356 1799 465 1878; x_wconf 83' lang='lat' dir='ltr'><strong>Neque</strong></span> <span class='ocrx_word' id='word_1_133' title='bbox 486 1800 568 1860; x_wconf 90' lang='lat' dir='ltr'><strong>enim</strong></span> <span class='ocrx_word' id='word_1_134' title='bbox 589 1807 676 1880; x_wconf 81' lang='lat' dir='ltr'><strong>petru</strong></span> <span class='ocrx_word' id='word_1_135' title='bbox 698 1805 803 1860; x_wconf 83' lang='lat' dir='ltr'><strong>nostre</strong></span> <span class='ocrx_word' id='word_1_136' title='bbox 824 1798 922 1878; x_wconf 85' lang='lat' dir='ltr'><strong>pollet</strong></span> <span class='ocrx_word' id='word_1_137' title='bbox 942 1799 982 1859; x_wconf 88' lang='lat' dir='ltr'><strong>sd</strong></span> <span class='ocrx_word' id='word_1_138' title='bbox 1005 1802 1081 1862; x_wconf 86' lang='lat' dir='ltr'><strong>toui-</strong></span> 
     </span>
     <span class='ocr_line' id='line_1_19' title="bbox 153 1881 1080 1963; baseline 0.001 -21"><span class='ocrx_word' id='word_1_139' title='bbox 153 1886 221 1942; x_wconf 87' lang='lat' dir='ltr'><strong>tros</strong></span> <span class='ocrx_word' id='word_1_140' title='bbox 243 1889 273 1943; x_wconf 88' lang='lat' dir='ltr'><strong>et</strong></span> <span class='ocrx_word' id='word_1_141' title='bbox 294 1881 424 1963; x_wconf 78' lang='lat' dir='ltr'><strong>fulguru,</strong></span> <span class='ocrx_word' id='word_1_142' title='bbox 446 1902 505 1943; x_wconf 85' lang='lat' dir='ltr'><strong>nee</strong></span> <span class='ocrx_word' id='word_1_143' title='bbox 526 1884 634 1943; x_wconf 86' lang='lat' dir='ltr'><strong>metuit</strong></span> <span class='ocrx_word' id='word_1_144' title='bbox 654 1883 741 1943; x_wconf 85' lang='lat' dir='ltr'><strong>triste</strong></span> <span class='ocrx_word' id='word_1_145' title='bbox 762 1883 883 1943; x_wconf 81' lang='lat' dir='ltr'><strong>eoelum</strong></span> <span class='ocrx_word' id='word_1_146' title='bbox 906 1901 947 1943; x_wconf 83' lang='lat' dir='ltr'><strong>ee</strong></span> <span class='ocrx_word' id='word_1_147' title='bbox 966 1883 1080 1959; x_wconf 76' lang='lat' dir='ltr'><strong>nubile,</strong></span> 
     </span>
     <span class='ocr_line' id='line_1_20' title="bbox 154 1965 1076 2047; baseline 0.001 -23"><span class='ocrx_word' id='word_1_148' title='bbox 154 1983 212 2025; x_wconf 85' lang='lat' dir='ltr'><strong>nee</strong></span> <span class='ocrx_word' id='word_1_149' title='bbox 245 1974 338 2046; x_wconf 82' lang='lat' dir='ltr'><strong>peret</strong></span> <span class='ocrx_word' id='word_1_150' title='bbox 367 1965 518 2028; x_wconf 83' lang='lat' dir='ltr'><strong>iuotnntes</strong></span> <span class='ocrx_word' id='word_1_151' title='bbox 549 1971 660 2029; x_wconf 88' lang='lat' dir='ltr'><strong>ventos</strong></span> <span class='ocrx_word' id='word_1_152' title='bbox 688 1971 953 2047; x_wconf 81' lang='lat' dir='ltr'><strong>tempestatesque</strong></span> <span class='ocrx_word' id='word_1_153' title='bbox 988 1985 1076 2027; x_wconf 88' lang='lat' dir='ltr'><strong>sono·</strong></span> 
     </span>
     <span class='ocr_line' id='line_1_21' title="bbox 152 2047 1075 2125; baseline -0.003 -17"><span class='ocrx_word' id='word_1_154' title='bbox 152 2067 213 2125; x_wconf 85' lang='lat' dir='ltr'><strong>res,</strong></span> <span class='ocrx_word' id='word_1_155' title='bbox 235 2049 281 2108; x_wconf 89' lang='lat' dir='ltr'><strong>sui</strong></span> <span class='ocrx_word' id='word_1_156' title='bbox 304 2055 352 2109; x_wconf 87' lang='lat' dir='ltr'><strong>est</strong></span> <span class='ocrx_word' id='word_1_157' title='bbox 373 2050 499 2122; x_wconf 84' lang='lat' dir='ltr'><strong>uopsoie</strong></span> <span class='ocrx_word' id='word_1_158' title='bbox 520 2048 551 2110; x_wconf 76' lang='lat' dir='ltr'><strong>et</strong></span> <span class='ocrx_word' id='word_1_159' title='bbox 571 2049 772 2111; x_wconf 75' lang='lat' dir='ltr'><strong>certissimum</strong></span> <span class='ocrx_word' id='word_1_160' title='bbox 791 2047 918 2108; x_wconf 75' lang='lat' dir='ltr'><strong>tandem</strong></span> <span class='ocrx_word' id='word_1_161' title='bbox 941 2067 1075 2110; x_wconf 88' lang='lat' dir='ltr'><strong>serenum</strong></span> 
     </span>
     <span class='ocr_line' id='line_1_22' title="bbox 154 2137 326 2211; baseline 0.006 -20"><span class='ocrx_word' id='word_1_162' title='bbox 154 2137 326 2211; x_wconf 80' lang='lat' dir='ltr'><strong>exspectat.</strong></span> 
     </span>
    </p>
   </div>
   <div class='ocr_carea' id='block_1_10' title="bbox 151 2235 1080 2899">
    <p class='ocr_par' dir='ltr' id='par_1_10' title="bbox 151 2235 1080 2899">
     <span class='ocr_line' id='line_1_23' title="bbox 236 2235 1078 2314; baseline -0.005 -16"><span class='ocrx_word' id='word_1_163' title='bbox 236 2237 339 2312; x_wconf 78' lang='lat' dir='ltr'><strong>Quare</strong></span> <span class='ocrx_word' id='word_1_164' title='bbox 360 2236 456 2297; x_wconf 89' lang='lat' dir='ltr'><strong>nolite</strong></span> <span class='ocrx_word' id='word_1_165' title='bbox 496 2239 620 2312; x_wconf 79' lang='lat' dir='ltr'><strong>timere,</strong></span> <span class='ocrx_word' id='word_1_166' title='bbox 650 2236 730 2299; x_wconf 85' lang='lat' dir='ltr'><strong>Iudn</strong></span> <span class='ocrx_word' id='word_1_167' title='bbox 752 2243 782 2297; x_wconf 89' lang='lat' dir='ltr'><strong>et</strong></span> <span class='ocrx_word' id='word_1_168' title='bbox 803 2236 988 2314; x_wconf 83' lang='lat' dir='ltr'><strong>ierusalem,</strong></span> <span class='ocrx_word' id='word_1_169' title='bbox 1025 2235 1078 2295; x_wconf 88' lang='lat' dir='ltr'><strong>sed</strong></span> 
     </span>
     <span class='ocr_line' id='line_1_24' title="bbox 153 2320 1080 2398; baseline -0.003 -17"><span class='ocrx_word' id='word_1_170' title='bbox 153 2328 331 2382; x_wconf 77' lang='lat' dir='ltr'><strong>constantes</strong></span> <span class='ocrx_word' id='word_1_171' title='bbox 367 2327 477 2394; x_wconf 86' lang='lat' dir='ltr'><strong>estote,</strong></span> <span class='ocrx_word' id='word_1_172' title='bbox 500 2320 640 2380; x_wconf 85' lang='lat' dir='ltr'><strong>videbitis</strong></span> <span class='ocrx_word' id='word_1_173' title='bbox 669 2320 817 2380; x_wconf 83' lang='lat' dir='ltr'><strong>auxilium</strong></span> <span class='ocrx_word' id='word_1_174' title='bbox 839 2320 966 2380; x_wconf 88' lang='lat' dir='ltr'><strong>Domini</strong></span> <span class='ocrx_word' id='word_1_175' title='bbox 988 2338 1080 2398; x_wconf 91' lang='lat' dir='ltr'><strong>super</strong></span> 
     </span>
     <span class='ocr_line' id='line_1_25' title="bbox 153 2401 1076 2483; baseline 0 -21"><span class='ocrx_word' id='word_1_176' title='bbox 153 2423 219 2483; x_wconf 81' lang='lat' dir='ltr'><strong>vos,</strong></span> <span class='ocrx_word' id='word_1_177' title='bbox 242 2404 439 2483; x_wconf 83' lang='lat' dir='ltr'><strong>egrediamini</strong></span> <span class='ocrx_word' id='word_1_178' title='bbox 463 2403 579 2477; x_wconf 83' lang='lat' dir='ltr'><strong>solum,</strong></span> <span class='ocrx_word' id='word_1_179' title='bbox 603 2410 634 2464; x_wconf 90' lang='lat' dir='ltr'><strong>et</strong></span> <span class='ocrx_word' id='word_1_180' title='bbox 658 2403 805 2463; x_wconf 88' lang='lat' dir='ltr'><strong>Dominus</strong></span> <span class='ocrx_word' id='word_1_181' title='bbox 829 2405 885 2462; x_wconf 88' lang='lat' dir='ltr'><strong>erit</strong></span> <span class='ocrx_word' id='word_1_182' title='bbox 907 2401 1076 2463; x_wconf 78' lang='lat' dir='ltr'><strong>vobiscum.</strong></span> 
     </span>
     <span class='ocr_line' id='line_1_26' title="bbox 152 2485 1078 2567; baseline -0.004 -20"><span class='ocrx_word' id='word_1_183' title='bbox 152 2487 259 2567; x_wconf 86' lang='lat' dir='ltr'><strong>Neque</strong></span> <span class='ocrx_word' id='word_1_184' title='bbox 291 2490 371 2547; x_wconf 88' lang='lat' dir='ltr'><strong>enim</strong></span> <span class='ocrx_word' id='word_1_185' title='bbox 405 2506 518 2546; x_wconf 89' lang='lat' dir='ltr'><strong>novum</strong></span> <span class='ocrx_word' id='word_1_186' title='bbox 552 2493 604 2546; x_wconf 82' lang='lat' dir='ltr'><strong>out</strong></span> <span class='ocrx_word' id='word_1_187' title='bbox 641 2489 748 2546; x_wconf 88' lang='lat' dir='ltr'><strong>mirum</strong></span> <span class='ocrx_word' id='word_1_188' title='bbox 784 2492 846 2562; x_wconf 85' lang='lat' dir='ltr'><strong>est,</strong></span> <span class='ocrx_word' id='word_1_189' title='bbox 880 2486 904 2543; x_wconf 87' lang='lat' dir='ltr'><strong>si</strong></span> <span class='ocrx_word' id='word_1_190' title='bbox 933 2485 1078 2564; x_wconf 76' lang='lat' dir='ltr'><strong>Princeps</strong></span> 
     </span>
     <span class='ocr_line' id='line_1_27' title="bbox 154 2567 1077 2647; baseline -0.002 -17"><span class='ocrx_word' id='word_1_191' title='bbox 154 2569 257 2630; x_wconf 90' lang='lat' dir='ltr'><strong>mundi</strong></span> <span class='ocrx_word' id='word_1_192' title='bbox 277 2573 409 2646; x_wconf 83' lang='lat' dir='ltr'><strong>saeviet,</strong></span> <span class='ocrx_word' id='word_1_193' title='bbox 445 2569 495 2629; x_wconf 90' lang='lat' dir='ltr'><strong>ubi</strong></span> <span class='ocrx_word' id='word_1_194' title='bbox 522 2589 650 2647; x_wconf 84' lang='lat' dir='ltr'><strong>regnum</strong></span> <span class='ocrx_word' id='word_1_195' title='bbox 679 2589 767 2629; x_wconf 85' lang='lat' dir='ltr'><strong>suum</strong></span> <span class='ocrx_word' id='word_1_196' title='bbox 790 2570 881 2628; x_wconf 86' lang='lat' dir='ltr'><strong>sentit</strong></span> <span class='ocrx_word' id='word_1_197' title='bbox 903 2567 1077 2647; x_wconf 80' lang='lat' dir='ltr'><strong>periclitari.</strong></span> 
     </span>
     <span class='ocr_line' id='line_1_28' title="bbox 153 2650 1079 2730; baseline -0.004 -17"><span class='ocrx_word' id='word_1_198' title='bbox 153 2653 233 2728; x_wconf 74' lang='lat' dir='ltr'><strong>Quid</strong></span> <span class='ocrx_word' id='word_1_199' title='bbox 261 2654 343 2713; x_wconf 85' lang='lat' dir='ltr'><strong>uliud</strong></span> <span class='ocrx_word' id='word_1_200' title='bbox 380 2652 514 2714; x_wconf 79' lang='lat' dir='ltr'><strong>faceret?</strong></span> <span class='ocrx_word' id='word_1_201' title='bbox 557 2653 677 2715; x_wconf 85' lang='lat' dir='ltr'><strong>Atrium</strong></span> <span class='ocrx_word' id='word_1_202' title='bbox 710 2671 797 2711; x_wconf 87' lang='lat' dir='ltr'><strong>suum</strong></span> <span class='ocrx_word' id='word_1_203' title='bbox 819 2653 850 2710; x_wconf 90' lang='lat' dir='ltr'><strong>in</strong></span> <span class='ocrx_word' id='word_1_204' title='bbox 872 2670 952 2730; x_wconf 79' lang='lat' dir='ltr'><strong>paee</strong></span> <span class='ocrx_word' id='word_1_205' title='bbox 975 2650 1079 2710; x_wconf 85' lang='lat' dir='ltr'><strong>mullet</strong></span> 
     </span>
     <span class='ocr_line' id='line_1_29' title="bbox 151 2733 1078 2817; baseline -0.004 -20"><span class='ocrx_word' id='word_1_206' title='bbox 151 2737 320 2817; x_wconf 87' lang='lat' dir='ltr'><strong>possidere,</strong></span> <span class='ocrx_word' id='word_1_207' title='bbox 344 2735 374 2797; x_wconf 91' lang='lat' dir='ltr'><strong>id</strong></span> <span class='ocrx_word' id='word_1_208' title='bbox 405 2738 476 2815; x_wconf 88' lang='lat' dir='ltr'><strong>quie</strong></span> <span class='ocrx_word' id='word_1_209' title='bbox 498 2735 581 2796; x_wconf 89' lang='lat' dir='ltr'><strong>videt</strong></span> <span class='ocrx_word' id='word_1_210' title='bbox 602 2734 667 2795; x_wconf 85' lang='lat' dir='ltr'><strong>fieri</strong></span> <span class='ocrx_word' id='word_1_211' title='bbox 696 2755 757 2796; x_wconf 90' lang='lat' dir='ltr'><strong>non</strong></span> <span class='ocrx_word' id='word_1_212' title='bbox 780 2753 892 2814; x_wconf 81' lang='lat' dir='ltr'><strong>posse,</strong></span> <span class='ocrx_word' id='word_1_213' title='bbox 929 2741 1013 2794; x_wconf 88' lang='lat' dir='ltr'><strong>uerte</strong></span> <span class='ocrx_word' id='word_1_214' title='bbox 1048 2733 1078 2793; x_wconf 94' lang='lat' dir='ltr'><strong>id</strong></span> 
     </span>
     <span class='ocr_line' id='line_1_30' title="bbox 153 2817 1078 2899; baseline -0.002 -20"><span class='ocrx_word' id='word_1_215' title='bbox 153 2818 234 2899; x_wconf 91' lang='lat' dir='ltr'><strong>quod</strong></span> <span class='ocrx_word' id='word_1_216' title='bbox 257 2827 427 2881; x_wconf 88' lang='lat' dir='ltr'><strong>extremum</strong></span> <span class='ocrx_word' id='word_1_217' title='bbox 451 2817 544 2878; x_wconf 83' lang='lat' dir='ltr'><strong>hebet</strong></span> <span class='ocrx_word' id='word_1_218' title='bbox 566 2825 673 2893; x_wconf 83' lang='lat' dir='ltr'><strong>tentat,</strong></span> <span class='ocrx_word' id='word_1_219' title='bbox 695 2817 956 2877; x_wconf 77' lang='lat' dir='ltr'><strong>seilicetfurorem</strong></span> <span class='ocrx_word' id='word_1_220' title='bbox 980 2825 1013 2878; x_wconf 85' lang='lat' dir='ltr'><strong>et</strong></span> <span class='ocrx_word' id='word_1_221' title='bbox 1027 2819 1078 2877; x_wconf 88' lang='lat' dir='ltr'><strong>im·</strong></span> 
     </span>
    </p>
   </div>
   <div class='ocr_carea' id='block_1_11' title="bbox 151 2902 1172 2984">
    <p class='ocr_par' dir='ltr' id='par_1_11' title="bbox 151 2902 1172 2984">
     <span class='ocr_line' id='line_1_31' title="bbox 151 2902 1172 2984; baseline -0.006 -20"><span class='ocrx_word' id='word_1_222' title='bbox 151 2911 266 2984; x_wconf 88' lang='lat' dir='ltr'><strong>petum,</strong></span> <span class='ocrx_word' id='word_1_223' title='bbox 289 2912 432 2980; x_wconf 82' lang='lat' dir='ltr'><strong>tanquam</strong></span> <span class='ocrx_word' id='word_1_224' title='bbox 454 2902 505 2962; x_wconf 92' lang='lat' dir='ltr'><strong>leo</strong></span> <span class='ocrx_word' id='word_1_225' title='bbox 528 2903 609 2980; x_wconf 84' lang='lat' dir='ltr'><strong>rugit</strong></span> <span class='ocrx_word' id='word_1_226' title='bbox 629 2909 660 2961; x_wconf 89' lang='lat' dir='ltr'><strong>et</strong></span> <span class='ocrx_word' id='word_1_227' title='bbox 672 2902 809 2961; x_wconf 84' lang='lat' dir='ltr'><strong>eireumit</strong></span> <span class='ocrx_word' id='word_1_228' title='bbox 824 2918 976 2978; x_wconf 84' lang='lat' dir='ltr'><strong>quaerens</strong></span> <span class='ocrx_word' id='word_1_229' title='bbox 989 2920 1076 2980; x_wconf 90' lang='lat' dir='ltr'><strong>quem</strong></span> <span class='ocrx_word' id='word_1_230' title='bbox 1169 2952 1172 2971; x_wconf 88' lang='grc'>,</span> 
     </span>
    </p>
   </div>
   <div class='ocr_carea' id='block_1_12' title="bbox 152 2974 1172 3476">
    <p class='ocr_par' dir='ltr' id='par_1_12' title="bbox 152 2974 1172 3476">
     <span class='ocr_line' id='line_1_32' title="bbox 152 2974 1172 3065; baseline -0.005 -19"><span class='ocrx_word' id='word_1_231' title='bbox 152 2987 288 3048; x_wconf 86' lang='lat' dir='ltr'><strong>devoret.</strong></span> <span class='ocrx_word' id='word_1_232' title='bbox 331 2985 429 3060; x_wconf 74' lang='lat' dir='ltr'><strong>Quem</strong></span> <span class='ocrx_word' id='word_1_233' title='bbox 453 2993 616 3065; x_wconf 84' lang='lat' dir='ltr'><strong>postquem</strong></span> <span class='ocrx_word' id='word_1_234' title='bbox 630 2984 721 3044; x_wconf 82' lang='lat' dir='ltr'><strong>telem</strong></span> <span class='ocrx_word' id='word_1_235' title='bbox 734 2984 971 3064; x_wconf 81' lang='lat' dir='ltr'><strong>cognoverimus</strong></span> <span class='ocrx_word' id='word_1_236' title='bbox 995 3003 1076 3065; x_wconf 81' lang='lat' dir='ltr'><strong>pree·</strong></span> <span class='ocrx_word' id='word_1_237' title='bbox 1169 2974 1172 3011; x_wconf 70' lang='lat'><strong>²</strong></span> 
     </span>
     <span class='ocr_line' id='line_1_33' title="bbox 152 3060 1172 3149; baseline -0.005 -20"><span class='ocrx_word' id='word_1_238' title='bbox 152 3078 298 3131; x_wconf 88' lang='lat' dir='ltr'><strong>monente</strong></span> <span class='ocrx_word' id='word_1_239' title='bbox 320 3067 406 3149; x_wconf 89' lang='lat' dir='ltr'><strong>Deo,</strong></span> <span class='ocrx_word' id='word_1_240' title='bbox 441 3067 598 3147; x_wconf 85' lang='lat' dir='ltr'><strong>quidest,</strong></span> <span class='ocrx_word' id='word_1_241' title='bbox 634 3067 715 3146; x_wconf 91' lang='lat' dir='ltr'><strong>quod</strong></span> <span class='ocrx_word' id='word_1_242' title='bbox 739 3067 830 3126; x_wconf 85' lang='lat' dir='ltr'><strong>ulium</strong></span> <span class='ocrx_word' id='word_1_243' title='bbox 853 3066 920 3126; x_wconf 80' lang='lat' dir='ltr'><strong>fore</strong></span> <span class='ocrx_word' id='word_1_244' title='bbox 943 3086 1075 3147; x_wconf 82' lang='lat' dir='ltr'><strong>uuquam</strong></span> <span class='ocrx_word' id='word_1_245' title='bbox 1169 3060 1172 3073; x_wconf 92' lang='lat'>&#39;</span> 
     </span>
     <span class='ocr_line' id='line_1_34' title="bbox 152 3147 1074 3233; baseline -0.009 -21"><span class='ocrx_word' id='word_1_246' title='bbox 152 3161 380 3233; x_wconf 79' lang='lat' dir='ltr'><strong>exspectamus,</strong></span> <span class='ocrx_word' id='word_1_247' title='bbox 401 3170 439 3212; x_wconf 84' lang='lat' dir='ltr'><strong>oe</strong></span> <span class='ocrx_word' id='word_1_248' title='bbox 460 3169 522 3210; x_wconf 93' lang='lat' dir='ltr'><strong>nou</strong></span> <span class='ocrx_word' id='word_1_249' title='bbox 540 3152 642 3229; x_wconf 90' lang='lat' dir='ltr'><strong>potius</strong></span> <span class='ocrx_word' id='word_1_250' title='bbox 654 3150 748 3210; x_wconf 89' lang='lat' dir='ltr'><strong>fortes</strong></span> <span class='ocrx_word' id='word_1_251' title='bbox 769 3150 799 3211; x_wconf 91' lang='lat' dir='ltr'><strong>in</strong></span> <span class='ocrx_word' id='word_1_252' title='bbox 815 3147 876 3208; x_wconf 85' lang='lat' dir='ltr'><strong>fide</strong></span> <span class='ocrx_word' id='word_1_253' title='bbox 886 3147 1074 3210; x_wconf 84' lang='lat' dir='ltr'><strong>resistimus?</strong></span> 
     </span>
     <span class='ocr_line' id='line_1_35' title="bbox 153 3230 1074 3315; baseline -0.008 -19"><span class='ocrx_word' id='word_1_254' title='bbox 153 3234 238 3296; x_wconf 79' lang='lat' dir='ltr'><strong>State</strong></span> <span class='ocrx_word' id='word_1_255' title='bbox 260 3255 334 3313; x_wconf 85' lang='lat' dir='ltr'><strong>ergo</strong></span> <span class='ocrx_word' id='word_1_256' title='bbox 357 3254 395 3294; x_wconf 81' lang='lat' dir='ltr'><strong>oo</strong></span> <span class='ocrx_word' id='word_1_257' title='bbox 416 3235 550 3315; x_wconf 83' lang='lat' dir='ltr'><strong>pergite,</strong></span> <span class='ocrx_word' id='word_1_258' title='bbox 573 3234 680 3312; x_wconf 88' lang='lat' dir='ltr'><strong>optimi</strong></span> <span class='ocrx_word' id='word_1_259' title='bbox 703 3234 774 3311; x_wconf 81' lang='lat' dir='ltr'><strong>viri,</strong></span> <span class='ocrx_word' id='word_1_260' title='bbox 797 3230 890 3292; x_wconf 88' lang='lat' dir='ltr'><strong>verbo</strong></span> <span class='ocrx_word' id='word_1_261' title='bbox 914 3232 993 3310; x_wconf 87' lang='lat' dir='ltr'><strong>Dei,</strong></span> <span class='ocrx_word' id='word_1_262' title='bbox 1017 3231 1074 3314; x_wconf 81' lang='lat' dir='ltr'><strong>gia·</strong></span> 
     </span>
     <span class='ocr_line' id='line_1_36' title="bbox 152 3317 1079 3398; baseline -0.003 -22"><span class='ocrx_word' id='word_1_263' title='bbox 152 3318 202 3379; x_wconf 90' lang='lat' dir='ltr'><strong>dio</strong></span> <span class='ocrx_word' id='word_1_264' title='bbox 226 3318 355 3398; x_wconf 80' lang='lat' dir='ltr'><strong>Spiritus</strong></span> <span class='ocrx_word' id='word_1_265' title='bbox 389 3319 504 3377; x_wconf 85' lang='lat' dir='ltr'><strong>invicto</strong></span> <span class='ocrx_word' id='word_1_266' title='bbox 538 3323 569 3374; x_wconf 91' lang='lat' dir='ltr'><strong>et</strong></span> <span class='ocrx_word' id='word_1_267' title='bbox 598 3317 812 3395; x_wconf 85' lang='lat' dir='ltr'><strong>omnipotenti,</strong></span> <span class='ocrx_word' id='word_1_268' title='bbox 841 3317 959 3377; x_wconf 88' lang='lat' dir='ltr'><strong>muniti.</strong></span> <span class='ocrx_word' id='word_1_269' title='bbox 1020 3319 1079 3376; x_wconf 84' lang='lat' dir='ltr'><strong>Aut</strong></span> 
     </span>
     <span class='ocr_line' id='line_1_37' title="bbox 152 3398 1078 3476; baseline -0.003 -16"><span class='ocrx_word' id='word_1_270' title='bbox 152 3402 232 3461; x_wconf 87' lang='lat' dir='ltr'><strong>enim</strong></span> <span class='ocrx_word' id='word_1_271' title='bbox 256 3401 326 3462; x_wconf 85' lang='lat' dir='ltr'><strong>forti</strong></span> <span class='ocrx_word' id='word_1_272' title='bbox 348 3399 410 3460; x_wconf 87' lang='lat' dir='ltr'><strong>fide</strong></span> <span class='ocrx_word' id='word_1_273' title='bbox 432 3403 491 3460; x_wconf 87' lang='lat' dir='ltr'><strong>iste</strong></span> <span class='ocrx_word' id='word_1_274' title='bbox 513 3399 661 3459; x_wconf 77' lang='lat' dir='ltr'><strong>tentando</strong></span> <span class='ocrx_word' id='word_1_275' title='bbox 683 3399 731 3459; x_wconf 83' lang='lat' dir='ltr'><strong>vie</strong></span> <span class='ocrx_word' id='word_1_276' title='bbox 753 3406 816 3476; x_wconf 88' lang='lat' dir='ltr'><strong>est,</strong></span> <span class='ocrx_word' id='word_1_277' title='bbox 848 3398 896 3457; x_wconf 88' lang='lat' dir='ltr'><strong>vel</strong></span> <span class='ocrx_word' id='word_1_278' title='bbox 924 3400 956 3458; x_wconf 92' lang='lat' dir='ltr'><strong>in</strong></span> <span class='ocrx_word' id='word_1_279' title='bbox 981 3405 1078 3459; x_wconf 84' lang='lat' dir='ltr'><strong>totum</strong></span> 
     </span>
    </p>
   </div>
   <div class='ocr_carea' id='block_1_13' title="bbox 153 3643 1073 3786">
    <p class='ocr_par' dir='ltr' id='par_1_13' title="bbox 153 3643 1073 3786">
     <span class='ocr_line' id='line_1_38' title="bbox 224 3643 1073 3711; baseline 0.002 -16"><span class='ocrx_word' id='word_1_280' title='bbox 224 3644 254 3711; x_wconf 87' lang='lat' dir='ltr'><strong>t)</strong></span> <span class='ocrx_word' id='word_1_281' title='bbox 277 3643 307 3697; x_wconf 95' lang='lat' dir='ltr'><strong>In</strong></span> <span class='ocrx_word' id='word_1_282' title='bbox 326 3644 369 3698; x_wconf 88' lang='lat' dir='ltr'><strong>ed.</strong></span> <span class='ocrx_word' id='word_1_283' title='bbox 389 3645 458 3699; x_wconf 82' lang='lat' dir='ltr'><strong>Ion:</strong></span> <span class='ocrx_word' id='word_1_284' title='bbox 494 3643 574 3698; x_wconf 87' lang='lat' dir='ltr'><strong>vobis</strong></span> <span class='ocrx_word' id='word_1_285' title='bbox 602 3643 749 3697; x_wconf 82' lang='lat' dir='ltr'><strong>affuturum</strong></span> <span class='ocrx_word' id='word_1_286' title='bbox 777 3657 847 3698; x_wconf 87' lang='lat' dir='ltr'><strong>esse.</strong></span> <span class='ocrx_word' id='word_1_287' title='bbox 901 3644 934 3711; x_wconf 81' lang='lat'><strong>2)</strong></span> <span class='ocrx_word' id='word_1_288' title='bbox 956 3643 1073 3701; x_wconf 89' lang='lat' dir='ltr'><strong>Ibidem:</strong></span> 
     </span>
     <span class='ocr_line' id='line_1_39' title="bbox 153 3712 812 3786; baseline 0 -15"><span class='ocrx_word' id='word_1_289' title='bbox 153 3715 202 3771; x_wconf 85' lang='lat' dir='ltr'><strong>ssd</strong></span> <span class='ocrx_word' id='word_1_290' title='bbox 230 3722 411 3786; x_wconf 86' lang='lat' dir='ltr'><strong>persequetur</strong></span> <span class='ocrx_word' id='word_1_291' title='bbox 429 3721 549 3773; x_wconf 87' lang='lat' dir='ltr'><strong>extreme</strong></span> <span class='ocrx_word' id='word_1_292' title='bbox 567 3721 597 3771; x_wconf 86' lang='lat' dir='ltr'><strong>et</strong></span> <span class='ocrx_word' id='word_1_293' title='bbox 616 3712 812 3773; x_wconf 69' lang='lat' dir='ltr'><strong>extenuabitur.</strong></span> 
     </span>
    </p>
   </div>
   <div class='ocr_carea' id='block_1_14' title="bbox 0 0 1200 4170">
    <p class='ocr_par' dir='ltr' id='par_1_14' title="bbox 0 0 1200 4170">
     <span class='ocr_line' id='line_1_40' title="bbox 0 0 1200 4170; baseline 0 1"><span class='ocrx_word' id='word_1_294' title='bbox 0 0 1200 4170; x_wconf 95' lang='lat' dir='ltr'><strong> </strong></span> 
     </span>
    </p>
   </div>
  </div>
 </body>
</html>
