2392 4170
143 267 209 338 ἳα)
336 272 463 328 Assertio
480 289 557 328 omn.
575 276 653 328 artis.
672 271 707 330 1).
725 268 809 331 m.
826 290 877 346 par

144 427 203 505 Qui
226 429 306 489 eninr
328 426 557 505 mandueat“)
581 447 704 490 oarnsm
727 449 839 508 msam,
861 437 891 491 at
909 429 1068 492 bibianu-

144 513 267 594 guinsm
290 530 404 591 meum,
426 513 536 573 vivet·
527 533 559 574 in
583 519 750 577 aeternum
793 513 897 576 Vsrba
918 522 950 574 st
971 530 1070 596 opsrs

146 596 257 660 Christi
280 595 423 657 omnibns
444 603 517 657 sunt
536 597 683 659 salutaria
704 597 744 657 ad
766 599 871 676 vitam,
892 598 1070 679 qniounquo

144 679 1069 844 ftrspfzthtf133⁰inffdtrit'zizfssittssdtfi

145 847 205 907 nisi
226 848 311 908 aolus
333 848 409 927 ipsa.
452 845 662 926 Indulgentiae
691 852 793 907 autem
823 853 893 907 sunt
915 847 1069 908 remissio

145 949 201 990 nas
223 929 456 1006 satisfactionis
484 948 563 1009 quae
585 929 658 990 nihil
681 930 795 991 faoiunt
820 930 860 992 ad
881 928 1071 991 iustifisatio·

146 1032 226 1088 nem,
247 1012 349 1073 idso'
340 1014 468 1092 insignis
490 1023 537 1073 sat
558 1012 757 1093 blasphemia
781 1016 889 1074 merita
905 1013 1069 1074 corisum
1107 1028 1110 1033 ·

145 1096 206 1157 hoo
235 1093 391 1157 sordidum
424 1114 503 1177 opus
535 1097 642 1157 mortis
673 1115 798 1176 ponere.
836 1096 961 1157 Praeter
992 1097 1072 1157 huso

145 1178 235 1239 nullis
250 1177 412 1259 Scripturia
433 1199 490 1239 sua
510 1179 652 1260 probant,
675 1180 729 1239 ssd
752 1181 922 1260 solaiurpia
943 1175 1070 1241 inaux-

145 1268 326 1343 travagauto
347 1263 484 1323 clemen.
506 1263 556 1323 Vt.
587 1283 626 1322 ax
649 1263 844 1342 opinionibus
865 1263 1035 1324 Thomas
1024 1282 1070 1324 rn-

146 1345 323 1406 snisissimis
345 1354 376 1407 st
397 1348 489 1406 maris
510 1345 665 1427 figmentis
687 1354 848 1427 oouospta.

229 1428 278 1490 Ad
300 1429 379 1490 baso
400 1429 631 1490 maritachristi
653 1430 910 1490 suntneoessaria
932 1436 963 1488 et
984 1447 1072 1509 pras

145 1519 236 1593 capta
258 1512 374 1590 haberi,
395 1515 474 1573 siout
495 1522 526 1572 st
546 1512 638 1590 fidas3
661 1514 706 1572 sio
728 1513 747 1573 1.
774 1512 911 1584 Corinth.
936 1516 963 1573 1.
987 1510 1072 1585 ιιὶιιὶι,
1094 1517 1116 1535 ·

146 1595 235 1656 nobis
257 1595 408 1657 Christum
432 1614 501 1657 osse
514 1596 570 1658 Dei
593 1598 733 1656 virtutem
755 1605 786 1655 ot
797 1596 852 1656 Dei
877 1592 1072 1675 sapientiam,

147 1685 178 1738 et
199 1678 308 1742 Roma.
332 1683 379 1744 5.:
406 1679 471 1740 Nos
493 1681 524 1739 in
547 1680 616 1740 soto
644 1681 794 1759 sanguina
817 1680 882 1740 aius
904 1677 1073 1756 iustificari,

146 1768 178 1821 st
199 1761 308 1824 Roma.
331 1764 365 1826 3:
399 1762 501 1842 Ipsum
535 1764 668 1842 positum
699 1763 730 1821 in
762 1763 1011 1842 propitiatorium
1040 1763 1071 1821 iu

146 1846 297 1926 sanguina
323 1865 391 1907 suo.
444 1844 505 1907 sed
537 1845 745 1925 indulgentias
781 1865 840 1905 noo
868 1845 1073 1924 necessarias,

146 1937 419 2072 ιιιιΙῗῚρΐιιιιιιιιῖιιιιί1
431 1935 520 2070 sunt,t
543 1929 621 1987 siout
644 1947 700 1988 nso
721 1927 812 1988 fidem
836 1929 967 2007 habent,
999 1927 1072 1989 ideo

146 2031 164 2071 ιι
198 2031 208 2071 ι
302 2030 341 2071 nn
378 2031 397 2071 a
441 2029 570 2071 sanem
615 2030 727 2072 rorans.
858 2064 864 2070 .

167 2030 175 2072 1
229 2031 320 2169 ρῗιῗιι
344 2111 418 2154 vero
441 2093 563 2171 dieunt,
587 2031 704 2154 dierita‘
716 2093 827 2155 Christi
851 2094 950 2175 aooipi
972 2093 1073 2176 dupli·

148 2179 234 2253 citer,
257 2195 319 2237 uno
344 2176 437 2237 modo
459 2196 514 2256 per
535 2176 659 2237 modum
683 2177 909 2252 satisfactionis,
932 2176 994 2237 alio
1017 2196 1073 2258 per

148 2258 273 2320 modum
295 2258 528 2335 iustificationis
550 2278 598 2319 res
623 2259 740 2320 ondeo:
763 2259 841 2335 Quid
865 2259 937 2318 mihi
960 2266 990 2319 et
1005 2260 1072 2320 istis

146 2341 321 2422 figmentis?
353 2345 418 2402 aoio
455 2344 561 2403 merita
590 2280 700 2403 ghi-isti
730 2345 820 2403 stiam
851 2343 949 2422 aooipi
979 2342 1073 2403 hodia

147 2445 203 2505 por
230 2424 354 2487 modum
386 2428 545 2506 peouniaa
585 2426 652 2485 Et'
646 2446 675 2485 in
704 2444 765 2504 quo
795 2425 944 2503 saelorum
973 2425 1071 2487 abusu

147 2526 208 2568 non
232 2516 453 2587 praetexuntur
468 2509 561 2569 hodie
584 2511 691 2569 merita
703 2496 836 2569 Christi?
858 2508 925 2568 Hao
936 2507 1072 2590 fingendi

146 2590 271 2652 libidine
293 2591 412 2671 quidvis
435 2612 453 2653 e
476 2594 584 2671 quovis
605 2592 707 2652 faeere
724 2592 836 2667 iioebit
860 2591 951 2651 etiam
971 2591 1071 2653 Deum

146 2692 185 2734 ex
207 2674 276 2754 ipso
298 2681 421 2754 satana,
448 2675 531 2756 quod
555 2681 584 2736 st
606 2675 722 2736 faoiuut
743 2637 836 2755 utqud
857 2674 1024 2735 feserunt
1014 2694 1071 2735 rur·

147 2758 187 2836 pii
209 2759 259 2818 isti
279 2759 506 2840 indulgentiarii
530 2759 713 2819 adulatores.

413 2924 597 2986 Docimus
626 2933 805 2985 ootavus:

207 3051 417 3132 indulgentiae
439 3061 509 3111 sunt
531 3053 600 3133 pias
623 3051 744 3112 fraudes
767 3050 901 3111 fidelium
916 3059 947 3113 et
967 3051 1072 3112 remis·

209 3136 312 3196 aiones
338 3135 488 3195 bonorum
512 3155 649 3215 operum,
673 3144 703 3193 et
725 3141 796 3194 sunt·
810 3134 848 3194 ds
868 3153 997 3195 numero
1020 3153 1071 3196 so·

208 3237 284 3294 rum,
308 3218 500 3298 quaeliosnt,
523 3225 552 3278 ot
575 3217 688 3279 nonde
711 3236 969 3295 numerosorum,
991 3235 1071 3296 quae

208 3300 385 3381 expediunt.

228 3417 344 3495 Ειιιιιί,
366 3419 481 3495 fateor,
515 3417 565 3478 ubi
589 3419 653 3479 dixi
675 3417 879 3498 induigentias
902 3436 971 3478 essa
1000 3419 1068 3498 pias

145 3500 267 3561 fraudas
296 3501 446 3580 fidelium,
474 3503 520 3561 sio
542 3502 622 3561 enim
646 3523 662 3561 a
687 3501 787 3561 multia
816 3499 979 3582 proverbio
1009 3499 1069 3562 dioi

144 3583 310 3664 audieram,
331 3604 411 3666 quos
432 3592 504 3646 tuno
516 3584 664 3646 imitabar.
709 3584 834 3646 Revooo
848 3603 922 3665 orgo
946 3591 975 3645 st
988 3582 1070 3664 diso,

28 3772 128 3924 ἱ
145 3706 342 3831 'dian
360 3765 386 3823 a.
