<?xml version="1.0" encoding="UTF-8"?>
<!DOCTYPE html PUBLIC "-//W3C//DTD XHTML 1.0 Transitional//EN"
    "http://www.w3.org/TR/xhtml1/DTD/xhtml1-transitional.dtd">
<html xmlns="http://www.w3.org/1999/xhtml" xml:lang="en" lang="en">
 <head>
  <title>
</title>
<meta http-equiv="Content-Type" content="text/html;charset=utf-8" />
  <meta name='ocr-system' content='tesseract 3.04.00' />
  <meta name='ocr-capabilities' content='ocr_page ocr_carea ocr_par ocr_line ocrx_word'/>
</head>
<body>
  <div class='ocr_page' id='page_1' title='image "./dmartinilutheri03luthgoog_0049.png"; bbox 0 0 2392 4170; ppageno 0'>
   <div class='ocr_carea' id='block_1_1' title="bbox 134 238 805 308">
    <p class='ocr_par' dir='ltr' id='par_1_1' title="bbox 134 238 805 308">
     <span class='ocr_line' id='line_1_1' title="bbox 134 238 805 308; baseline 0.006 -17"><span class='ocrx_word' id='word_1_1' title='bbox 134 241 175 307; x_wconf 80' lang='grc'><strong>38</strong></span> <span class='ocrx_word' id='word_1_2' title='bbox 391 240 433 294; x_wconf 89' lang='lat' dir='ltr'><strong>Da</strong></span> <span class='ocrx_word' id='word_1_3' title='bbox 452 239 530 308; x_wconf 84' lang='lat' dir='ltr'><strong>Oapt.</strong></span> <span class='ocrx_word' id='word_1_4' title='bbox 551 239 648 308; x_wconf 85' lang='lat' dir='ltr'><strong>Babyl.</strong></span> <span class='ocrx_word' id='word_1_5' title='bbox 665 238 805 295; x_wconf 73' lang='lat' dir='ltr'><strong>Ecclesiae</strong></span> 
     </span>
    </p>
   </div>
   <div class='ocr_carea' id='block_1_2' title="bbox 82 393 1064 3628">
    <p class='ocr_par' dir='ltr' id='par_1_2' title="bbox 133 393 1063 1060">
     <span class='ocr_line' id='line_1_2' title="bbox 134 393 1061 476; baseline -0.005 -18"><span class='ocrx_word' id='word_1_6' title='bbox 134 397 296 476; x_wconf 80' lang='lat' dir='ltr'><strong>Scripturis</strong></span> <span class='ocrx_word' id='word_1_7' title='bbox 318 394 428 468; x_wconf 74' lang='lat' dir='ltr'><strong>verba,</strong></span> <span class='ocrx_word' id='word_1_8' title='bbox 457 396 591 474; x_wconf 78' lang='lat' dir='ltr'><strong>pactum,</strong></span> <span class='ocrx_word' id='word_1_9' title='bbox 615 394 737 475; x_wconf 86' lang='lat' dir='ltr'><strong>foedus,</strong></span> <span class='ocrx_word' id='word_1_10' title='bbox 760 399 975 454; x_wconf 87' lang='lat' dir='ltr'><strong>testamentum</strong></span> <span class='ocrx_word' id='word_1_11' title='bbox 999 393 1061 453; x_wconf 91' lang='lat' dir='ltr'><strong>Do·</strong></span> 
     </span>
     <span class='ocr_line' id='line_1_3' title="bbox 134 476 1059 559; baseline -0.006 -19"><span class='ocrx_word' id='word_1_12' title='bbox 134 481 224 559; x_wconf 82' lang='lat' dir='ltr'><strong>mini,</strong></span> <span class='ocrx_word' id='word_1_13' title='bbox 259 477 369 558; x_wconf 91' lang='lat' dir='ltr'><strong>quibus</strong></span> <span class='ocrx_word' id='word_1_14' title='bbox 402 476 631 556; x_wconf 78' lang='lat' dir='ltr'><strong>significabatur</strong></span> <span class='ocrx_word' id='word_1_15' title='bbox 664 478 745 539; x_wconf 88' lang='lat' dir='ltr'><strong>Deus</strong></span> <span class='ocrx_word' id='word_1_16' title='bbox 781 477 853 538; x_wconf 89' lang='lat' dir='ltr'><strong>olim</strong></span> <span class='ocrx_word' id='word_1_17' title='bbox 887 478 1059 537; x_wconf 89' lang='lat' dir='ltr'><strong>moriturus.</strong></span> 
     </span>
     <span class='ocr_line' id='line_1_4' title="bbox 134 559 1063 641; baseline -0.006 -17"><span class='ocrx_word' id='word_1_18' title='bbox 134 565 213 624; x_wconf 83' lang='lat' dir='ltr'><strong>Nam</strong></span> <span class='ocrx_word' id='word_1_19' title='bbox 236 561 287 622; x_wconf 92' lang='lat' dir='ltr'><strong>ubi</strong></span> <span class='ocrx_word' id='word_1_20' title='bbox 303 567 517 621; x_wconf 79' lang='lat' dir='ltr'><strong>testamentum</strong></span> <span class='ocrx_word' id='word_1_21' title='bbox 542 569 598 638; x_wconf 85' lang='lat' dir='ltr'><strong>est,</strong></span> <span class='ocrx_word' id='word_1_22' title='bbox 620 581 702 622; x_wconf 90' lang='lat' dir='ltr'><strong>mors</strong></span> <span class='ocrx_word' id='word_1_23' title='bbox 717 562 870 620; x_wconf 86' lang='lat' dir='ltr'><strong>testatoris</strong></span> <span class='ocrx_word' id='word_1_24' title='bbox 891 559 1063 641; x_wconf 80' lang='lat' dir='ltr'><strong>intercedat</strong></span> 
     </span>
     <span class='ocr_line' id='line_1_5' title="bbox 134 644 1060 721; baseline -0.005 -15"><span class='ocrx_word' id='word_1_25' title='bbox 134 665 262 708; x_wconf 86' lang='lat' dir='ltr'><strong>neccsse</strong></span> <span class='ocrx_word' id='word_1_26' title='bbox 291 652 354 721; x_wconf 75' lang='lat' dir='ltr'><strong>est,</strong></span> <span class='ocrx_word' id='word_1_27' title='bbox 382 644 492 705; x_wconf 81' lang='lat' dir='ltr'><strong>Ebrae.</strong></span> <span class='ocrx_word' id='word_1_28' title='bbox 516 647 543 708; x_wconf 84' lang='lat'><strong>9.</strong></span> <span class='ocrx_word' id='word_1_29' title='bbox 593 645 674 704; x_wconf 89' lang='lat' dir='ltr'><strong>Deus</strong></span> <span class='ocrx_word' id='word_1_30' title='bbox 706 652 808 709; x_wconf 89' lang='lat' dir='ltr'><strong>autem</strong></span> <span class='ocrx_word' id='word_1_31' title='bbox 842 649 970 704; x_wconf 88' lang='lat' dir='ltr'><strong>testatus</strong></span> <span class='ocrx_word' id='word_1_32' title='bbox 1002 652 1060 720; x_wconf 85' lang='lat' dir='ltr'><strong>est,</strong></span> 
     </span>
     <span class='ocr_line' id='line_1_6' title="bbox 133 727 1061 805; baseline -0.005 -15"><span class='ocrx_word' id='word_1_33' title='bbox 133 729 202 790; x_wconf 87' lang='lat' dir='ltr'><strong>ideo</strong></span> <span class='ocrx_word' id='word_1_34' title='bbox 226 747 353 789; x_wconf 89' lang='lat' dir='ltr'><strong>neeesse</strong></span> <span class='ocrx_word' id='word_1_35' title='bbox 374 727 430 787; x_wconf 83' lang='lat' dir='ltr'><strong>fuit</strong></span> <span class='ocrx_word' id='word_1_36' title='bbox 451 747 520 788; x_wconf 91' lang='lat' dir='ltr'><strong>eum</strong></span> <span class='ocrx_word' id='word_1_37' title='bbox 544 729 630 802; x_wconf 79' lang='lat' dir='ltr'><strong>mori,</strong></span> <span class='ocrx_word' id='word_1_38' title='bbox 655 731 729 788; x_wconf 88' lang='lat' dir='ltr'><strong>mori</strong></span> <span class='ocrx_word' id='word_1_39' title='bbox 753 734 855 788; x_wconf 89' lang='lat' dir='ltr'><strong>autem</strong></span> <span class='ocrx_word' id='word_1_40' title='bbox 869 746 930 787; x_wconf 90' lang='lat' dir='ltr'><strong>non</strong></span> <span class='ocrx_word' id='word_1_41' title='bbox 949 727 1061 805; x_wconf 79' lang='lat' dir='ltr'><strong>potuit,</strong></span> 
     </span>
     <span class='ocr_line' id='line_1_7' title="bbox 133 809 1061 886; baseline -0.003 -13"><span class='ocrx_word' id='word_1_42' title='bbox 133 813 192 873; x_wconf 90' lang='lat' dir='ltr'><strong>nisi</strong></span> <span class='ocrx_word' id='word_1_43' title='bbox 213 818 295 872; x_wconf 89' lang='lat' dir='ltr'><strong>essct</strong></span> <span class='ocrx_word' id='word_1_44' title='bbox 315 811 426 886; x_wconf 78' lang='lat' dir='ltr'><strong>homo,</strong></span> <span class='ocrx_word' id='word_1_45' title='bbox 455 813 497 871; x_wconf 86' lang='lat' dir='ltr'><strong>ita</strong></span> <span class='ocrx_word' id='word_1_46' title='bbox 519 812 554 877; x_wconf 69' lang='lat' dir='ltr'><strong>zin</strong></span> <span class='ocrx_word' id='word_1_47' title='bbox 579 812 687 871; x_wconf 91' lang='lat' dir='ltr'><strong>eodem</strong></span> <span class='ocrx_word' id='word_1_48' title='bbox 711 811 884 871; x_wconf 77' lang='lat' dir='ltr'><strong>testamenti</strong></span> <span class='ocrx_word' id='word_1_49' title='bbox 906 809 1061 871; x_wconf 84' lang='lat' dir='ltr'><strong>vocabulo</strong></span> 
     </span>
     <span class='ocr_line' id='line_1_8' title="bbox 134 893 1061 975; baseline -0.003 -19"><span class='ocrx_word' id='word_1_50' title='bbox 134 894 440 975; x_wconf 77' lang='lat' dir='ltr'><strong>compendiosissime</strong></span> <span class='ocrx_word' id='word_1_51' title='bbox 463 903 492 954; x_wconf 89' lang='lat' dir='ltr'><strong>ct</strong></span> <span class='ocrx_word' id='word_1_52' title='bbox 512 895 684 955; x_wconf 80' lang='lat' dir='ltr'><strong>incarnatio</strong></span> <span class='ocrx_word' id='word_1_53' title='bbox 707 901 738 954; x_wconf 91' lang='lat' dir='ltr'><strong>et</strong></span> <span class='ocrx_word' id='word_1_54' title='bbox 750 913 832 955; x_wconf 88' lang='lat' dir='ltr'><strong>mors</strong></span> <span class='ocrx_word' id='word_1_55' title='bbox 845 893 956 954; x_wconf 81' lang='lat' dir='ltr'><strong>Christi</strong></span> <span class='ocrx_word' id='word_1_56' title='bbox 978 911 1061 953; x_wconf 90' lang='lat' dir='ltr'><strong>com·</strong></span> 
     </span>
     <span class='ocr_line' id='line_1_9' title="bbox 134 978 363 1060; baseline 0 -21"><span class='ocrx_word' id='word_1_57' title='bbox 134 978 285 1060; x_wconf 86' lang='lat' dir='ltr'><strong>prchsnsc</strong></span> <span class='ocrx_word' id='word_1_58' title='bbox 307 985 363 1039; x_wconf 82' lang='lat' dir='ltr'><strong>est.</strong></span> 
     </span>
    </p>

    <p class='ocr_par' dir='ltr' id='par_1_3' title="bbox 133 1059 1064 2799">
     <span class='ocr_line' id='line_1_10' title="bbox 216 1059 1060 1139; baseline -0.002 -19"><span class='ocrx_word' id='word_1_59' title='bbox 216 1061 265 1120; x_wconf 79' lang='lat' dir='ltr'><strong>Ex</strong></span> <span class='ocrx_word' id='word_1_60' title='bbox 287 1059 396 1138; x_wconf 89' lang='lat' dir='ltr'><strong>quibos</strong></span> <span class='ocrx_word' id='word_1_61' title='bbox 418 1060 478 1119; x_wconf 88' lang='lat' dir='ltr'><strong>icm</strong></span> <span class='ocrx_word' id='word_1_62' title='bbox 501 1078 557 1118; x_wconf 88' lang='lat' dir='ltr'><strong>sua</strong></span> <span class='ocrx_word' id='word_1_63' title='bbox 579 1066 690 1139; x_wconf 87' lang='lat' dir='ltr'><strong>sponte</strong></span> <span class='ocrx_word' id='word_1_64' title='bbox 713 1067 814 1138; x_wconf 69' lang='lat' dir='ltr'><strong>patet,</strong></span> <span class='ocrx_word' id='word_1_65' title='bbox 837 1061 905 1137; x_wconf 91' lang='lat' dir='ltr'><strong>quis</strong></span> <span class='ocrx_word' id='word_1_66' title='bbox 927 1060 964 1118; x_wconf 88' lang='lat' dir='ltr'><strong>sit</strong></span> <span class='ocrx_word' id='word_1_67' title='bbox 987 1077 1060 1135; x_wconf 88' lang='lat' dir='ltr'><strong>usus</strong></span> 
     </span>
     <span class='ocr_line' id='line_1_11' title="bbox 133 1141 1059 1222; baseline -0.003 -17"><span class='ocrx_word' id='word_1_68' title='bbox 133 1151 165 1205; x_wconf 91' lang='lat' dir='ltr'><strong>et</strong></span> <span class='ocrx_word' id='word_1_69' title='bbox 184 1143 298 1204; x_wconf 89' lang='lat' dir='ltr'><strong>abusus</strong></span> <span class='ocrx_word' id='word_1_70' title='bbox 320 1144 447 1219; x_wconf 84' lang='lat' dir='ltr'><strong>missae,</strong></span> <span class='ocrx_word' id='word_1_71' title='bbox 475 1161 554 1221; x_wconf 88' lang='lat' dir='ltr'><strong>quae</strong></span> <span class='ocrx_word' id='word_1_72' title='bbox 582 1143 674 1222; x_wconf 85' lang='lat' dir='ltr'><strong>digna</strong></span> <span class='ocrx_word' id='word_1_73' title='bbox 701 1143 749 1201; x_wconf 89' lang='lat' dir='ltr'><strong>vel</strong></span> <span class='ocrx_word' id='word_1_74' title='bbox 781 1141 907 1222; x_wconf 84' lang='lat' dir='ltr'><strong>indigne</strong></span> <span class='ocrx_word' id='word_1_75' title='bbox 929 1161 1059 1222; x_wconf 87' lang='lat' dir='ltr'><strong>praepa-</strong></span> 
     </span>
     <span class='ocr_line' id='line_1_12' title="bbox 133 1225 1058 1305; baseline -0.003 -18"><span class='ocrx_word' id='word_1_76' title='bbox 133 1229 222 1291; x_wconf 80' lang='lat' dir='ltr'><strong>ratio.</strong></span> <span class='ocrx_word' id='word_1_77' title='bbox 265 1226 297 1288; x_wconf 80' lang='lat' dir='ltr'><strong>Si</strong></span> <span class='ocrx_word' id='word_1_78' title='bbox 319 1227 399 1286; x_wconf 90' lang='lat' dir='ltr'><strong>enim</strong></span> <span class='ocrx_word' id='word_1_79' title='bbox 421 1226 584 1305; x_wconf 88' lang='lat' dir='ltr'><strong>promissio</strong></span> <span class='ocrx_word' id='word_1_80' title='bbox 607 1233 669 1302; x_wconf 84' lang='lat' dir='ltr'><strong>est,</strong></span> <span class='ocrx_word' id='word_1_81' title='bbox 690 1233 724 1285; x_wconf 88' lang='lat' dir='ltr'><strong>ut</strong></span> <span class='ocrx_word' id='word_1_82' title='bbox 746 1226 859 1285; x_wconf 92' lang='lat' dir='ltr'><strong>dictum</strong></span> <span class='ocrx_word' id='word_1_83' title='bbox 882 1232 943 1301; x_wconf 84' lang='lat' dir='ltr'><strong>est,</strong></span> <span class='ocrx_word' id='word_1_84' title='bbox 966 1225 1058 1285; x_wconf 90' lang='lat' dir='ltr'><strong>nullis</strong></span> 
     </span>
     <span class='ocr_line' id='line_1_13' title="bbox 134 1308 1059 1391; baseline -0.003 -20"><span class='ocrx_word' id='word_1_85' title='bbox 134 1310 287 1391; x_wconf 81' lang='lat' dir='ltr'><strong>operibus,</strong></span> <span class='ocrx_word' id='word_1_86' title='bbox 310 1309 400 1370; x_wconf 90' lang='lat' dir='ltr'><strong>nullis</strong></span> <span class='ocrx_word' id='word_1_87' title='bbox 424 1308 546 1382; x_wconf 82' lang='lat' dir='ltr'><strong>viribus,</strong></span> <span class='ocrx_word' id='word_1_88' title='bbox 569 1309 658 1368; x_wconf 88' lang='lat' dir='ltr'><strong>nullis</strong></span> <span class='ocrx_word' id='word_1_89' title='bbox 681 1310 794 1369; x_wconf 89' lang='lat' dir='ltr'><strong>meritis</strong></span> <span class='ocrx_word' id='word_1_90' title='bbox 818 1308 856 1368; x_wconf 89' lang='lat' dir='ltr'><strong>ad</strong></span> <span class='ocrx_word' id='word_1_91' title='bbox 881 1325 948 1368; x_wconf 77' lang='lat' dir='ltr'><strong>sam</strong></span> <span class='ocrx_word' id='word_1_92' title='bbox 971 1326 1059 1368; x_wconf 85' lang='lat' dir='ltr'><strong>acce·</strong></span> 
     </span>
     <span class='ocr_line' id='line_1_14' title="bbox 134 1390 1059 1470; baseline -0.003 -17"><span class='ocrx_word' id='word_1_93' title='bbox 134 1393 224 1470; x_wconf 83' lang='lat' dir='ltr'><strong>ditur,</strong></span> <span class='ocrx_word' id='word_1_94' title='bbox 245 1391 300 1453; x_wconf 89' lang='lat' dir='ltr'><strong>sed</strong></span> <span class='ocrx_word' id='word_1_95' title='bbox 322 1392 389 1453; x_wconf 88' lang='lat' dir='ltr'><strong>sola</strong></span> <span class='ocrx_word' id='word_1_96' title='bbox 411 1390 482 1454; x_wconf 88' lang='lat' dir='ltr'><strong>fide.</strong></span> <span class='ocrx_word' id='word_1_97' title='bbox 525 1391 583 1452; x_wconf 90' lang='lat' dir='ltr'><strong>Ubi</strong></span> <span class='ocrx_word' id='word_1_98' title='bbox 613 1393 693 1452; x_wconf 90' lang='lat' dir='ltr'><strong>enim</strong></span> <span class='ocrx_word' id='word_1_99' title='bbox 716 1399 763 1451; x_wconf 91' lang='lat' dir='ltr'><strong>est</strong></span> <span class='ocrx_word' id='word_1_100' title='bbox 784 1391 910 1451; x_wconf 88' lang='lat' dir='ltr'><strong>verbum</strong></span> <span class='ocrx_word' id='word_1_101' title='bbox 934 1394 1059 1470; x_wconf 91' lang='lat' dir='ltr'><strong>promit-</strong></span> 
     </span>
     <span class='ocr_line' id='line_1_15' title="bbox 134 1474 1063 1554; baseline -0.002 -18"><span class='ocrx_word' id='word_1_102' title='bbox 134 1478 223 1537; x_wconf 90' lang='lat' dir='ltr'><strong>tentis</strong></span> <span class='ocrx_word' id='word_1_103' title='bbox 245 1476 313 1552; x_wconf 81' lang='lat' dir='ltr'><strong>Dei,</strong></span> <span class='ocrx_word' id='word_1_104' title='bbox 335 1476 377 1538; x_wconf 92' lang='lat' dir='ltr'><strong>ibi</strong></span> <span class='ocrx_word' id='word_1_105' title='bbox 399 1476 572 1537; x_wconf 84' lang='lat' dir='ltr'><strong>necessaria</strong></span> <span class='ocrx_word' id='word_1_106' title='bbox 595 1483 641 1535; x_wconf 87' lang='lat' dir='ltr'><strong>est</strong></span> <span class='ocrx_word' id='word_1_107' title='bbox 659 1474 735 1534; x_wconf 87' lang='lat' dir='ltr'><strong>fides</strong></span> <span class='ocrx_word' id='word_1_108' title='bbox 758 1475 947 1554; x_wconf 88' lang='lat' dir='ltr'><strong>acceptantis</strong></span> <span class='ocrx_word' id='word_1_109' title='bbox 966 1475 1063 1534; x_wconf 91' lang='lat' dir='ltr'><strong>homi·</strong></span> 
     </span>
     <span class='ocr_line' id='line_1_16' title="bbox 134 1557 1062 1637; baseline -0.002 -18"><span class='ocrx_word' id='word_1_110' title='bbox 134 1561 191 1637; x_wconf 88' lang='lat' dir='ltr'><strong>nis,</strong></span> <span class='ocrx_word' id='word_1_111' title='bbox 214 1565 247 1619; x_wconf 91' lang='lat' dir='ltr'><strong>ut</strong></span> <span class='ocrx_word' id='word_1_112' title='bbox 268 1560 384 1619; x_wconf 83' lang='lat' dir='ltr'><strong>clarum</strong></span> <span class='ocrx_word' id='word_1_113' title='bbox 406 1560 454 1635; x_wconf 85' lang='lat' dir='ltr'><strong>sit,</strong></span> <span class='ocrx_word' id='word_1_114' title='bbox 477 1559 592 1617; x_wconf 89' lang='lat' dir='ltr'><strong>initium</strong></span> <span class='ocrx_word' id='word_1_115' title='bbox 610 1558 716 1618; x_wconf 87' lang='lat' dir='ltr'><strong>salutis</strong></span> <span class='ocrx_word' id='word_1_116' title='bbox 740 1563 863 1618; x_wconf 84' lang='lat' dir='ltr'><strong>nostrae</strong></span> <span class='ocrx_word' id='word_1_117' title='bbox 877 1557 1062 1632; x_wconf 87' lang='lat' dir='ltr'><strong>esscfidem,</strong></span> 
     </span>
     <span class='ocr_line' id='line_1_17' title="bbox 134 1640 1063 1722; baseline -0.001 -19"><span class='ocrx_word' id='word_1_118' title='bbox 134 1661 214 1722; x_wconf 84' lang='lat' dir='ltr'><strong>quac</strong></span> <span class='ocrx_word' id='word_1_119' title='bbox 240 1640 374 1721; x_wconf 85' lang='lat' dir='ltr'><strong>pendeat</strong></span> <span class='ocrx_word' id='word_1_120' title='bbox 399 1642 430 1700; x_wconf 90' lang='lat' dir='ltr'><strong>in</strong></span> <span class='ocrx_word' id='word_1_121' title='bbox 454 1640 548 1701; x_wconf 87' lang='lat' dir='ltr'><strong>verbo</strong></span> <span class='ocrx_word' id='word_1_122' title='bbox 576 1642 780 1720; x_wconf 87' lang='lat' dir='ltr'><strong>promittentis</strong></span> <span class='ocrx_word' id='word_1_123' title='bbox 803 1641 878 1719; x_wconf 86' lang='lat' dir='ltr'><strong>Dei,</strong></span> <span class='ocrx_word' id='word_1_124' title='bbox 906 1642 957 1719; x_wconf 89' lang='lat' dir='ltr'><strong>qui</strong></span> <span class='ocrx_word' id='word_1_125' title='bbox 987 1642 1063 1702; x_wconf 86' lang='lat' dir='ltr'><strong>citra</strong></span> 
     </span>
     <span class='ocr_line' id='line_1_18' title="bbox 135 1723 1062 1803; baseline -0.004 -16"><span class='ocrx_word' id='word_1_126' title='bbox 135 1745 228 1787; x_wconf 89' lang='lat' dir='ltr'><strong>omne</strong></span> <span class='ocrx_word' id='word_1_127' title='bbox 250 1731 387 1785; x_wconf 89' lang='lat' dir='ltr'><strong>nostrum</strong></span> <span class='ocrx_word' id='word_1_128' title='bbox 411 1723 543 1784; x_wconf 91' lang='lat' dir='ltr'><strong>studium</strong></span> <span class='ocrx_word' id='word_1_129' title='bbox 567 1726 700 1803; x_wconf 80' lang='lat' dir='ltr'><strong>gratuita</strong></span> <span class='ocrx_word' id='word_1_130' title='bbox 721 1731 752 1784; x_wconf 87' lang='lat' dir='ltr'><strong>et</strong></span> <span class='ocrx_word' id='word_1_131' title='bbox 773 1725 924 1784; x_wconf 89' lang='lat' dir='ltr'><strong>immerita</strong></span> <span class='ocrx_word' id='word_1_132' title='bbox 948 1725 1062 1783; x_wconf 89' lang='lat' dir='ltr'><strong>miseri·</strong></span> 
     </span>
     <span class='ocr_line' id='line_1_19' title="bbox 133 1807 1062 1886; baseline 0 -18"><span class='ocrx_word' id='word_1_133' title='bbox 133 1807 240 1868; x_wconf 86' lang='lat' dir='ltr'><strong>cordia</strong></span> <span class='ocrx_word' id='word_1_134' title='bbox 272 1827 328 1868; x_wconf 90' lang='lat' dir='ltr'><strong>nos</strong></span> <span class='ocrx_word' id='word_1_135' title='bbox 369 1808 528 1886; x_wconf 89' lang='lat' dir='ltr'><strong>praevenit</strong></span> <span class='ocrx_word' id='word_1_136' title='bbox 563 1814 595 1866; x_wconf 91' lang='lat' dir='ltr'><strong>et</strong></span> <span class='ocrx_word' id='word_1_137' title='bbox 626 1807 715 1868; x_wconf 83' lang='lat' dir='ltr'><strong>offert</strong></span> <span class='ocrx_word' id='word_1_138' title='bbox 741 1809 954 1886; x_wconf 87' lang='lat' dir='ltr'><strong>promissionis</strong></span> <span class='ocrx_word' id='word_1_139' title='bbox 985 1825 1062 1868; x_wconf 88' lang='lat' dir='ltr'><strong>suae</strong></span> 
     </span>
     <span class='ocr_line' id='line_1_20' title="bbox 134 1890 1062 1968; baseline -0.001 -17"><span class='ocrx_word' id='word_1_140' title='bbox 134 1891 268 1952; x_wconf 90' lang='lat' dir='ltr'><strong>verbum.</strong></span> <span class='ocrx_word' id='word_1_141' title='bbox 312 1891 394 1950; x_wconf 87' lang='lat' dir='ltr'><strong>Misit</strong></span> <span class='ocrx_word' id='word_1_142' title='bbox 416 1890 501 1968; x_wconf 87' lang='lat' dir='ltr'><strong>enim</strong></span> <span class='ocrx_word' id='word_1_143' title='bbox 524 1890 654 1949; x_wconf 63' lang='lat' dir='ltr'><strong>verbum*</strong></span> <span class='ocrx_word' id='word_1_144' title='bbox 679 1909 783 1967; x_wconf 90' lang='lat' dir='ltr'><strong>suum,</strong></span> <span class='ocrx_word' id='word_1_145' title='bbox 817 1897 847 1950; x_wconf 89' lang='lat' dir='ltr'><strong>ct</strong></span> <span class='ocrx_word' id='word_1_146' title='bbox 876 1892 920 1950; x_wconf 90' lang='lat' dir='ltr'><strong>sic</strong></span> <span class='ocrx_word' id='word_1_147' title='bbox 941 1892 1062 1953; x_wconf 88' lang='lat' dir='ltr'><strong>sanavit</strong></span> 
     </span>
     <span class='ocr_line' id='line_1_21' title="bbox 133 1973 1064 2052; baseline -0.003 -18"><span class='ocrx_word' id='word_1_148' title='bbox 133 1993 197 2035; x_wconf 90' lang='lat' dir='ltr'><strong>eos.</strong></span> <span class='ocrx_word' id='word_1_149' title='bbox 240 1973 310 2033; x_wconf 87' lang='lat' dir='ltr'><strong>Non</strong></span> <span class='ocrx_word' id='word_1_150' title='bbox 334 1976 436 2034; x_wconf 89' lang='lat' dir='ltr'><strong>actem</strong></span> <span class='ocrx_word' id='word_1_151' title='bbox 460 1973 578 2051; x_wconf 86' lang='lat' dir='ltr'><strong>accepit</strong></span> <span class='ocrx_word' id='word_1_152' title='bbox 608 1990 685 2052; x_wconf 90' lang='lat' dir='ltr'><strong>opus</strong></span> <span class='ocrx_word' id='word_1_153' title='bbox 716 1979 853 2033; x_wconf 90' lang='lat' dir='ltr'><strong>nostrum</strong></span> <span class='ocrx_word' id='word_1_154' title='bbox 885 1981 915 2033; x_wconf 88' lang='lat' dir='ltr'><strong>ct</strong></span> <span class='ocrx_word' id='word_1_155' title='bbox 938 1974 982 2033; x_wconf 89' lang='lat' dir='ltr'><strong>sie</strong></span> <span class='ocrx_word' id='word_1_156' title='bbox 1004 1973 1064 2032; x_wconf 90' lang='lat' dir='ltr'><strong>sal-</strong></span> 
     </span>
     <span class='ocr_line' id='line_1_22' title="bbox 135 2055 1061 2136; baseline -0.002 -19"><span class='ocrx_word' id='word_1_157' title='bbox 135 2058 218 2117; x_wconf 86' lang='lat' dir='ltr'><strong>vavit</strong></span> <span class='ocrx_word' id='word_1_158' title='bbox 239 2075 306 2118; x_wconf 89' lang='lat' dir='ltr'><strong>nos.</strong></span> <span class='ocrx_word' id='word_1_159' title='bbox 351 2055 483 2116; x_wconf 87' lang='lat' dir='ltr'><strong>Verbum</strong></span> <span class='ocrx_word' id='word_1_160' title='bbox 505 2055 562 2114; x_wconf 91' lang='lat' dir='ltr'><strong>Dei</strong></span> <span class='ocrx_word' id='word_1_161' title='bbox 586 2059 721 2115; x_wconf 91' lang='lat' dir='ltr'><strong>omnium</strong></span> <span class='ocrx_word' id='word_1_162' title='bbox 744 2058 873 2135; x_wconf 88' lang='lat' dir='ltr'><strong>primum</strong></span> <span class='ocrx_word' id='word_1_163' title='bbox 898 2064 954 2136; x_wconf 84' lang='lat' dir='ltr'><strong>est,</strong></span> <span class='ocrx_word' id='word_1_164' title='bbox 978 2055 1061 2135; x_wconf 88' lang='lat' dir='ltr'><strong>quod</strong></span> 
     </span>
     <span class='ocr_line' id='line_1_23' title="bbox 135 2137 1062 2219; baseline -0.002 -20"><span class='ocrx_word' id='word_1_165' title='bbox 135 2141 273 2219; x_wconf 87' lang='lat' dir='ltr'><strong>sequitur</strong></span> <span class='ocrx_word' id='word_1_166' title='bbox 300 2137 391 2217; x_wconf 87' lang='lat' dir='ltr'><strong>fides,</strong></span> <span class='ocrx_word' id='word_1_167' title='bbox 424 2137 515 2198; x_wconf 88' lang='lat' dir='ltr'><strong>fidem</strong></span> <span class='ocrx_word' id='word_1_168' title='bbox 538 2139 666 2218; x_wconf 85' lang='lat' dir='ltr'><strong>caritas,</strong></span> <span class='ocrx_word' id='word_1_169' title='bbox 700 2140 810 2199; x_wconf 86' lang='lat' dir='ltr'><strong>caritas</strong></span> <span class='ocrx_word' id='word_1_170' title='bbox 848 2138 960 2199; x_wconf 89' lang='lat' dir='ltr'><strong>deinde</strong></span> <span class='ocrx_word' id='word_1_171' title='bbox 989 2140 1062 2199; x_wconf 86' lang='lat' dir='ltr'><strong>lacit</strong></span> 
     </span>
     <span class='ocr_line' id='line_1_24' title="bbox 135 2221 1061 2302; baseline -0.002 -18"><span class='ocrx_word' id='word_1_172' title='bbox 135 2221 363 2284; x_wconf 90' lang='lat' dir='ltr'><strong>omnebonum</strong></span> <span class='ocrx_word' id='word_1_173' title='bbox 385 2240 478 2302; x_wconf 86' lang='lat' dir='ltr'><strong>opus,</strong></span> <span class='ocrx_word' id='word_1_174' title='bbox 501 2221 573 2298; x_wconf 89' lang='lat' dir='ltr'><strong>quia</strong></span> <span class='ocrx_word' id='word_1_175' title='bbox 595 2241 656 2282; x_wconf 91' lang='lat' dir='ltr'><strong>non</strong></span> <span class='ocrx_word' id='word_1_176' title='bbox 679 2229 824 2300; x_wconf 89' lang='lat' dir='ltr'><strong>operatur</strong></span> <span class='ocrx_word' id='word_1_177' title='bbox 845 2222 976 2300; x_wconf 83' lang='lat' dir='ltr'><strong>malum,</strong></span> <span class='ocrx_word' id='word_1_178' title='bbox 998 2223 1061 2282; x_wconf 92' lang='lat' dir='ltr'><strong>imo</strong></span> 
     </span>
     <span class='ocr_line' id='line_1_25' title="bbox 135 2304 1061 2385; baseline -0.002 -20"><span class='ocrx_word' id='word_1_179' title='bbox 135 2312 181 2377; x_wconf 88' lang='lat' dir='ltr'><strong>est</strong></span> <span class='ocrx_word' id='word_1_180' title='bbox 203 2304 360 2385; x_wconf 86' lang='lat' dir='ltr'><strong>plenitudo</strong></span> <span class='ocrx_word' id='word_1_181' title='bbox 382 2304 468 2384; x_wconf 82' lang='lat' dir='ltr'><strong>legis.</strong></span> <span class='ocrx_word' id='word_1_182' title='bbox 512 2304 577 2363; x_wconf 89' lang='lat' dir='ltr'><strong>Nec</strong></span> <span class='ocrx_word' id='word_1_183' title='bbox 599 2305 659 2365; x_wconf 87' lang='lat' dir='ltr'><strong>alia</strong></span> <span class='ocrx_word' id='word_1_184' title='bbox 684 2308 734 2364; x_wconf 84' lang='lat' dir='ltr'><strong>via</strong></span> <span class='ocrx_word' id='word_1_185' title='bbox 756 2312 858 2383; x_wconf 87' lang='lat' dir='ltr'><strong>potest</strong></span> <span class='ocrx_word' id='word_1_186' title='bbox 879 2304 1061 2365; x_wconf 91' lang='lat' dir='ltr'><strong>homocum</strong></span> 
     </span>
     <span class='ocr_line' id='line_1_26' title="bbox 134 2386 1061 2467; baseline -0.001 -19"><span class='ocrx_word' id='word_1_187' title='bbox 134 2389 202 2448; x_wconf 90' lang='lat' dir='ltr'><strong>Deo</strong></span> <span class='ocrx_word' id='word_1_188' title='bbox 224 2394 277 2448; x_wconf 89' lang='lat' dir='ltr'><strong>aut</strong></span> <span class='ocrx_word' id='word_1_189' title='bbox 299 2388 465 2447; x_wconf 83' lang='lat' dir='ltr'><strong>convenire</strong></span> <span class='ocrx_word' id='word_1_190' title='bbox 487 2394 538 2446; x_wconf 87' lang='lat' dir='ltr'><strong>out</strong></span> <span class='ocrx_word' id='word_1_191' title='bbox 561 2406 669 2466; x_wconf 85' lang='lat' dir='ltr'><strong>agere,</strong></span> <span class='ocrx_word' id='word_1_192' title='bbox 699 2406 790 2466; x_wconf 84' lang='lat' dir='ltr'><strong>quam</strong></span> <span class='ocrx_word' id='word_1_193' title='bbox 812 2408 866 2467; x_wconf 88' lang='lat' dir='ltr'><strong>per</strong></span> <span class='ocrx_word' id='word_1_194' title='bbox 887 2386 997 2465; x_wconf 76' lang='lat' dir='ltr'><strong>fidem,</strong></span> <span class='ocrx_word' id='word_1_195' title='bbox 1031 2387 1061 2450; x_wconf 94' lang='lat' dir='ltr'><strong>id</strong></span> 
     </span>
     <span class='ocr_line' id='line_1_27' title="bbox 134 2470 1063 2549; baseline -0.001 -18"><span class='ocrx_word' id='word_1_196' title='bbox 134 2477 195 2549; x_wconf 83' lang='lat' dir='ltr'><strong>est,</strong></span> <span class='ocrx_word' id='word_1_197' title='bbox 217 2477 249 2530; x_wconf 90' lang='lat' dir='ltr'><strong>ut</strong></span> <span class='ocrx_word' id='word_1_198' title='bbox 271 2488 332 2529; x_wconf 92' lang='lat' dir='ltr'><strong>non</strong></span> <span class='ocrx_word' id='word_1_199' title='bbox 355 2470 449 2530; x_wconf 90' lang='lat' dir='ltr'><strong>homo</strong></span> <span class='ocrx_word' id='word_1_200' title='bbox 472 2471 534 2529; x_wconf 90' lang='lat' dir='ltr'><strong>suis</strong></span> <span class='ocrx_word' id='word_1_201' title='bbox 556 2471 699 2549; x_wconf 89' lang='lat' dir='ltr'><strong>operibus</strong></span> <span class='ocrx_word' id='word_1_202' title='bbox 723 2471 801 2547; x_wconf 81' lang='lat' dir='ltr'><strong>ullis,</strong></span> <span class='ocrx_word' id='word_1_203' title='bbox 824 2470 879 2530; x_wconf 88' lang='lat' dir='ltr'><strong>sed</strong></span> <span class='ocrx_word' id='word_1_204' title='bbox 900 2471 983 2530; x_wconf 88' lang='lat' dir='ltr'><strong>Deus</strong></span> <span class='ocrx_word' id='word_1_205' title='bbox 1006 2490 1063 2530; x_wconf 89' lang='lat' dir='ltr'><strong>soa</strong></span> 
     </span>
     <span class='ocr_line' id='line_1_28' title="bbox 135 2553 1062 2634; baseline 0 -21"><span class='ocrx_word' id='word_1_206' title='bbox 135 2554 340 2634; x_wconf 87' lang='lat' dir='ltr'><strong>promissione</strong></span> <span class='ocrx_word' id='word_1_207' title='bbox 367 2553 407 2613; x_wconf 90' lang='lat' dir='ltr'><strong>sit</strong></span> <span class='ocrx_word' id='word_1_208' title='bbox 435 2559 524 2613; x_wconf 90' lang='lat' dir='ltr'><strong>autor</strong></span> <span class='ocrx_word' id='word_1_209' title='bbox 548 2553 672 2632; x_wconf 80' lang='lat' dir='ltr'><strong>salutis,</strong></span> <span class='ocrx_word' id='word_1_210' title='bbox 705 2561 738 2613; x_wconf 90' lang='lat' dir='ltr'><strong>ut</strong></span> <span class='ocrx_word' id='word_1_211' title='bbox 766 2556 870 2613; x_wconf 86' lang='lat' dir='ltr'><strong>omnia</strong></span> <span class='ocrx_word' id='word_1_212' title='bbox 897 2553 1062 2633; x_wconf 90' lang='lat' dir='ltr'><strong>pendeant,</strong></span> 
     </span>
     <span class='ocr_line' id='line_1_29' title="bbox 134 2636 1061 2716; baseline 0 -18"><span class='ocrx_word' id='word_1_213' title='bbox 134 2643 293 2716; x_wconf 89' lang='lat' dir='ltr'><strong>portentur</strong></span> <span class='ocrx_word' id='word_1_214' title='bbox 314 2641 534 2716; x_wconf 82' lang='lat' dir='ltr'><strong>serventurque</strong></span> <span class='ocrx_word' id='word_1_215' title='bbox 554 2637 585 2695; x_wconf 90' lang='lat' dir='ltr'><strong>in</strong></span> <span class='ocrx_word' id='word_1_216' title='bbox 606 2636 700 2696; x_wconf 86' lang='lat' dir='ltr'><strong>verbo</strong></span> <span class='ocrx_word' id='word_1_217' title='bbox 733 2637 849 2696; x_wconf 85' lang='lat' dir='ltr'><strong>virtutis</strong></span> <span class='ocrx_word' id='word_1_218' title='bbox 879 2655 968 2711; x_wconf 80' lang='lat' dir='ltr'><strong>suae,</strong></span> <span class='ocrx_word' id='word_1_219' title='bbox 1000 2654 1061 2715; x_wconf 88' lang='lat' dir='ltr'><strong>quo</strong></span> 
     </span>
     <span class='ocr_line' id='line_1_30' title="bbox 134 2719 1061 2799; baseline 0.004 -20"><span class='ocrx_word' id='word_1_220' title='bbox 134 2719 239 2799; x_wconf 87' lang='lat' dir='ltr'><strong>genuit</strong></span> <span class='ocrx_word' id='word_1_221' title='bbox 255 2737 324 2795; x_wconf 75' lang='lat' dir='ltr'><strong>nos,</strong></span> <span class='ocrx_word' id='word_1_222' title='bbox 346 2725 379 2778; x_wconf 90' lang='lat' dir='ltr'><strong>ut</strong></span> <span class='ocrx_word' id='word_1_223' title='bbox 392 2738 528 2779; x_wconf 89' lang='lat' dir='ltr'><strong>essemus</strong></span> <span class='ocrx_word' id='word_1_224' title='bbox 544 2720 660 2778; x_wconf 90' lang='lat' dir='ltr'><strong>initium</strong></span> <span class='ocrx_word' id='word_1_225' title='bbox 677 2719 801 2798; x_wconf 87' lang='lat' dir='ltr'><strong>aliquod</strong></span> <span class='ocrx_word' id='word_1_226' title='bbox 816 2728 975 2780; x_wconf 87' lang='lat' dir='ltr'><strong>creaturae</strong></span> <span class='ocrx_word' id='word_1_227' title='bbox 986 2721 1061 2783; x_wconf 88' lang='lat' dir='ltr'><strong>eius.</strong></span> 
     </span>
    </p>

    <p class='ocr_par' dir='ltr' id='par_1_4' title="bbox 82 2801 1062 3628">
     <span class='ocr_line' id='line_1_31' title="bbox 216 2801 1062 2882; baseline -0.001 -19"><span class='ocrx_word' id='word_1_228' title='bbox 216 2801 269 2863; x_wconf 82' lang='lat' dir='ltr'><strong>sic</strong></span> <span class='ocrx_word' id='word_1_229' title='bbox 296 2801 384 2879; x_wconf 82' lang='lat' dir='ltr'><strong>Adae</strong></span> <span class='ocrx_word' id='word_1_230' title='bbox 424 2809 495 2882; x_wconf 91' lang='lat' dir='ltr'><strong>post</strong></span> <span class='ocrx_word' id='word_1_231' title='bbox 527 2802 645 2882; x_wconf 86' lang='lat' dir='ltr'><strong>lapsum</strong></span> <span class='ocrx_word' id='word_1_232' title='bbox 687 2801 833 2881; x_wconf 87' lang='lat' dir='ltr'><strong>erigendo</strong></span> <span class='ocrx_word' id='word_1_233' title='bbox 867 2801 951 2862; x_wconf 91' lang='lat' dir='ltr'><strong>dedit</strong></span> <span class='ocrx_word' id='word_1_234' title='bbox 981 2803 1062 2862; x_wconf 89' lang='lat' dir='ltr'><strong>hanc</strong></span> 
     </span>
     <span class='ocr_line' id='line_1_32' title="bbox 132 2883 1060 2966; baseline 0.003 -23"><span class='ocrx_word' id='word_1_235' title='bbox 132 2885 377 2964; x_wconf 82' lang='lat' dir='ltr'><strong>promissionem,</strong></span> <span class='ocrx_word' id='word_1_236' title='bbox 401 2884 505 2944; x_wconf 90' lang='lat' dir='ltr'><strong>dicens</strong></span> <span class='ocrx_word' id='word_1_237' title='bbox 528 2883 567 2944; x_wconf 85' lang='lat' dir='ltr'><strong>ad</strong></span> <span class='ocrx_word' id='word_1_238' title='bbox 590 2895 778 2964; x_wconf 88' lang='lat' dir='ltr'><strong>serpentem:</strong></span> <span class='ocrx_word' id='word_1_239' title='bbox 806 2885 983 2946; x_wconf 85' lang='lat' dir='ltr'><strong>Inimicitias</strong></span> <span class='ocrx_word' id='word_1_240' title='bbox 1006 2905 1060 2966; x_wconf 92' lang='lat' dir='ltr'><strong>po-</strong></span> 
     </span>
     <span class='ocr_line' id='line_1_33' title="bbox 82 2967 1062 3045; baseline 0.002 -18"><span class='ocrx_word' id='word_1_241' title='bbox 82 3035 86 3045; x_wconf 36' lang='grc'>,</span> <span class='ocrx_word' id='word_1_242' title='bbox 134 2987 203 3027; x_wconf 90' lang='lat' dir='ltr'><strong>uam</strong></span> <span class='ocrx_word' id='word_1_243' title='bbox 226 2968 305 3027; x_wconf 90' lang='lat' dir='ltr'><strong>inter</strong></span> <span class='ocrx_word' id='word_1_244' title='bbox 326 2975 356 3030; x_wconf 91' lang='lat' dir='ltr'><strong>te</strong></span> <span class='ocrx_word' id='word_1_245' title='bbox 379 2974 410 3027; x_wconf 90' lang='lat' dir='ltr'><strong>et</strong></span> <span class='ocrx_word' id='word_1_246' title='bbox 432 2967 606 3043; x_wconf 76' lang='lat' dir='ltr'><strong>mulierem,</strong></span> <span class='ocrx_word' id='word_1_247' title='bbox 629 2969 707 3027; x_wconf 88' lang='lat' dir='ltr'><strong>inter</strong></span> <span class='ocrx_word' id='word_1_248' title='bbox 729 2987 832 3027; x_wconf 89' lang='lat' dir='ltr'><strong>semen</strong></span> <span class='ocrx_word' id='word_1_249' title='bbox 857 2976 940 3028; x_wconf 87' lang='lat' dir='ltr'><strong>tuum</strong></span> <span class='ocrx_word' id='word_1_250' title='bbox 964 2976 995 3028; x_wconf 90' lang='lat' dir='ltr'><strong>et</strong></span> <span class='ocrx_word' id='word_1_251' title='bbox 1016 2988 1062 3029; x_wconf 91' lang='lat' dir='ltr'><strong>se·</strong></span> 
     </span>
     <span class='ocr_line' id='line_1_34' title="bbox 134 3050 1061 3130; baseline 0 -20"><span class='ocrx_word' id='word_1_252' title='bbox 134 3070 202 3110; x_wconf 91' lang='lat' dir='ltr'><strong>men</strong></span> <span class='ocrx_word' id='word_1_253' title='bbox 225 3050 320 3128; x_wconf 85' lang='lat' dir='ltr'><strong>illius,</strong></span> <span class='ocrx_word' id='word_1_254' title='bbox 342 3052 409 3129; x_wconf 88' lang='lat' dir='ltr'><strong>ipsa</strong></span> <span class='ocrx_word' id='word_1_255' title='bbox 432 3056 571 3126; x_wconf 74' lang='lat' dir='ltr'><strong>conteret</strong></span> <span class='ocrx_word' id='word_1_256' title='bbox 593 3060 684 3130; x_wconf 89' lang='lat' dir='ltr'><strong>eaput</strong></span> <span class='ocrx_word' id='word_1_257' title='bbox 708 3058 809 3129; x_wconf 83' lang='lat' dir='ltr'><strong>tuum,</strong></span> <span class='ocrx_word' id='word_1_258' title='bbox 831 3059 862 3111; x_wconf 94' lang='lat' dir='ltr'><strong>et</strong></span> <span class='ocrx_word' id='word_1_259' title='bbox 885 3059 916 3112; x_wconf 90' lang='lat' dir='ltr'><strong>tu</strong></span> <span class='ocrx_word' id='word_1_260' title='bbox 939 3051 1061 3111; x_wconf 85' lang='lat' dir='ltr'><strong>insidia·</strong></span> 
     </span>
     <span class='ocr_line' id='line_1_35' title="bbox 133 3132 1060 3213; baseline 0.002 -20"><span class='ocrx_word' id='word_1_261' title='bbox 133 3132 212 3193; x_wconf 88' lang='lat' dir='ltr'><strong>beris</strong></span> <span class='ocrx_word' id='word_1_262' title='bbox 242 3134 390 3194; x_wconf 87' lang='lat' dir='ltr'><strong>calcaneo</strong></span> <span class='ocrx_word' id='word_1_263' title='bbox 418 3133 509 3193; x_wconf 90' lang='lat' dir='ltr'><strong>illius.</strong></span> <span class='ocrx_word' id='word_1_264' title='bbox 562 3132 593 3192; x_wconf 90' lang='lat' dir='ltr'><strong>ln</strong></span> <span class='ocrx_word' id='word_1_265' title='bbox 624 3133 683 3193; x_wconf 92' lang='lat' dir='ltr'><strong>hoc</strong></span> <span class='ocrx_word' id='word_1_266' title='bbox 715 3136 926 3213; x_wconf 87' lang='lat' dir='ltr'><strong>promissionis</strong></span> <span class='ocrx_word' id='word_1_267' title='bbox 965 3134 1060 3195; x_wconf 85' lang='lat' dir='ltr'><strong>verbo</strong></span> 
     </span>
     <span class='ocr_line' id='line_1_36' title="bbox 133 3215 1061 3297; baseline 0 -20"><span class='ocrx_word' id='word_1_268' title='bbox 133 3215 232 3277; x_wconf 88' lang='lat' dir='ltr'><strong>Adam</strong></span> <span class='ocrx_word' id='word_1_269' title='bbox 265 3235 334 3277; x_wconf 90' lang='lat' dir='ltr'><strong>oum</strong></span> <span class='ocrx_word' id='word_1_270' title='bbox 365 3217 427 3275; x_wconf 91' lang='lat' dir='ltr'><strong>suis</strong></span> <span class='ocrx_word' id='word_1_271' title='bbox 456 3222 599 3293; x_wconf 85' lang='lat' dir='ltr'><strong>tanquam</strong></span> <span class='ocrx_word' id='word_1_272' title='bbox 628 3218 656 3275; x_wconf 91' lang='lat' dir='ltr'><strong>in</strong></span> <span class='ocrx_word' id='word_1_273' title='bbox 691 3219 809 3297; x_wconf 88' lang='lat' dir='ltr'><strong>gremio</strong></span> <span class='ocrx_word' id='word_1_274' title='bbox 837 3219 893 3278; x_wconf 88' lang='lat' dir='ltr'><strong>Dei</strong></span> <span class='ocrx_word' id='word_1_275' title='bbox 922 3223 1061 3297; x_wconf 88' lang='lat' dir='ltr'><strong>portatus</strong></span> 
     </span>
     <span class='ocr_line' id='line_1_37' title="bbox 132 3298 1062 3380; baseline 0.002 -22"><span class='ocrx_word' id='word_1_276' title='bbox 132 3308 193 3373; x_wconf 72' lang='lat' dir='ltr'><strong>est,</strong></span> <span class='ocrx_word' id='word_1_277' title='bbox 220 3307 250 3360; x_wconf 92' lang='lat' dir='ltr'><strong>et</strong></span> <span class='ocrx_word' id='word_1_278' title='bbox 271 3298 331 3358; x_wconf 84' lang='lat' dir='ltr'><strong>fide</strong></span> <span class='ocrx_word' id='word_1_279' title='bbox 352 3298 432 3357; x_wconf 90' lang='lat' dir='ltr'><strong>illius</strong></span> <span class='ocrx_word' id='word_1_280' title='bbox 455 3306 609 3374; x_wconf 83' lang='lat' dir='ltr'><strong>servatus,</strong></span> <span class='ocrx_word' id='word_1_281' title='bbox 638 3308 823 3379; x_wconf 86' lang='lat' dir='ltr'><strong>exspectans</strong></span> <span class='ocrx_word' id='word_1_282' title='bbox 846 3301 1062 3380; x_wconf 86' lang='lat' dir='ltr'><strong>longanimiter</strong></span> 
     </span>
     <span class='ocr_line' id='line_1_38' title="bbox 132 3380 1060 3463; baseline 0.001 -21"><span class='ocrx_word' id='word_1_283' title='bbox 132 3383 301 3459; x_wconf 87' lang='lat' dir='ltr'><strong>mulierem,</strong></span> <span class='ocrx_word' id='word_1_284' title='bbox 314 3400 393 3460; x_wconf 88' lang='lat' dir='ltr'><strong>quae</strong></span> <span class='ocrx_word' id='word_1_285' title='bbox 406 3388 544 3441; x_wconf 86' lang='lat' dir='ltr'><strong>conteret</strong></span> <span class='ocrx_word' id='word_1_286' title='bbox 552 3380 579 3462; x_wconf 79' lang='lat'><strong>¹)</strong></span> <span class='ocrx_word' id='word_1_287' title='bbox 601 3391 692 3463; x_wconf 90' lang='lat' dir='ltr'><strong>caput</strong></span> <span class='ocrx_word' id='word_1_288' title='bbox 706 3385 866 3463; x_wconf 81' lang='lat' dir='ltr'><strong>serpentis,</strong></span> <span class='ocrx_word' id='word_1_289' title='bbox 888 3385 965 3443; x_wconf 91' lang='lat' dir='ltr'><strong>sicut</strong></span> <span class='ocrx_word' id='word_1_290' title='bbox 977 3383 1060 3444; x_wconf 86' lang='lat' dir='ltr'><strong>Deus</strong></span> 
     </span>
     <span class='ocr_line' id='line_1_39' title="bbox 133 3463 1061 3546; baseline 0.001 -22"><span class='ocrx_word' id='word_1_291' title='bbox 133 3466 280 3544; x_wconf 89' lang='lat' dir='ltr'><strong>promisit.</strong></span> <span class='ocrx_word' id='word_1_292' title='bbox 325 3463 406 3523; x_wconf 78' lang='lat' dir='ltr'><strong>Etin</strong></span> <span class='ocrx_word' id='word_1_293' title='bbox 429 3463 487 3523; x_wconf 89' lang='lat' dir='ltr'><strong>hac</strong></span> <span class='ocrx_word' id='word_1_294' title='bbox 498 3463 559 3524; x_wconf 87' lang='lat' dir='ltr'><strong>fide</strong></span> <span class='ocrx_word' id='word_1_295' title='bbox 573 3472 602 3525; x_wconf 89' lang='lat' dir='ltr'><strong>et</strong></span> <span class='ocrx_word' id='word_1_296' title='bbox 614 3468 846 3546; x_wconf 88' lang='lat' dir='ltr'><strong>exspectatione</strong></span> <span class='ocrx_word' id='word_1_297' title='bbox 868 3468 959 3526; x_wconf 88' lang='lat' dir='ltr'><strong>etiarn</strong></span> <span class='ocrx_word' id='word_1_298' title='bbox 983 3485 1061 3527; x_wconf 92' lang='lat' dir='ltr'><strong>mor-</strong></span> 
     </span>
     <span class='ocr_line' id='line_1_40' title="bbox 132 3547 1061 3628; baseline 0.002 -20"><span class='ocrx_word' id='word_1_299' title='bbox 132 3559 201 3608; x_wconf 85' lang='lat' dir='ltr'><strong>tuus</strong></span> <span class='ocrx_word' id='word_1_300' title='bbox 222 3555 278 3628; x_wconf 85' lang='lat' dir='ltr'><strong>est,</strong></span> <span class='ocrx_word' id='word_1_301' title='bbox 300 3547 433 3627; x_wconf 84' lang='lat' dir='ltr'><strong>ignarus,</strong></span> <span class='ocrx_word' id='word_1_302' title='bbox 457 3547 581 3626; x_wconf 85' lang='lat' dir='ltr'><strong>quando</strong></span> <span class='ocrx_word' id='word_1_303' title='bbox 596 3555 625 3610; x_wconf 89' lang='lat' dir='ltr'><strong>et</strong></span> <span class='ocrx_word' id='word_1_304' title='bbox 638 3550 736 3628; x_wconf 85' lang='lat' dir='ltr'><strong>qualis</strong></span> <span class='ocrx_word' id='word_1_305' title='bbox 752 3557 834 3610; x_wconf 88' lang='lat' dir='ltr'><strong>esset</strong></span> <span class='ocrx_word' id='word_1_306' title='bbox 855 3550 963 3625; x_wconf 83' lang='lat' dir='ltr'><strong>futura,</strong></span> <span class='ocrx_word' id='word_1_307' title='bbox 984 3549 1061 3610; x_wconf 85' lang='lat' dir='ltr'><strong>futu·</strong></span> 
     </span>
    </p>
   </div>
   <div class='ocr_carea' id='block_1_3' title="bbox 136 3683 555 3694">
    <p class='ocr_par' dir='ltr' id='par_1_5' title="bbox 136 3683 555 3694">
     <span class='ocr_line' id='line_1_41' title="bbox 136 3683 555 3694; baseline -0.005 0"><span class='ocrx_word' id='word_1_308' title='bbox 136 3683 555 3694; x_wconf 76' lang='lat'><em>...--—--—-—-—-—-—---—</em></span> 
     </span>
    </p>
   </div>
   <div class='ocr_carea' id='block_1_4' title="bbox 187 3734 611 3800">
    <p class='ocr_par' dir='ltr' id='par_1_6' title="bbox 187 3734 611 3800">
     <span class='ocr_line' id='line_1_42' title="bbox 187 3734 611 3800; baseline -0.002 -10"><span class='ocrx_word' id='word_1_309' title='bbox 187 3737 218 3800; x_wconf 82' lang='lat'><strong>1)</strong></span> <span class='ocrx_word' id='word_1_310' title='bbox 238 3734 269 3788; x_wconf 89' lang='lat' dir='ltr'><strong>ln</strong></span> <span class='ocrx_word' id='word_1_311' title='bbox 289 3735 332 3791; x_wconf 86' lang='lat' dir='ltr'><strong>od.</strong></span> <span class='ocrx_word' id='word_1_312' title='bbox 351 3736 428 3792; x_wconf 76' lang='lat' dir='ltr'><strong>lem:</strong></span> <span class='ocrx_word' id='word_1_313' title='bbox 449 3741 611 3790; x_wconf 82' lang='lat' dir='ltr'><strong>contereret.</strong></span> 
     </span>
    </p>
   </div>
   <div class='ocr_carea' id='block_1_5' title="bbox 0 0 1200 4170">
    <p class='ocr_par' dir='ltr' id='par_1_7' title="bbox 0 0 1200 4170">
     <span class='ocr_line' id='line_1_43' title="bbox 0 0 1200 4170; baseline 0 0"><span class='ocrx_word' id='word_1_314' title='bbox 0 0 1200 4170; x_wconf 95' lang='lat' dir='ltr'><strong> </strong></span> 
     </span>
    </p>
   </div>
  </div>
 </body>
</html>
