2392 4170
150 252 194 327 42
236 217 268 261 Ἰ
345 258 546 321 Gordomaris
564 262 707 325 leromm
735 267 770 325 D.
788 269 820 328 L.
838 266 875 327 u.

235 433 293 518 18)
317 434 535 517 Periculosum,
552 441 614 503 imo
632 441 741 504 falsum
758 448 806 505 est
821 442 952 523 opinari,
969 443 1075 524 poeni·
1127 518 1129 522 Ι

152 517 281 582 tentiam
303 539 372 581 esse
401 523 568 587 seeundum
597 524 733 587 tabulam
767 530 840 606 post
871 526 1073 607 naufragium.

234 601 320 666 Haeo
341 604 516 686 Propositio
532 615 581 671 eat
596 611 768 688 temeraria,
791 629 920 672 erronee
938 628 976 672 ao
990 611 1075 673 fatue

152 691 280 767 asserta,
304 707 341 749 ao
361 688 452 753 beato
475 691 675 773 Hieronymo,
692 693 775 753 illam
794 695 932 773 ponenti,
950 696 1073 759 iniuria.

235 772 292 849 19)
319 771 378 848 Qui
393 779 504 853 sponte
523 776 682 836 confessus
698 778 763 838 sive
777 783 936 857 surreptus
951 779 1073 839 venium

149 852 281 933 petierit,
304 861 333 916 et
347 856 557 920 emendaverit
570 878 674 920 eoram
689 861 798 938 quovis
817 861 957 940 privatim
970 861 1073 940 butte,

150 953 213 997 non
237 935 342 999 dubito
366 959 384 999 a
407 944 541 1020 peoeatis
564 944 627 1003 suis
649 943 734 1003 illum
757 963 826 1004 esse
849 942 1056 1013 absolutum„

231 1019 316 1082 Haeo
349 1023 540 1104 Propositio‚
581 1028 713 1087 innuens
743 1027 857 1102 laicos,
893 1034 956 1088 tam
988 1029 1088 1092 viros·

148 1121 239 1183 quam
258 1105 410 1183 mulieres,
432 1114 617 1186 potestatem
635 1109 765 1171 olavium
780 1109 904 1185 babere,
920 1117 968 1172 est
981 1111 1071 1191 falsa,

147 1190 347 1250 sauramentis
369 1186 492 1254 Ordinis
515 1198 545 1253 et
567 1193 765 1254 Poenientiae
787 1194 1013 1256 ooutumeliosa
1040 1201 1071 1256 et

146 1269 316 1351 haeretios,
351 1291 419 1333 eurn
450 1295 552 1338 errore
589 1278 778 1338 conveniens
807 1276 1009 1339 Valdensium
1039 1284 1071 1339 et

151 1352 416 1434 Quintilianomm.

258 1521 314 1592 De
337 1522 711 1593 substitutionibus
734 1517 952 1596 ecelesiae.

229 1676 261 1760 1)
272 1679 380 1761 Neque
393 1681 489 1762 Papa,
502 1699 603 1761 neque
618 1680 794 1761 episeopus,
809 1697 909 1759 neque
923 1678 1001 1740 ullus
1013 1677 1067 1739 ho·

145 1760 260 1824 minum
274 1762 425 1826 hebetius
447 1766 536 1826 unius
558 1763 697 1845 syllabae
720 1761 954 1825 constituendae
976 1780 1068 1843 super

145 1842 349 1909 christianum
368 1848 535 1926 hominem,
552 1850 610 1908 nisi
629 1847 660 1909 id
678 1847 733 1907 fiat
749 1845 886 1917 eiusdem
900 1863 1066 1923 oonsemn,

144 1935 176 1992 et
198 1921 344 2011 quidquid
367 1932 455 1992 aliter
476 1931 519 2009 tit,
542 1932 704 2011 tyrannico
727 1929 834 2011 spiritu
856 1928 899 1989 fit.

226 2013 311 2075 Haeo
331 2014 507 2096 Propositio
531 2019 579 2073 est
600 2034 617 2075 a
641 2012 746 2075 debita
768 2011 957 2073 subditorum
993 2029 1067 2091 erga

144 2095 304 2158 Praelatos
328 2103 359 2157 et
391 2098 567 2176 superiores
599 2096 789 2157 subiectione
824 2101 854 2155 et
889 2093 1066 2155 obedientia

142 2181 323 2260 retraotiva,
357 2179 460 2260 legum
483 2180 683 2260 positivorum
707 2178 856 2240 seditiose
879 2177 1066 2237 destructiva

143 2263 232 2323 eoin
255 2262 315 2323 lide
338 2269 368 2323 et
390 2262 525 2338 moribus
548 2283 687 2340 erronea,
711 2270 742 2323 et
763 2270 809 2322 est
831 2280 915 2322 error
938 2259 1063 2321 damne-

141 2351 190 2406 tus
212 2345 411 2407 Valdensium
437 2366 506 2407 eum
530 2366 633 2407 errore
654 2347 837 2406 Erianorum
866 2345 1064 2405 conveniens.

336 2525 393 2591 De
416 2546 581 2613 operum
604 2523 872 2609 aequalitate.

223 2693 260 2766 1)
285 2693 388 2774 Opera
411 2695 483 2755 nihil
516 2699 726 2771 sunt-eoram
756 2690 841 2764 Deo,
875 2695 927 2749 aut
960 2688 1064 2748 omnia

140 2781 211 2836 sunt
232 2777 382 2856 aequalia,
406 2784 552 2858 quantum
577 2775 616 2836 ad
639 2773 777 2833 meritum
801 2773 918 2831 attinet.

222 2858 308 2920 Haeo
322 2860 496 2941 Propositio
512 2867 559 2921 est
572 2859 662 2937 falsa,
675 2857 771 2917 saeris
788 2855 918 2933 eloquiis
933 2853 1064 2914 adversa

140 2947 232 3022 atque
254 2945 347 3004 errori
369 2944 639 3006 Iovinianistarum
663 2939 840 3001 conformis.

503 3150 560 3213 De
581 3148 698 3213 votis.

224 3323 257 3394 1)
283 3318 491 3400 Suadendnm‚
514 3328 547 3382 ut
568 3325 641 3380 vota
675 3333 799 3398 prorsus
823 3311 927 3372 omnia
955 3310 1062 3372 tollan-

138 3404 187 3461 tur
207 3407 260 3462 aut
280 3404 421 3466 vitentur.

220 3482 307 3548 Haeo
328 3486 502 3567 Propositio
526 3493 573 3547 est
596 3482 709 3547 Christi
732 3478 892 3540 doetrinae
915 3482 958 3539 et·
975 3495 1061 3536 sane·

137 3571 237 3628 torum
266 3568 388 3631 Petrum
412 3570 638 3643 observationi,
675 3565 725 3645 qui
748 3579 863 3623 vovere
886 3558 1061 3656 consulunt,

138 3652 307 3732 eontraria,
347 3673 386 3714 ex
425 3673 535 3722 errore,
566 3648 740 3733 procedens
776 3642 1059 3722 Lamperranorum

132 3732 410 3811 -Vuiolevistarnm‚
434 3744 609 3811 eteorum,
634 3733 686 3815 qui
710 3749 744 3791 se
765 3726 923 3791 instabant
945 3724 984 3786 de
1013 3744 1061 3788 or·

130 3816 205 3893 dine
225 3818 466 3923 Apostolorum.
