2392 4170
454 225 752 309 osculamus
964 223 1062 323 327

136 440 223 500 esse,
256 421 366 483 iterum
388 421 476 500 dieo,
505 420 708 503 quis'audeat
728 423 842 488 intrare
864 425 914 488 vsl
935 432 1061 491 manere
1163 433 1166 439 ’

135 507 165 567 in
184 503 359 586 religione?
380 512 411 569 et
432 508 545 587 omnia,
568 524 647 586 quos
657 505 698 567 ad
720 526 853 570 errorem
876 510 982 591 intuli,
1010 510 1067 591 hio

136 590 229 653 stiam
250 589 388 654 inferam,
432 590 516 652 Paris
533 590 614 651 enim
636 590 802 671 impietatis
829 598 876 655 est
905 603 937 656 et
958 593 989 656 id
1014 607 1074 657 sea·

135 674 203 754 qui,
239 673 321 754 quod
345 674 507 736 manifesto
527 690 662 735 errorem
684 692 754 736 esse
775 676 874 755 suas,
896 683 930 740 et
949 676 981 739 id
1001 697 1059 760 pro

135 757 264 819 veritate
286 758 441 838 amplecti,
463 757 547 838 quod
569 757 690 819 neanias
713 776 798 820 error
818 778 856 821 an
880 761 992 822 veritas
1010 764 1059 825 sit.

135 838 258 905 Overe
292 848 432 920 tempora
463 841 653 921 perioulosa‚
691 840 730 902 de
762 842 872 921 quibus
894 843 1057 928 Paulus*)

135 924 298 1005 praedixit.
340 924 430 987 Nune
441 944 514 987 vero
527 944 596 986 oum
618 929 724 986 votum
738 933 769 985 et
783 925 953 988 institutum
970 946 1058 989 suurn

133 1009 165 1069 in
187 1008 249 1069 hoo
282 1007 406 1071 verbum
431 1009 504 1074 Dei:
548 1003 667 1069 Vovete
697 1014 729 1069 et
748 1007 886 1084 reddite,
921 1009 1064 1090 fundent,-

135 1110 195 1173 ego
218 1092 405 1172 pronuncio,
438 1111 554 1154 morem
576 1092 669 1153 istum
692 1090 892 1172 dispensandi
915 1112 985 1155 esse
1005 1095 1059 1155 im·

134 1177 217 1256 pium
240 1181 271 1236 et
293 1175 472 1256 perditionis
496 1183 526 1237 et
546 1174 736 1255 operationis
749 1194 894 1238 errorem.
939 1176 997 1236 Vel
1019 1195 1066 1238 eo

135 1258 257 1320 undem
281 1277 408 1341 cogam,
446 1266 480 1320 ut
505 1265 579 1320 vota
607 1258 713 1319 omnia
735 1259 888 1338 prohibita
910 1267 941 1320 et
962 1257 1059 1322 tibere
1083 1270 1086 1275 ’

134 1361 205 1405 esse
226 1342 377 1420 esionam,
401 1342 484 1422 quod
508 1349 540 1403 ut
559 1341 681 1422 plenius
704 1349 735 1402 et
756 1343 913 1424 copiosius
936 1341 1058 1420 faniam,

134 1424 293 1487 videamus
314 1427 444 1506 primum
469 1445 578 1487 oausas
606 1424 781 1486 levissimae
802 1444 878 1488 suae
900 1424 1059 1507 dispensa·

135 1509 228 1571 tionis
250 1510 281 1570 in
317 1510 385 1571 aliis
420 1507 557 1590 partibus
592 1506 717 1588 regulae
740 1516 772 1569 et
792 1509 902 1589 rigoris
925 1508 1059 1572 erudelis

132 1593 164 1652 in
185 1592 346 1655 retinendo
360 1591 388 1673 1)
411 1594 560 1654 eastitatis
582 1603 668 1653 voto.

217 1676 392 1738 causantur
412 1678 517 1756 itaque
528 1675 700 1736 castitatem
722 1693 786 1735 rem
809 1694 879 1736 esse
900 1676 1056 1757 inoompu·

133 1758 239 1821 rabilis
261 1761 366 1840 pretii,
398 1761 446 1820 eui
470 1758 554 1820 nulla
575 1758 675 1839 possit
695 1757 825 1819 inveniri
847 1777 902 1839 par
923 1766 1071 1822 commu-t

134 1844 220 1905 tatio.
264 1843 331 1905 Huo
352 1842 426 1904 illud
438 1842 592 1925 Sapientis
605 1838 760 1916 afferunt:
803 1840 873 1902 Non
896 1850 945 1903 est
965 1840 1061 1923 digna

132 1925 315 2008 ponderatio
338 1927 523 1989 continentis
549 1926 683 1987 animae.
726 1923 781 1984 His
808 1923 923 1985 addunt
943 1924 1060 2006 ampul-

133 2011 178 2071 tas
192 2009 260 2071 ilias
275 2010 420 2073 laudatas
431 2010 626 2090 virginitatis,
648 2026 776 2087 quarum
788 2007 866 2069 haee
887 2015 934 2068 ast
955 2026 995 2068 ex
1008 2006 1062 2070 Hi·-

133 2112 282 2174 eronymo
307 2097 416 2156 ueteris
437 2093 600 2175 insignior:
622 2089 870 2171 Auduoterdioo,
893 2091 1064 2171 Dens-ouon¹

133 2178 233 2257 possit
256 2177 376 2257 omnia,
398 2184 502 2239 tamen
525 2177 673 2257 virginem
696 2191 761 2236 nou
782 2181 886 2255 potest
908 2173 1064 2236 sospitare

134 2265 208 2338 post
228 2259 356 2321 ruinnm.
400 2259 511 2320 Cetera
531 2279 624 2338 vero,
657 2276 727 2319 eum
749 2256 810 2318 sint
831 2257 966 2338 minora,
990 2275 1068 2338 pos-1

135 2343 206 2402 sunt
239 2339 409 2420 dispensari
446 2349 477 2402 et
514 2341 705 2403 commutari.
749 2335 980 2413 Ooaeoitatem
1013 2338 1068 2402 bis·

135 2441 277 2502 caenam,
303 2442 381 2502 quae
403 2425 435 2484 in
457 2443 490 2484 re
513 2423 687 2485 Christiana
708 2429 740 2482 et
762 2422 866 2497 divina
885 2423 1002 2484 iudioat
1022 2420 1067 2484 de-

135 2507 308 2588 praeeeptis
340 2506 508 2568 seeundum
542 2525 638 2587 opera
666 2511 698 2565 et
732 2503 771 2567 de
804 2503 865 2566 fide
883 2504 1062 2569 seeundum

134 2609 304 2672 personas,
338 2590 421 2671 quod
455 2608 514 2667 nee
536 2588 652 2650 Gentes
686 2586 801 2649 iaciunt
834 2588 865 2648 in
886 2588 1062 2652 rebussuia

135 2674 287 2753 humanis,
309 2671 421 2735 deinde
433 2673 560 2734 verbum
571 2671 705 2733 hominis
726 2688 783 2750 pro
795 2671 926 2732 artieulo
939 2689 1066 2732 summo·

135 2756 207 2817 fidei
228 2758 386 2838 arripiunt.
429 2757 635 2836 Hieronymus
647 2752 731 2830 diruit,
753 2772 823 2815 sese
843 2752 1064 2816 audanterdio

136 2848 253 2923 turum,
291 2860 353 2902 non
392 2859 487 2922 posse
507 2839 609 2901 Deum
644 2837 793 2899 suscitare
822 2837 970 2917 virginem
992 2842 1065 2916 post

136 2924 264 2988 ruinam.
309 2923 389 3000 Quid
412 2923 451 2985 ad
466 2942 535 3000 ure,
557 2920 639 3001 quod
662 2919 963 2983 tuaudaoterdieis?
992 2918 1063 2982 Nou

137 3026 229 3086 quam
251 3007 409 3086 audacter,
431 3006 591 3085 sedqusm
605 3003 785 3076 veredioas,
806 3002 1064 3070 considerandum

136 3090 210 3151 mihi
232 3097 289 3152 est.
331 3090 440 3171 Neque
469 3091 549 3151 onim
583 3090 613 3148 iu
636 3086 797 3150 audaciam
821 3092 922 3168 tuam,
955 3084 1011 3148 sed
1032 3085 1067 3146 in·

138 3174 298 3234 veritatem
320 3173 382 3235 Dei
404 3172 508 3236 oredo.
536 3169 777 3253 rUndeprotas,
800 3189 864 3233 uon
887 3187 981 3251 posse
997 3176 1068 3231 sus-⁴

138 3256 224 3318 uitari
246 3257 394 3337 virginem
418 3264 489 3338 post
508 3257 638 3334 ruinam,
660 3254 752 3316 etiam
775 3253 899 3316 aDeo?
942 3251 1066 3315 Scilicet
1095 3315 1098 3319 .

137 3339 197 3400 hae
218 3339 354 3419 amputln
376 3341 458 3402 rudis
481 3339 579 3401 tentor
601 3336 777 3401 disnitnihil
799 3337 963 3417 pretiosius
975 3337 1068 3398 nesti·-

138 3441 223 3484 mare
245 3422 435 3503 virginitate,
456 3423 519 3485 hoe
538 3428 603 3501 est,
626 3440 705 3502 opus
726 3419 880 3502 praeferre
901 3418 992 3498 fldsi3
1012 3439 1066 3501 po·

137 3510 200 3567 test
218 3505 367 3567 suscitare
389 3512 561 3587 corruptam
584 3504 788 3586 virginitatem
811 3501 885 3566 fidei
905 3502 1068 3584 inspiritup

138 3594 171 3650 et
191 3607 255 3650 non
276 3593 381 3671 potest
399 3589 547 3651 tussitare
568 3593 742 3669 corruptam
765 3585 878 3649 earne?

189 3793 200 3819 ·.
212 3772 244 3842 ⁶)
265 3771 291 3828 2.
311 3769 426 3829 umen
445 3774 470 3830 e.
508 3774 541 3838 1)
560 3768 647 3828 rurus
666 3755 847 3829 munus
