2392 4170
136 1007 298 1127 synodi
313 1006 734 1131 augustinianorum
758 1009 810 1103 de
829 1007 1056 1104 Libertate

136 1174 156 1211 .·
283 1125 581 1221 Monachurum
611 1123 899 1240 Sententia*).

217 1479 373 1560 vicarius,
397 1480 533 1560 Priores,
564 1488 595 1541 et
616 1480 724 1541 fratres
747 1480 870 1542 Ordinis
890 1477 922 1543 S.
953 1481 1055 1558 Augu·
1140 1548 1144 1553 ,

135 1563 215 1643 suni,
239 1561 501 1644 Vnittembergam
524 1566 702 1641 convocati,
728 1564 765 1624 de
789 1567 885 1642 rotis,
908 1561 1055 1623 mendici-

135 1652 211 1723 tate,-
230 1653 263 1708 et
283 1647 350 1709 aliis
371 1647 491 1728 legibus
514 1649 692 1708 monasticis
714 1649 758 1708 sic
776 1647 1055 1729 pronunciavimns,
1139 1649 1144 1662 ’

135 1736 168 1791 ut
189 1731 339 1812 seqnitur,
360 1732 391 1791 iu
415 1750 475 1811 qua
497 1733 668 1807 sententia,
696 1731 767 1811 qnia
795 1729 985 1811 Scripturam
1014 1728 1055 1788 di-

133 1815 235 1875 riuam
259 1816 379 1895 sequuti
402 1833 517 1891 snmus,
539 1814 682 1876 uolumus
704 1833 762 1875 nos
787 1815 921 1876 humana
943 1810 1056 1873 autori·

130 1903 195 1958 tate
223 1896 285 1958 nlla
319 1905 373 1960 aut
399 1898 540 1959 humanis
569 1897 783 1959 traditionibus
815 1897 932 1979 premi,
966 1895 1056 1956 deest

132 1981 212 2041 enim
247 1981 341 2043 verbo
364 1982 422 2042 Dei
455 2001 562 2046 ornnes
595 1989 750 2043 creaturas
783 1981 902 2043 cedere.
953 1979 1055 2054 Quan-

132 2083 223 2144 quam
246 2065 367 2127 interim
389 2067 592 2144 permittimus
613 2065 771 2127 abundare
796 2083 851 2127 suo
874 2083 981 2139 sensu,
1004 2062 1054 2141 qui
1156 2068 1158 2072 “

131 2155 185 2208 aut
204 2147 286 2208 hanc
306 2148 477 2210 libertatem
500 2169 563 2210 non
587 2150 727 2229 capiunt,
749 2156 802 2210 aut
823 2153 977 2230 potestate
1001 2164 1057 2206 sua

133 2230 305 2292 concedere
328 2231 444 2294 nolunt.
487 2230 554 2294 Nos
583 2234 733 2293 rationem
756 2232 860 2293 iudicii
881 2231 977 2293 nostri
1001 2229 1057 2289 sci·

133 2333 200 2375 mus
231 2313 323 2373 etiarn
346 2313 413 2374 Deo
436 2313 625 2375 reddendam
648 2334 731 2384 esse,
758 2323 876 2376 tautum
899 2314 1003 2382 abest,
1025 2317 1058 2372 ut
1133 2326 1136 2330 ’

132 2395 307 2458 homiuibus
340 2396 469 2457 reddere
498 2416 668 2462 vereamur.
712 2397 750 2458 Et
787 2399 859 2478 quia
894 2395 1056 2458 consilium

134 2483 272 2542 nostrum
296 2486 353 2561 est,
376 2481 434 2560 piis
458 2481 654 2541 conscientiis
678 2479 813 2559 mederi,
835 2481 979 2542 uolumus
1002 2497 1056 2558 pa·

134 2563 277 2625 trocinari
300 2571 439 2624 nostrum
462 2562 606 2624 indicium
629 2564 684 2645 iis,
714 2565 764 2642 qui
789 2562 914 2623 verbum
937 2562 996 2621 Dei
1017 2559 1057 2620 ad

132 2647 298 2728 perniciem
324 2647 467 2709 licentiae
490 2647 590 2707 carnis
613 2651 804 2727 praetexant.
842 2645 883 2706 Et
901 2643 983 2724 qnod
997 2641 1057 2704 Gn·
1081 2679 1084 2684 Δ

133 2729 211 2792 tatas
233 2730 356 2806 Paulus,
378 2730 459 2792 idem
477 2749 535 2790 nos
559 2746 719 2792 monemus
736 2748 854 2806 omnes,
879 2727 931 2808 qui
952 2733 1059 2788 nostra

133 2813 212 2874 haec
233 2814 340 2876 lecturi
362 2814 411 2874 vel
433 2813 564 2875 audituri
586 2822 666 2892 sunt,
689 2813 770 2893 qnod
794 2812 880 2873 liberi
902 2812 972 2888 sint,
994 2828 1058 2870 mo·

133 2895 172 2957 dc
195 2916 235 2958 ne
257 2896 331 2958 dent
350 2896 521 2958 libertatern
544 2898 574 2958 in
598 2898 794 2959 occasionem
818 2896 912 2974 carui,
935 2893 988 2955 sed
1011 2911 1057 2953 sa-

133 2979 266 3040 tisfaciat
287 3000 344 3040 sua
366 2981 478 3060 cuique
499 2981 697 3044 couscientia.
728 2980 806 3040 Nam
830 2977 912 3059 quod
935 2997 975 3038 ex
996 2974 1057 3037 fide

133 3082 194 3124 nou
220 3061 264 3140 iit,
286 3071 448 3144 peccatum
472 3070 528 3125 est.
575 3064 718 3139 Proinde,
741 3062 873 3143 Fratres,
895 3061 990 3122 nolite
1013 3079 1056 3120 er·

131 3165 209 3224 rare,
232 3146 316 3207 Deus
338 3165 400 3208 non
424 3146 575 3212 irridetur.

215 3229 321 3294 Primo
345 3249 419 3310 ergo
442 3230 646 3310 permittimus
676 3229 818 3292 omnibus
850 3227 898 3288 vel
932 3245 1058 3287 manere
1145 3274 1147 3278 a

132 3313 162 3372 in
187 3314 368 3390 monastica,
390 3313 438 3373 vel
462 3313 603 3374 deserere
626 3314 826 3392 monasticen,
849 3310 983 3392 qnando,
1006 3309 1057 3389 qui

133 3396 163 3456 in
186 3395 307 3458 Christo
330 3403 420 3475 suut,
447 3415 505 3456 uec
531 3396 646 3473 Iudaei,
676 3415 735 3457 nec
763 3395 889 3472 Graeci,
913 3413 971 3454 nec
995 3412 1057 3453 ruo·

200 3588 229 3658 ⁸)
255 3587 360 3644 Textus
389 3588 514 3644 redditus
546 3595 589 3645 est
620 3588 773 3645 secuudum
803 3587 846 3645 od.
879 3586 950 3657 opp.
977 3584 1057 3641 Luth.

132 3660 277 3715 lonensem
296 3674 322 3715 a.
344 3662 422 3728 1557,
441 3660 489 3716 nbi
507 3660 535 3716 iu
554 3661 676 3737 paginae
695 3660 787 3734 capite
804 3659 929 3716 additum
948 3657 1060 3734 legitur:

130 3729 215 3801 Anno
233 3729 334 3798 Christi
352 3732 512 3794 ranam.
