2392 4170
140 249 185 318 66
403 251 445 306 De
463 249 542 321 Capt
563 251 658 320 Babyl.
678 251 817 306 Ecclesiae

138 405 214 467 fides
235 425 309 466 vere
329 407 368 465 sit
391 425 472 466 mors
495 412 525 466 et
546 408 738 485 resurrectio,
760 406 821 466 hoc
832 411 888 481 est,
898 404 1065 485 spiritualis

138 490 190 550 illc
212 490 396 570 baptismus,
419 508 479 568 quo
502 491 710 570 immergimur
732 499 762 549 et
785 491 981 569 emergimus.

222 571 312 648 Quod
351 591 424 653 ergo
455 573 606 653 baptismo
641 574 779 632 tribuitur
801 571 916 632 ablutio
952 592 971 630 a
995 591 1071 652 pee-¹

138 657 231 734 eatis,
253 675 325 716 vere
349 656 470 734 quidem
495 656 648 735 tribuitur,
678 657 731 715 sed
760 656 870 716 lentior
891 664 921 714 et
944 656 1066 716 mollior

138 747 184 799 est
206 738 407 819 significatio,
439 758 531 820 quam
561 749 593 798 ut
616 740 797 819 baptismum
822 739 989 820 exprimat,
1012 739 1065 817 qui

138 824 240 902 potius
263 823 368 883 mortis
392 835 422 882 et
442 824 672 883 resurrectionis
695 822 868 902 symbolum
898 828 953 883 est.
997 821 1064 882 Hae

136 906 256 966 ratione
282 912 381 966 motus
406 906 512 965 vellem
536 904 735 986 baptisandos
758 908 878 985 penitus
900 906 1063 984 inaquam

136 990 285 1071 immergi,
308 990 386 1048 sicut
409 990 692 1049 sonatvoeabulum
716 997 746 1048 et
757 989 860 1068 signat
874 989 1062 1068 mysterium,

136 1090 199 1132 non
220 1071 303 1150 quod
326 1072 532 1132 necessarium
556 1073 698 1153 arbitrer,
721 1073 773 1131 sed
797 1072 879 1150 quod
902 1071 1062 1151 pulchrum

136 1155 229 1232 foret,
265 1157 307 1215 rei
331 1163 392 1214 tam
415 1156 567 1234 perfectae
590 1168 619 1215 et
641 1156 754 1235 plenae
791 1157 922 1235 signum¹
939 1172 1063 1234 quoque

136 1238 260 1317 plenum
290 1245 322 1298 et
350 1240 517 1317 perfectum
546 1238 625 1316 dari,
647 1239 736 1297 siout
767 1245 797 1297 et
823 1240 995 1297 institutum
1017 1243 1066 1298 est

136 1322 202 1380 sine
224 1322 316 1381 dubio
339 1341 357 1381 a
381 1321 509 1382 Christe.
553 1322 701 1381 Peccator
730 1322 809 1380 enim
842 1340 905 1381 non
927 1329 988 1380 tam
1013 1321 1065 1380 ab·

135 1403 189 1480 lui,
211 1422 303 1482 quam
326 1405 403 1464 mori
425 1405 532 1482 debet,
562 1413 594 1463 ut
621 1412 702 1465 totus
733 1414 896 1464 renovetur
918 1405 948 1463 in
971 1404 1062 1463 aliam

136 1495 321 1565 ereaturam,
349 1494 381 1546 et
403 1497 433 1546 ut
462 1488 551 1546 morti
574 1507 612 1546 ac
639 1488 852 1547 resurrectioni
881 1487 993 1547 Christi
1018 1506 1062 1548 re·

136 1570 305 1648 spondeat,
333 1572 381 1629 oui
403 1590 458 1649 per
481 1571 663 1649 baptismum
685 1572 884 1630 commoritur
908 1580 938 1630 et
961 1588 1063 1631 eorre-

136 1654 242 1732 surgit.
285 1653 368 1712 Licet
391 1655 471 1712 enim
494 1656 594 1733 possis
617 1653 767 1713 Christum
797 1654 898 1714 dicere
926 1653 1063 1713 ablutum

135 1755 153 1795 a
176 1736 371 1813 mortalitate,
394 1736 465 1796 dum
479 1745 616 1797 mortuus
638 1743 686 1796 est
698 1745 728 1797 et
740 1739 914 1813 resurrexit,
938 1738 1062 1816 segnius

136 1825 239 1878 tamen
262 1819 392 1896 dixeris,
417 1838 507 1898 quam
531 1823 555 1879 si
578 1823 607 1879 in
631 1825 727 1879 totum
751 1826 898 1880 mutatum
924 1829 953 1880 et
974 1836 1063 1880 reno·

138 1907 242 1961 vatum
268 1902 392 1979 dixeris,
413 1903 456 1962 ita
479 1903 634 1962 ardentius
657 1912 712 1980 est,
734 1922 790 1982 per
802 1903 984 1983 baptismum
1008 1920 1065 1963 nos

136 1983 303 2064 significari
315 1985 456 2045 omnibus
480 1985 579 2045 modis
602 1987 722 2046 moriat
743 2005 902 2065 resurgere
922 1989 953 2045 in
970 1993 1066 2046 aeter·

136 2086 207 2126 nam
235 2069 338 2146 vitam,
361 2086 452 2147 quam
475 2068 556 2128 ablui
579 2088 599 2128 a
619 2070 763 2149 peccatis.

219 2149 277 2210 Hie
299 2153 407 2210 iterum
420 2151 515 2230 vides,
539 2153 680 2232 baptismi
703 2161 943 2230 sacramentum,
972 2153 1064 2212 etism

137 2233 239 2311 quoad
267 2234 403 2313 signum,
447 2253 509 2294 non
544 2254 612 2294 esse
646 2243 894 2295 momentaneum
939 2234 1063 2314 aliquod

136 2316 310 2396 negotium,
348 2316 402 2376 sed
433 2326 623 2397 perpetuum.
675 2319 760 2378 Licet
788 2320 869 2378 enim
898 2337 969 2377 usus
998 2319 1064 2378 eius

136 2399 237 2458 subito
267 2405 418 2477 transeat,
458 2410 560 2461 tamen
596 2420 643 2460 res
675 2405 743 2480 ipsa
776 2400 946 2482 significate
976 2401 1065 2462 durat

136 2481 293 2560 usquead
317 2490 455 2560 mortem,
477 2485 539 2544 imo
563 2486 816 2544 resurrectionem
839 2486 869 2543 in
894 2486 1062 2544 novissimo

136 2563 194 2624 die.
244 2564 397 2639 Quamdiu
432 2569 513 2626 enim
542 2569 685 2645 vivimus,
722 2587 844 2647 semper
871 2568 901 2626 id
932 2568 1063 2648 agimus,

136 2646 218 2726 quod
240 2647 408 2728 baptismus
431 2650 592 2730 signifieat,
616 2650 647 2710 id
669 2658 724 2729 est,
748 2653 893 2710 morimur
915 2660 945 2710 et
966 2670 1063 2711 resur·

136 2731 246 2810 gimus,
268 2733 424 2809 morimur,
447 2736 581 2812 iuquam,
604 2754 665 2795 non
689 2741 805 2794 tanturn
820 2735 929 2794 affeetu
954 2742 985 2793 et
1004 2737 1066 2814 spi·

135 2814 300 2895 ritualiter,
323 2833 384 2893 quo
407 2819 542 2895 pcccatis
565 2824 595 2877 et
617 2817 802 2877 vanitatibus
825 2817 927 2876 mundi
950 2837 1063 2877 renun-

135 2897 261 2975 ciamus,
283 2897 336 2957 sed
360 2919 466 2958 revera
479 2903 571 2960 vitam
594 2899 674 2960 hane
685 2902 877 2979 corporalem
899 2902 1064 2981 incipimus

135 2980 321 3060 relinquere,
354 2991 384 3041 et
410 2982 544 3059 futurum·
571 2986 663 3043 vitem
687 2983 933 3065 apprchendere,
968 2985 1065 3044 nteit

133 3063 224 3123 realis
249 3063 350 3144 (quod
373 3064 494 3147 dicunt)
518 3077 549 3126 et
576 3069 744 3147 corporalis
773 3087 896 3147 quoque
918 3069 1064 3127 transitus

135 3164 175 3205 ex
196 3146 256 3206 hoc
277 3146 393 3206 mundo
417 3148 456 3208 ad
478 3150 607 3210 Patrem.

218 3228 320 3303 Quare
342 3231 431 3290 nobis
453 3233 623 3292 cavendum
648 3240 695 3293 est
716 3234 754 3293 ab
777 3236 823 3312 iis,
846 3235 896 3313 qui
920 3233 1064 3313 baptismi

134 3313 193 3371 vim
218 3331 255 3373 eo
266 3313 452 3392 redegerunt
474 3318 630 3376 tenuitatis
651 3324 682 3376 et
693 3319 861 3399 parvitatis,
886 3324 918 3376 ut
932 3317 1063 3395 gratiam

134 3396 165 3454 in
189 3414 226 3455 eo
251 3395 355 3456 dieant
377 3399 497 3476 quidem
521 3399 647 3478 infundi,
670 3401 723 3459 sed
746 3407 856 3480 postea
878 3419 933 3480 per
954 3417 1064 3479 pecca·

133 3481 197 3540 tum
221 3478 352 3558 effundi,
380 3491 442 3541 tum
466 3484 527 3542 alia
548 3484 613 3562 vis,
643 3501 681 3542 ac
708 3485 768 3542 ism
798 3486 886 3563 quasi
909 3483 1063 3562 baptismo

131 3563 252 3641 penitus
275 3564 358 3624 irrito
381 3565 481 3644 lacto,
503 3567 542 3626 sd
573 3565 693 3626 eoelum
722 3568 864 3630 eundum.
915 3564 985 3625 Nou
1017 3567 1064 3627 sie

131 3652 163 3704 tu
186 3645 382 3725 arbitrabere,
404 3648 457 3706 sed
480 3649 633 3729 intelliges
656 3668 724 3709 earn
747 3669 815 3710 esse
838 3651 981 3730 baptismi
1000 3654 1060 3734 sig·

132 3727 350 3811 nilieationem,
372 3748 433 3811 qua
455 3733 593 3792 moriaris
616 3739 648 3792 et
669 3735 767 3812 vivas,
787 3734 864 3795 ideo
880 3752 942 3795 uon
965 3753 1061 3816 posse
