2392 4170
446 251 528 311 Dost.
546 251 626 311 Mart.
645 250 722 311 Luth.
912 291 917 299 -
993 249 1056 322 279

217 426 257 485 Et
286 424 409 504 quando
438 426 627 485 monasticen
661 426 731 486 ideo
759 426 866 501 volunt
894 426 1054 507 probatam

134 508 228 568 videri
251 508 332 588 apud
358 508 471 573 Deum.
506 508 587 587 quod
612 509 716 569 Sancti
741 510 770 568 in
794 509 947 576 illabens
969 511 1055 571 vixe-

133 594 201 667 rint,
225 610 278 652 cur
300 610 361 652 non
375 592 471 671 ignes,
495 591 627 671 gladios,
649 592 773 672 frigora,
795 591 919 672 bestias,
939 612 1054 667 cruces,

134 683 248 735 mortes
278 676 392 735 docent
419 674 565 754 probatas
588 694 606 734 a
628 674 696 736 Deo
732 686 761 734 et
784 677 962 737 vovendas?
1006 678 1053 738 An

135 761 362 818 convixerunt
389 758 468 817 bene
502 759 533 818 in
562 758 608 817 his
633 758 663 820 S.
686 755 858 838 Martyres?
891 759 921 821 fl.
946 759 1055 840 Hagno

134 842 163 901 in
189 842 327 921 lupanari
350 842 436 921 virgo
454 842 576 902 mansit.
619 841 659 900 Et
681 847 812 920 quantos
827 842 909 902 Deus
931 843 962 902 in
984 861 1055 922 peo-

133 933 202 985 cata
225 943 313 985 ruere
337 926 418 995 sinit,
441 928 473 984 ut
496 925 694 984 humilitatem
709 925 837 998 discant,
861 934 891 984 et
913 943 946 984 se
969 927 1053 1006 ipsos

133 1007 345 1088 cognoscant?
400 1007 510 1068 Paulus
543 1006 673 1072 Rom.7
702 1005 865 1067 confltetur
892 1017 1053 1087 peccatum

132 1093 162 1150 in
187 1110 277 1150 carne
311 1110 367 1150 sua
398 1090 547 1170 habitare,
569 1097 599 1151 et
629 1097 730 1150 tamen
759 1092 787 1149 in
812 1091 912 1151 medio
936 1094 1054 1170 peccati

132 1175 211 1234 bene
234 1175 323 1249 vivit,
358 1179 389 1235 et
411 1183 538 1253 peceato
571 1173 648 1234 bene
671 1173 771 1234 utitur.
797 1174 853 1234 m
875 1177 941 1254 quis
964 1173 1055 1236 Sanc·

132 1265 231 1318 torum
255 1275 318 1316 non
340 1258 370 1316 in
394 1275 502 1333 carne,
526 1256 656 1334 mundo,
684 1259 762 1315 inter
784 1255 952 1318 daemones
976 1259 1054 1319 bene

132 1341 228 1400 vivit?
292 1338 437 1418 Nunquid
471 1339 543 1400 ideo
579 1339 751 1401 vovendum
775 1346 821 1399 est
843 1360 921 1420 opus
944 1343 1054 1420 carnis,

133 1425 246 1503 mundi,
270 1421 406 1485 diaboli?
450 1424 490 1483 At
527 1424 611 1503 impii
643 1423 692 1484 isti
730 1423 821 1482 vitam
851 1425 1053 1485 monasticam

133 1529 192 1568 non
227 1508 335 1567 volunt
363 1525 430 1566 earn
462 1506 558 1567 videri
582 1513 716 1583 tantum,
755 1507 886 1586 inqua,
924 1507 977 1567 sed
1000 1527 1056 1587 per

132 1610 242 1671 quarn,
276 1610 330 1651 seu
353 1591 454 1670 potius
481 1608 542 1668 qua
573 1589 651 1650 bene
674 1591 800 1649 vivatur.
845 1588 949 1650 Genus
973 1592 1054 1652 vitae

132 1682 163 1736 et
184 1674 385 1735 substantiam
413 1674 478 1733 eius
512 1672 623 1732 bonam
648 1691 717 1732 esse
740 1670 870 1752 docent,
896 1693 949 1752 per
971 1673 1053 1753 quod

132 1759 204 1819 boni
226 1757 302 1818 fiant
323 1764 352 1817 et
376 1755 462 1818 salvi.
507 1755 574 1815 Hoc
586 1755 779 1834 sacrilegum,
802 1755 861 1816 boc
882 1757 1008 1837 impium
1025 1763 1054 1816 et

132 1841 344 1920 blasphemum
367 1846 424 1914 est,
448 1839 509 1899 hoo
531 1857 638 1900 eorum
662 1837 866 1917 mendacium,
889 1839 940 1899 hic
959 1859 1054 1916 error,

132 1922 253 1998 lincol)
278 1923 467 2003 hypocrisis,
496 1923 556 1982 hoc
593 1921 823 1982 daemoniorum
846 1929 1054 1982 commentum

131 2022 188 2083 est,
214 2007 275 2067 hoc
298 2007 449 2067 seducunt
471 2006 566 2066 corda
588 2000 789 2085 simplicium,
818 2005 951 2084 superba
972 2006 1055 2065 vani·

131 2092 201 2150 tatis
224 2098 370 2151 sonantes
395 2097 445 2162 (ut
467 2090 573 2149 Petrus
589 2087 624 2162 *l
651 2087 722 2170 ait).
752 2087 950 2148 Nullusenim
964 2087 1054 2150 Sanc-

132 2186 231 2233 torum
260 2192 314 2251 per
342 2190 408 2232 eam
444 2173 542 2233 bonus
572 2173 670 2235 lactus
693 2177 757 2249 est,
780 2191 839 2232 neo
860 2178 990 2252 possunt
1011 2170 1055 2231 ul·

133 2257 193 2314 lurn
217 2254 305 2313 huius
339 2255 514 2333 exemplum
546 2254 718 2316 ostendere.
763 2257 878 2317 Omnes
901 2263 1001 2315 autem
1025 2256 1054 2314 in

132 2338 199 2398 solo
224 2337 344 2397 Christo
369 2336 536 2414 perfidem
567 2346 596 2395 et
626 2337 699 2398 boni
731 2346 760 2397 et
783 2338 859 2397 salvi
882 2338 952 2398 lacti
976 2343 1055 2413 sunt,

133 2430 165 2481 ut
184 2421 213 2480 in
239 2419 417 2479 Bernhardo
442 2421 690 2481 monstravimus.

215 2502 275 2564 Sed
301 2509 331 2562 et
353 2501 384 2565 S.
407 2502 596 2580 Augustinus
619 2501 707 2561 dicit:
752 2502 816 2563 Vae
839 2502 995 2563 hominurn
1015 2503 1054 2563 vi-

134 2597 184 2648 tae
208 2596 478 2667 quantumcunque
500 2582 662 2654 laudabili,
700 2585 724 2643 si
747 2592 865 2644 remota
889 2587 1056 2646 misericor·

132 2672 183 2731 dia
205 2670 371 2747 iudicetur,
406 2669 581 2728 etiterum:
625 2666 805 2744 Turbabor,
827 2666 880 2726 sed
904 2687 964 2727 non
987 2687 1058 2747 per·

132 2752 287 2829 turbabor,
309 2754 382 2831 quia
394 2751 554 2811 vulnerum
567 2748 720 2818 Christi²l
746 2748 939 2810 recordabor.
964 2750 1057 2810 Vides

132 2846 162 2898 st
184 2836 265 2896 hunc
297 2856 382 2896 suam
419 2835 515 2914 ipsius
549 2840 581 2893 et
609 2834 744 2894 omnium
774 2833 868 2892 vitam
902 2832 1057 2906 damnare,

133 2920 171 2980 ad
207 2919 334 2980 vulnera
369 2926 469 2979 autern
494 2917 617 2977 Domini
630 2916 662 2999 ³)
700 2935 770 2976 sese
808 2922 975 2994 receptare.
1019 2915 1059 2977 ut
1119 2917 1120 2920 ’

133 3004 245 3064 Paulus
268 3002 368 3064 Galat.
395 3007 426 3064 l:
472 3001 552 3060 Vivo
575 3018 650 3080 ego,
685 3000 746 3059 iarn
777 3019 838 3059 non
870 3018 946 3077 ego,
986 2999 1058 3059 vivit

133 3106 207 3146 vero
230 3088 259 3146 in
284 3105 332 3146 me
346 3084 492 3147 Christus.
537 3079 652 3145 Omnes
674 3085 703 3142 in
722 3080 790 3143 solo
804 3081 925 3143 Christo
942 3083 1057 3156 vivunt,

134 3176 258 3244 vovent,
279 3168 377 3229 fidunt
410 3176 441 3228 et
462 3167 649 3248 gloriantur,
672 3165 743 3225 nihil
768 3165 805 3226 de
827 3166 971 3246 operibus
993 3165 1057 3225 suis

133 3254 314 3332 cogitantes.
358 3251 447 3312 Unde
475 3259 505 3310 et
534 3269 590 3309 nos
622 3249 765 3309 dicimus:
809 3249 982 3309 Analhema
1009 3249 1058 3324 sit,

133 3339 184 3416 qui
207 3335 289 3395 alind
312 3335 458 3411 docuerit,
484 3353 573 3413 quam
597 3333 626 3392 in
650 3334 717 3392 sola
739 3330 799 3390 fids
821 3342 889 3392 esse
913 3333 1058 3392 iustitiam

136 3428 166 3480 et
189 3419 335 3479 salutem.
378 3417 583 3478 Suntnehaec
606 3417 680 3476 salis
696 3414 805 3476 clara?
849 3416 969 3476 Clarum
983 3433 1058 3494 ergo

133 3504 224 3563 simul
247 3508 302 3583 est,
326 3509 399 3562 vota
422 3501 602 3580 monastica,
627 3497 749 3579 quando
764 3516 825 3558 non
848 3505 979 3579 possunt
997 3517 1059 3559 non

205 3686 237 3772 1)
260 3685 292 3740 In
319 3683 362 3740 ad.
381 3681 486 3753 priore:
516 3678 569 3765 hic.
626 3681 657 3751 ·)
678 3683 704 3738 2.
727 3680 787 3737 Pet.
807 3680 833 3740 2.
887 3681 920 3750 2)
942 3677 1060 3761 Ibidem-r

144 3756 264 3813 Domini.
301 3758 330 3826 3)
348 3754 466 3813 ibidem:
485 3751 596 3813 christi,
699 3804 702 3810 .
