2392 4170
406 244 459 304 Per
476 247 628 320 Magistros
642 250 822 313 Parisisnsss.
1023 255 1066 325 39

139 413 253 504 laios
283 417 515 507 Materianum
553 446 598 508 ex
636 404 746 512 variis
775 424 924 512 Luthcri
963 376 1075 516 lituis¹

141 536 366 625 encerptsrum
380 551 439 616 per
456 532 652 632 Theologiae
664 535 890 637 Universitatis
905 538 1064 637 Parisien·

142 631 188 677 sss
207 612 421 742 tenultatem.
460 617 702 786 Efflffionieu}
710 619 792 687 hbro
815 621 856 687 de
869 621 1064 708 Oaptiutate

138 851 187 912 De
212 854 423 916 sacramentis.

136 934 184 996 De
205 937 477 1000 constitutionibus
500 939 661 1002 ecelesias.

135 1017 183 1078 De
205 1037 332 1098 operum
355 1022 550 1102 aequalitate.

135 1100 183 1161 De
205 1103 295 1165 votis.

135 1183 183 1245 De
206 1184 311 1246 diviua
333 1188 476 1249 essentia.

135 1349 333 1415 Materiae
355 1370 403 1416 ex
426 1350 521 1417 aliis
543 1351 724 1416 eiusdem
745 1350 912 1417 Lutheri
942 1352 1061 1418 libris

483 1440 714 1520 excerptae.
1026 1440 1028 1445 ’

131 1565 179 1626 De
202 1565 408 1645 conceptione
430 1562 540 1626 beatae
562 1571 593 1625 et
614 1564 770 1646 gloriosae
792 1564 937 1646 Virginis.

131 1648 180 1709 De
202 1648 399 1712 contuitione.

133 1732 182 1815 De
205 1731 413 1794 confessione.

134 1815 183 1876 De
205 1814 414 1877 absolutione.

135 1900 181 1961 De
202 1897 420 1960 satisfactione.

134 1982 183 2043 De
205 1980 423 2042 accedentibus
446 1978 485 2040 ad
509 1979 743 2040 Eucharistiam.

135 2065 184 2126 Dc
205 2062 385 2126 certitudine
405 2063 540 2123 caritatis
561 2061 693 2124 habitae.

136 2148 184 2210 De
205 2148 352 2231 peccatis.

136 2233 181 2293 Dc
201 2230 386 2311 praeceptis.

134 2314 184 2376 De
205 2313 341 2375 consiliis
363 2310 569 2392 Evangeliois.

134 2397 183 2458 De
204 2394 394 2478 purgatorio.

135 2480 184 2541 De
206 2479 353 2542 conciliis
375 2473 600 2537 universalibus
622 2474 783 2538 ecclesias.

135 2563 184 2624 De
205 2561 428 2623 haereticorum
451 2576 562 2640 poena.

135 2646 187 2708 De
208 2644 352 2725 legalium
376 2643 559 2705 cessatione.

135 2729 183 2790 De
204 2727 287 2789 bello
311 2726 458 2788 adversus
479 2724 607 2787 Tuscae.

107 2818 110 2823 ’
136 2811 184 2872 De
205 2811 396 2871 immunitate
417 2806 718 2869 Ecclesiasticorum.

136 2895 183 2956 De
205 2893 302 2955 libero
324 2890 459 2953 arbitrio.

136 2976 184 3038 De
207 2975 404 3057 philosophia
427 2979 458 3038 et
479 2972 638 3052 theologia
658 2971 853 3035 scholastica.

136 3190 406 3301 Propositioncs
437 3212 482 3274 ex
513 3187 604 3273 tibio
627 3186 789 3292 botheri,
821 3186 883 3296 qui
900 3185 944 3272 ie
967 3183 1058 3292 Gap·

137 3303 261 3370 tivitate
281 3300 482 3386 Babylonica
515 3298 714 3380 inscribitur,
749 3295 905 3362 collectae
941 3300 975 3359 et
1000 3313 1058 3380 per

137 3385 376 3472 Theologorum
396 3382 627 3448 Parisiensium
650 3380 851 3445 Facultatem
875 3377 1057 3443 damnatas.

137 3470 322 3536 Scribentur
344 3471 451 3531 autem
474 3465 713 3551 Propositiones
735 3463 826 3548 ipsae
861 3460 1058 3540 maiusculis,

193 3558 227 3617 ot
246 3550 532 3616 condemnationes
555 3545 730 3614 minoribus
752 3543 999 3611 characteribus.

427 3701 484 3770 De
502 3700 783 3767 sacramentis.

223 3835 259 3912 1)
282 3832 403 3896 Recens
425 3838 472 3894 est
493 3833 630 3895 inventio
652 3837 927 3895 sacramentonum.
