2392 4170
375 253 520 309 Ambrosii
540 253 650 308 Gathar.
671 269 695 307 a.
715 251 793 308 1521.
996 245 1059 312 377

135 408 226 472 maia.
268 410 363 471 Tollit
389 412 468 470 enirn
496 409 700 471 obedientiam
730 407 861 469 iiiiorum
889 406 1059 486 aparenti-

136 492 203 569 bus,
226 513 349 555 armans
371 493 451 554 iiiios
473 496 502 553 in
527 503 678 574 parentes,
702 494 784 553 utin
808 492 941 552 henrico
964 489 1056 568 1V.1)

135 586 167 636 et
189 578 290 636 multis
315 578 381 637 aliia
403 580 500 636 visum
522 590 577 638 est.
622 577 696 639 Sese
718 579 796 636 enim
813 576 876 636 vuit
897 594 971 656 prae
994 592 1059 633 om·

136 659 225 720 nibus
256 659 360 720 audiri.
410 660 483 720 Item
515 660 597 739 quod
621 661 727 721 orbem
755 659 901 721 caedibus
935 666 965 717 et
992 677 1058 716 sau-

136 744 230 822 guine
252 743 350 821 replet
373 745 533 803 concitatis
555 764 610 822 pro
635 742 757 804 iibidine
780 762 862 803 mera
875 740 1009 822 Regibus
1031 747 1061 799 et

134 826 326 906 Principibus
348 828 377 885 in
409 835 512 886 mutua
541 828 683 904 vulnero,
718 834 749 887 ut
770 825 908 902 dubites,
930 845 968 884 au
991 826 1059 902 ipse

135 916 224 969 satan
253 929 384 988 regnans
418 911 490 970 tolia
517 917 631 989 posset.
674 910 738 971 Iam
771 911 851 988 rapit
877 906 1059 987 magnificus

136 992 215 1053 iatro
238 994 357 1071 integra
378 1012 473 1072 regna
495 1003 525 1052 et
547 992 692 1070 ducatus,
723 992 911 1071 devorotquc
940 992 1057 1071 episco-

140 1085 246 1155 patus,
269 1076 457 1150 sacerdotia,
493 1086 523 1135 et
546 1079 638 1137 totius
662 1075 744 1137 orbis
771 1094 832 1136 non
856 1075 955 1134 solum
974 1093 1061 1155 opes,

140 1157 193 1217 sed
217 1167 248 1218 et
269 1159 468 1218 substantiam
493 1159 634 1232 Anuatis,
656 1158 773 1235 Paiiiis,
795 1167 826 1218 et
846 1157 970 1218 infinitis
993 1157 1059 1216 niiis

135 1241 262 1318 artibus,
283 1261 433 1320 nusquam
446 1262 507 1302 non
518 1243 688 1319 fallacibus,
711 1241 836 1317 dolosis,
859 1240 1058 1300 mendacibus

83 1363 85 1367 -
138 1325 239 1385 verbis
262 1334 370 1384 texens
393 1332 424 1385 et
451 1333 594 1386 retexens
616 1327 736 1402 omnia,
764 1331 856 1404 prout
884 1325 981 1383 visum
1005 1330 1061 1383 cst.

138 1407 224 1468 Haec
247 1410 326 1468 euim
357 1410 460 1469 omnin
490 1411 534 1468 sio
563 1416 705 1488 operatur
735 1409 829 1468 homo
858 1408 914 1466 iste
943 1405 1061 1487 peccati

139 1498 170 1550 et
192 1490 272 1551 fliius
295 1492 484 1571 perditionis,
508 1502 540 1551 ut
562 1499 691 1572 peccato
713 1496 894 1569 essencget,
916 1490 978 1548 imo
992 1506 1062 1567 pec·

140 1583 210 1634 cata
233 1594 301 1633 ease
324 1583 453 1654 statuat,
488 1576 512 1635 si
536 1576 603 1653 quis
627 1577 655 1635 ei
684 1573 854 1634 resistatvel
884 1570 1063 1652 ogganniat,

138 1658 229 1716 etiam
252 1657 340 1717 nuliis
359 1658 483 1717 infernis
504 1659 578 1717 satis
591 1658 782 1736 castigabilis
794 1657 945 1735 trahitque
958 1671 1060 1714 secum

140 1742 170 1800 in
195 1740 274 1800 hauc
296 1742 477 1800 seutentiam
501 1741 681 1821 sacrilegam
705 1742 804 1799 sinon
826 1745 923 1799 totum
948 1737 1063 1813 orbem,

139 1830 222 1890 certe
244 1823 351 1882 saitem
376 1823 483 1903 vulgus
506 1824 588 1896 cleri,
612 1832 643 1883 et
664 1841 808 1901 magnam
830 1829 946 1901 portem
971 1822 1062 1880 luico·

139 1926 222 1981 rum,
258 1925 424 1984 secumque
458 1909 684 1969 consentientes
716 1904 813 1985 perdit
842 1906 871 1964 in
896 1911 1063 1980 aeternum,

140 2002 172 2048 ut
193 1989 239 2048 sic
261 2009 322 2049 non
347 2008 406 2048 uno
432 1989 541 2064 modo,
575 1990 628 2050 sed
662 1988 803 2049 omnihus
835 1986 934 2048 modis
965 1983 1064 2045 vasiet
1149 2019 1151 2024 ·

140 2080 172 2132 et
193 2080 369 2151 corrumpat
380 2075 492 2132 omnia.
523 2073 562 2132 Et
584 2075 623 2133 sit
635 2092 705 2134 vere
717 2071 899 2131 mirabilium
918 2076 1064 2129 vastator.

223 2154 282 2216 Sed
296 2155 333 2214 ad
347 2156 480 2214 maxima
497 2158 694 2233 omniumque
718 2155 871 2215 teterrima
895 2154 1065 2229 veniamus,

137 2247 269 2317 'eaquae
290 2240 319 2296 in
344 2245 567 2297 sacramentum
592 2239 694 2298 aitaris
717 2245 747 2297 ct
759 2237 901 2317 baptismi
917 2255 971 2295 seu
991 2253 1062 2313 poe·

142 2322 287 2381 nitentiae
310 2330 473 2400 grassatur.
506 2322 637 2381 Primum
654 2320 721 2381 tulit
744 2320 782 2379 ab
800 2321 932 2379 ecclesia
945 2321 1064 2378 univer-

139 2424 206 2463 sum
221 2406 396 2484 mysterium
409 2404 528 2462 Missae.
560 2404 645 2463 Hauc
657 2406 701 2462 sic
716 2404 847 2462 vastavit
857 2404 887 2461 in
912 2401 1008 2477 iaicis,
1032 2408 1062 2460 ut

140 2488 266 2547 aiteram
288 2495 405 2567 partem
428 2488 471 2546 eis
494 2489 615 2566 penitus
638 2487 783 2558 auferret,
808 2504 866 2544 nec
888 2484 986 2543 solum
1011 2503 1061 2543 au-

138 2570 243 2649 ferret,
265 2570 318 2629 sed
341 2578 521 2649 peccatum,
549 2571 611 2629 imo
641 2577 808 2628 extremam
831 2567 981 2627 haeresim
1005 2572 1062 2625 sta·
1126 2627 1131 2644 ‚

140 2661 252 2728 rueret,
275 2655 298 2711 si
322 2654 390 2731 quis
412 2654 498 2712 iuxta
518 2652 628 2712 Christi
651 2652 820 2711 institutum
850 2657 978 2727 utraque
1002 2656 1064 2708 ute·

139 2744 229 2796 retur.
276 2736 354 2794 Proh
378 2735 475 2796 Deum
504 2737 624 2811 vivum,
654 2741 769 2814 quanta
797 2732 927 2793 audacia
948 2731 1063 2792 abomi·

140 2819 272 2879 nationis
295 2818 407 2877 huius?
430 2819 460 2879 Si
484 2820 563 2878 enim
578 2818 715 2878 Christus
737 2816 943 2898 prohibuisset
964 2819 1064 2874 utram

140 2903 292 2981 speciem,
324 2901 495 2961 haereticus
527 2910 592 2960 erat
620 2909 780 2979 utramque
809 2898 972 2976 accipiens,
1025 2898 1064 2956 At

141 3003 222 3044 nunc
245 3003 313 3043 cum
338 3004 397 3043 non
421 2984 591 3063 prohibeat,
616 3002 653 3043 ac
665 3003 719 3062 per
741 2983 800 3042 hoc
822 2981 937 3041 nulium
955 2999 1064 3060 pecca·

143 3079 205 3127 tum
239 3066 302 3126 iiiic
335 3075 445 3145 ponat,
477 3069 539 3126 imo
572 3068 709 3125 institunt
742 3073 901 3142 utramque
936 3073 1064 3143 partem,
1100 3090 1102 3092 ·

77 3219 81 3227 ¹
142 3158 243 3210 tamen
268 3150 407 3207 Vicarins
429 3151 458 3207 in
488 3167 520 3207 rc
549 3167 610 3207 non
639 3147 808 3228 prohibita,
842 3146 895 3206 sed
928 3145 1012 3206 licitu
1035 3153 1066 3206 et

141 3233 247 3305 libera,
268 3233 331 3290 imo
356 3230 508 3290 aGhristo
531 3231 681 3307 ordinata,
704 3232 809 3291 statuit
820 3248 971 3290 summam
994 3230 1063 3289 hae·

141 3319 249 3391 resim,
280 3312 391 3372 nedum
414 3321 583 3393 peccatum.
628 3315 692 3374 Nec
714 3316 758 3374 sic
780 3313 989 3372 antichristum
1014 3332 1065 3391 ag-

143 3400 288 3474 noscitur,
311 3399 382 3475 quin
406 3397 507 3457 adhuc
528 3397 688 3477 odoratur,
712 3406 743 3457 nt
764 3397 904 3456 Vicarins
927 3396 993 3456 Dei.
1037 3395 1063 3456 0

141 3483 251 3542 horror
274 3481 338 3540 irae
365 3480 474 3539 furoris
504 3481 638 3542 Domini.
688 3480 781 3541 Plane
812 3497 871 3560 ego
900 3485 996 3540 totum
1020 3499 1064 3538 nr-

143 3564 238 3625 hitror
260 3561 407 3642 ablatum,
430 3565 516 3624 cuius
528 3571 646 3644 partem
669 3564 802 3625 ablatam
818 3561 918 3642 video,
940 3560 1063 3640 quando

198 3744 232 3816 1)
250 3742 281 3797 In
301 3743 343 3798 ed.
363 3746 447 3816 briga
465 3743 579 3807 Hierico
598 3742 643 3803 lv,
838 3706 859 3756 θ’,
