2340 4162
171 238 236 307 120
525 234 751 308 ”vm

171 398 260 477 stoli,
286 394 397 481 quibus
418 392 494 457 solis
515 392 647 457 fideliter
673 400 706 455 et
730 392 853 454 nitimur
873 404 906 456 et
927 408 1095 454 servamur.

502 520 635 587 Prima
654 541 758 608 pars.

257 628 348 711 Papa
368 632 561 713 ingressurus
583 629 856 706 suaeDecretalee,
877 626 964 687 dicit:
985 625 1099 687 Trana-

172 713 236 776 lato
258 712 449 794 sacerdotio,
472 733 599 776 ueceese
621 723 678 788 est,
699 720 734 773 ut
769 719 799 773 et
833 712 911 792 legis
932 708 1098 771 translatio

172 796 236 859 liat.
275 795 344 873 Quo
367 798 472 871 verbo,
494 800 519 858 si
541 799 609 878 quie
631 797 793 873 dubitaret,
814 798 860 857 ius
882 794 956 855 illud
979 793 1097 871 magui-

170 877 262 943 licum
284 888 317 941 et
337 882 563 942 sanctissimum
586 881 688 962 legum
706 878 936 941 condendarum
958 884 991 937 et
1011 895 1098 938 arro·

173 968 227 1045 gut
252 971 285 1025 et
312 965 514 1041 monstrat¹),
551 985 612 1045 qua
644 963 706 1025 lide
728 971 761 1024 et
792 964 968 1025 sinceritate
995 960 1099 1021 nullas

172 1064 236 1108 non
270 1054 382 1109 tractat
413 1047 590 1130 Scripturas
618 1049 809 1121 autoritates,
831 1041 850 1112 d
871 1042 1099 1128 ἀντικείμενος

170 1129 223 1193 ille
271 1129 340 1194 Dei.
403 1131 478 1193 Vult
523 1134 605 1193 euim
651 1131 742 1192 buius
791 1130 863 1192 dicti
912 1149 982 1190 eum
1025 1147 1098 1189 esee
1150 1126 1157 1141 '

171 1228 322 1287 sensum,
368 1214 452 1295 quod
500 1215 637 1278 Christus
681 1214 853 1276 ascendens
885 1214 916 1274 in
973 1211 1097 1273 coelum

173 1295 360 1359 transtulerit
397 1299 603 1359 sacerdotium
638 1318 727 1358 suum
756 1300 787 1359 in
821 1298 966 1376 Petrum,
987 1294 1098 1356 Petrus

171 1378 284 1441 deiude
304 1381 335 1440 iu
357 1380 485 1462 Pupam,
507 1389 539 1443 et
558 1382 643 1461 Papa
664 1385 694 1441 iu
717 1401 805 1442 suum
823 1379 953 1460 quisque
970 1394 1098 1458 succes

171 1481 284 1527 sorem.
327 1462 406 1525 Hinc
440 1483 508 1526 cum
548 1465 682 1527 babeant
717 1463 924 1526 sacerdotium
957 1463 988 1522 in
1026 1480 1098 1522 sese

171 1546 351 1608 translatum
373 1554 405 1609 et
416 1548 581 1609 sacerdotii
603 1550 643 1608 sit
664 1547 765 1629 legem
780 1547 903 1617 docere,
927 1543 1097 1619 concludit,

170 1648 268 1711 penes
296 1647 331 1691 se
363 1650 433 1691 esse
466 1638 498 1693 et
524 1632 572 1692 ius
594 1631 714 1692 dicendi
745 1631 840 1710 leges.
881 1629 949 1689 Tali
978 1628 1098 1688 scilicet

171 1710 302 1775 exordio
330 1711 440 1793 diguus
473 1715 528 1775 luit
555 1716 613 1775 iste
641 1713 718 1776 liber
744 1716 831 1775 istius
859 1713 984 1773 autoris.
1026 1709 1097 1772 Hoc

172 1796 226 1856 uiti
254 1795 453 1859 laudamento
487 1797 591 1859 debuit
617 1797 698 1858 istud
731 1796 936 1858 sacerdotium
970 1800 1003 1855 et
1029 1795 1096 1854 eius

169 1879 292 1961 generis
315 1879 409 1962 leges.

251 1960 393 2024 Ceterum
422 1966 448 2024 si
481 1970 604 2044 spectes
637 1963 774 2024 divinum
814 1961 997 2038 consilium,
1032 1979 1095 2040 quo

111 2048 118 2063 ‘
170 2043 250 2106 solet
271 2044 435 2107 Balaamos
457 2056 488 2108 et
500 2046 633 2128 caiphas
648 2048 726 2109 istos
741 2052 884 2128 potenter
895 2042 1094 2120 contundere,

169 2128 333 2208 intelliges,
355 2129 417 2190 boc
438 2132 599 2210 prooemio
622 2140 763 2191 coactum
787 2149 855 2190 esse
879 2128 1039 2204 Seianam,
1062 2135 1096 2188 ut

167 2209 377 2291 imprudenter
388 2212 540 2292 proderet,
563 2213 634 2293 quid
657 2213 884 2274 esaetlacturue
903 2231 959 2291 per
976 2210 1092 2290 Papam

168 2300 200 2355 et
223 2293 308 2373 leges
330 2296 395 2356 eine
425 2297 454 2356 iu
479 2297 605 2359 mundo.
649 2297 735 2358 Sicut
757 2298 836 2357 euim
861 2292 1016 2374 Caiphae,
1050 2295 1094 2355 ita

168 2384 200 2437 et
220 2376 304 2456 Papa
330 2378 380 2438 hic
401 2380 590 2440 verissimam
615 2381 773 2441 veritatem
804 2381 924 2440 locutus
946 2383 1010 2446 eat,
1038 2376 1092 2438 sed

168 2476 229 2519 uou
252 2479 293 2521 ex
321 2463 434 2523 auimo.
476 2460 556 2524 Vere
585 2464 666 2524 enim
696 2470 726 2523 et
753 2462 957 2524 sacerdotium
981 2458 1092 2521 Christi

167 2547 199 2603 et
225 2542 326 2624 legem
355 2546 420 2605 eius
443 2545 567 2608 volebat
594 2547 772 2626 transferre,
801 2545 931 2627 profecit
959 2543 1092 2624 denique

166 2631 199 2686 et
232 2627 385 2687 transtulit
422 2635 452 2689 et
514 2647 617 2690 roreue
648 2631 825 2706 evacuavit,
859 2636 891 2688 ut
926 2627 985 2688 iam
1028 2646 1090 2689 nou

167 2708 305 2772 Christus
334 2712 374 2771 sit
396 2650 560 2790 sacerdos,
590 2712 644 2773 sed
672 2712 779 2793 Papa,
813 2731 871 2772 neo
906 2710 955 2769 lex
979 2710 1090 2771 Christi

166 2810 224 2853 noe
248 2792 368 2875 dirigat,
392 2794 445 2854 sed
471 2794 555 2876 leges
578 2795 692 2877 Papae,
715 2796 744 2856 id
768 2801 824 2871 eet,
846 2793 1000 2856 horrenda
1022 2814 1088 2875 per·

167 2877 310 2937 versitate
346 2875 536 2939 abominatio
567 2886 627 2939 etat
657 2880 687 2938 in
722 2879 791 2940 looo
821 2882 950 2957 sancto,
981 2884 1012 2936 et
1034 2896 1088 2957 pro

166 2956 288 3020 Christo
310 2961 532 3040 regaveritatie
554 2967 665 3042 regnat
685 2980 845 3043 supernos
868 2960 984 3020 idolum
1008 2980 1089 3021 men·

166 3041 246 3105 dacii
268 3048 299 3104 et
320 3045 459 3124 operatio
481 3045 601 3108 erroris.
645 3043 773 3106 Prorsus
795 3043 917 3104 abunde
940 3044 1090 3124 praestitit

165 3120 269 3206 Papae
297 3124 516 3207 abominatio,
551 3145 629 3206 quae
652 3128 713 3190 hoo
743 3129 904 3208 prooemio
939 3127 1088 3207 promisit.

165 3207 268 3352 Atcpue
290 3208 328 3270 de
349 3209 428 3290 legis
450 3208 653 3271 translatione
675 3229 731 3272 suo
753 3212 824 3271 loco
847 3208 1030 3286 videbimus,
1053 3210 1088 3269 si·

166 3310 216 3352 mu
256 3292 347 3352 visuri
377 3293 527 3373 principia
553 3293 606 3353 illa
638 3292 708 3355 fidei
736 3294 929 3373 lupanarium
957 3293 1089 3369 illorum,

165 3391 244 3454 quae
266 3394 299 3435 se
320 3375 443 3436 scholas
465 3375 653 3437 Christianae
682 3378 878 3439 mentiuntur.
922 3374 969 3437 De
992 3383 1089 3438 trane·

165 3456 230 3519 lato
253 3457 439 3540 sacerdotio,
464 3459 587 3540 quaudo
610 3457 671 3520 hoc
693 3459 731 3520 ad
754 3459 924 3521 institutum
948 3462 1088 3540 proxime

164 3540 307 3620 pertinet,
330 3542 460 3621 primum
485 3541 652 3606 videamus.

249 3622 357 3685 Certus
380 3630 446 3686 esto
470 3644 528 3685 nea
552 3624 614 3687 ulla
635 3625 835 3706 persuasione
858 3625 919 3686 lulli
943 3632 973 3686 te
995 3629 1087 3707 sinas,

235 3758 263 3831 t)
282 3758 312 3814 ln
332 3755 377 3827 ed,
394 3757 463 3817 lau:
483 3757 535 3823 sibi
554 3765 670 3831 arrogat
688 3764 717 3815 at
733 3764 876 3817 monstrat.
