2392 4170
413 244 498 303 Missa
515 245 625 318 privata
641 247 674 305 D
686 247 728 309 ll,
747 245 778 306 b.
798 242 800 246 ’
833 221 835 227 Ι
1002 247 1068 333 13ῥ

222 407 272 473 Ita
299 409 441 474 mulieres
462 410 573 472 Paulus
604 410 747 493 prohibet
778 411 882 493 loqui,
899 431 970 483 non
991 413 1068 497 sim-

139 494 270 576 pliciter,
293 494 348 556 sed
371 496 402 557 in
425 495 572 574 ecclesia,
601 505 714 577 nempe
748 495 800 558 ubi
825 505 896 559 sunt
915 489 978 558 'viri
1007 516 1063 579 poe
1170 507 1172 511 ’

140 584 239 640 tentes
270 579 371 658 loqui,
394 585 426 640 ut
448 599 487 640 ne
509 579 714 641 confundatur
734 579 881 643 honestas
913 588 943 642 et
976 580 1063 661 ordo,
1125 614 1127 618 ⁴

140 683 209 724 cum
234 663 278 723 vir
300 661 401 724 multis
423 662 523 724 modis
546 665 586 724 sit
613 683 687 745 prae
716 665 843 727 muliere
871 663 1001 727 idoneus
1023 664 1069 740 ad

140 745 338 827 loquendum,
361 752 392 807 et
411 747 508 827 magis
531 767 600 808 eum
623 746 741 809 deceat.
784 745 848 811 Sed
865 768 924 811 nec
944 769 984 809 ex
1005 768 1066 819 suo¹

140 831 242 910 capite
263 829 377 891 Paulus
399 830 460 892 hoc
480 829 633 912 prohibet,
655 832 718 892 imo
741 831 866 894 adducit
887 825 998 952 legem,
1021 827 1063 895 di‘-

140 933 240 994 cens,
279 912 416 975 subditas
450 934 518 974 esse
541 913 670 996 debers,
693 916 772 976 sicut
800 923 830 976 et
858 914 910 977 lex
936 915 951 998 )
981 915 1062 993 dicit,

141 996 210 1073 Qua
231 998 395 1078 autoritate
418 997 553 1058 divinae·
568 998 645 1078 legis
667 1006 768 1060 certus
791 1007 875 1078 erat,
897 998 982 1081 quod
1004 1000 1067 1082 spi:

139 1083 213 1142 ritus
236 1081 295 1142 sibi
318 1081 377 1160 ipsi
400 1101 461 1142 non
486 1080 727 1159 contradiceret,
756 1090 787 1145 et
808 1083 950 1163 mulier-ss
979 1084 1063 1164 prius

138 1183 195 1245 per
216 1184 286 1225 sum
310 1165 381 1225 viris
404 1163 567 1245 subiectas,
590 1184 671 1227 nunc
700 1165 792 1247 supra
814 1167 897 1228 viros
919 1185 982 1230 non
1001 1166 1063 1239 ele-
1136 1178 1138 1180 ’

139 1254 234 1325 varst,
257 1248 329 1326 quin
344 1248 447 1329 potius
465 1255 626 1310 memoret
648 1255 742 1311 tenax
757 1251 804 1311 sui
816 1251 955 1332 instituti,
977 1270 1070 1332 proc,

139 1330 276 1393 sentibus
299 1331 381 1409 viris,
405 1333 501 1413 magis
531 1333 612 1395 viros
640 1351 730 1412 quam
754 1333 896 1394 mulieres
933 1332 1069 1403 afflaret,

139 1415 263 1494 Alioqui
297 1414 455 1494 quomodo
487 1415 572 1477 solus
602 1415 716 1476 Paulus
749 1417 906 1478 resisteret
938 1415 1067 1497 spiritui,

139 1506 258 1574 sancto,
282 1499 385 1578 quiin
408 1497 577 1576 Iohele**)
603 1500 760 1580 promisit:
782 1500 822 1561 Et
835 1496 1064 1581 prophetabunt

139 1580 220 1644 filiae
241 1581 384 1643 vestrae?
427 1582 466 1643 Et
486 1582 593 1645 Actor.
615 1586 676 1647 21:
706 1583 803 1644 Erant
823 1582 964 1665 Phiiippo
988 1602 1063 1664 qua-

139 1671 208 1726 tuor
237 1664 320 1726 liliae
350 1666 482 1746 virgines
514 1665 746 1747 prophetantes.
793 1665 833 1727 m
860 1666 957 1738 Maria
983 1666 1063 1729 Mosi

138 1767 227 1810 soror
249 1756 316 1811 erat
335 1750 503 1831 prophetis.
547 1749 588 1810 Et
614 1748 694 1811 Olda
724 1749 881 1830 prophetis
904 1743 1067 1824 »consuluit

138 1833 333 1893 sanctissimo
361 1834 428 1914 regi
461 1833 571 1895 Iosiae.
614 1832 655 1893 Et
682 1833 798 1895 Dibora
826 1833 937 1894 ducem
965 1834 1064 1905 Barac

137 1917 291 1977 iustruxit.
333 1914 483 1998 ,Denique
510 1917 542 1980 B.
568 1917 702 1996 Virginis
735 1918 888 1978 cauticum
921 1918 1065 1979 universo
1099 1942 1101 1946 ·

133 1999 607 2081 cslebratecelesiaperorbem.
631 1999 889 2081 Etipsemet***)
909 2019 980 2081 cap.
1004 2003 1057 2064 11.

138 2082 239 2161 docet,
263 2084 420 2144 mulierem
443 2082 555 2145 debere
577 2083 679 2145 velato
709 2084 810 2165 capite
832 2102 920 2145 orare
942 2089 974 2146 et
995 2101 1063 2164 pro·

136 2165 275 2248 phetare.
320 2165 404 2229 Ordo
427 2168 531 2247 itaque
553 2174 585 2228 et
605 2166 753 2229 honestas
776 2175 839 2247 est,
862 2170 895 2229 ut
917 2167 989 2228 viris
1012 2167 1060 2228 lo·

133 2250 296 2330 quentibus
319 2252 348 2310 in
372 2250 504 2311 ecclesia
525 2256 650 2312 taceant
673 2251 825 2335 mulieres,
848 2251 938 2313 nullis
957 2257 1059 2319 cutem

133 2332 329 2414 loquentibus
352 2334 434 2414 viris,
456 2353 585 2394 necesse
608 2342 654 2394 est
677 2341 710 2394 ut
720 2333 885 2414 loquantur
909 2327 1071 2405 mulieres).

216 2416 436 2478 Concludimus
465 2437 539 2496 ergo
574 2417 620 2476 his
654 2417 874 2479 robustissimis
896 2417 1061 2500 scripturis

134 2499 326 2579 confirmati,
355 2519 448 2561 unum
479 2519 548 2560 esse
583 2498 753 2581 duntaxat,
783 2500 878 2580 idque
898 2515 1067 2569 commune
1119 2529 1121 2534 ¹

134 2582 277 2644 omnibus
300 2583 481 2645 Christianis
510 2585 540 2644 in
571 2583 703 2645 ecclesia
737 2583 936 2645 ministerium
964 2582 1061 2662 verbi,

134 2665 219 2746 quod
247 2686 354 2728 omnes
382 2668 468 2749 loqui
498 2673 529 2728 et
558 2665 695 2727 iudicare
716 2672 863 2748 possunt,
897 2673 927 2728 et
954 2686 1062 2729 omncs

132 2749 241 2812 audire
263 2757 414 2816 tenentur.
446 2750 486 2810 Et
508 2770 576 2811 cum
594 2749 751 2830 Scriptura
763 2749 845 2811 aliud
860 2751 1062 2826 ministerium

132 2833 264 2914 ignoret,
287 2835 460 2914 quaerimus
479 2835 518 2896 ab
532 2832 624 2894 idolis
639 2834 807 2914 papisticis,
829 2833 911 2895 unde
928 2831 1064 2905 babeant

134 2935 225 2977 suum
249 2918 451 2978 ministerium
479 2916 555 2979 iliud
577 2917 868 2980 incommunicabile
892 2915 1080 2990 omnibus‘l

135 2999 235 3080 Agite,
258 3001 379 3081 prodite
406 3002 462 3061 viri
483 3003 661 3082 Pspsnses,
692 2999 846 3062 ostendite
880 3019 974 3061 unum
996 3001 1067 3067 iota¹
1176 3011 1177 3014 ’

134 3081 310 3163 Scripturas
334 3082 372 3144 de
393 3085 562 3159 ministerio
586 3080 699 3146 vestro.
743 3083 793 3147 An
826 3083 955 3146 buccam
977 3076 1066 3166 iilam¹

134 3168 318 3247 sacrilegam
352 3167 469 3248 Pelagii
504 3167 706 3248 producatis:
724 3167 785 3230 Ubi
818 3173 866 3228 est
894 3166 1062 3245 maioritns,

133 3250 176 3312 ibi
198 3256 245 3311 est
267 3249 433 3311 mandandi
455 3250 631 3318 autoritas?
649 3251 808 3314 Consulite
822 3249 1012 3318 Parisienses
1032 3259 1063 3320 et

133 3333 343 3395 Lovanienses
368 3334 546 3395 biennones.
571 3335 697 3407 Interim
721 3354 778 3397 nos
801 3333 873 3414 quid
891 3331 1066 3395 faciemus?¹

134 3417 335 3478 Ministerium
364 3424 499 3479 vestrum
529 3437 597 3478 cum
633 3419 808 3481 sacerdotio
844 3425 875 3479 ct
908 3415 1066 3483 sacrificio¹

134 3502 196 3562 ism
218 3503 309 3563 tertio
324 3502 555 3580 prosternimus,
579 3507 609 3561 et
621 3505 871 3583 pronunciamus,
896 3500 1064 3563 autoritate

135 3583 255 3666 divina,
280 3583 470 3647 confidenter
497 3591 528 3646 et
556 3583 650 3647 libera
672 3585 882 3649 conscientia:
915 3581 1067 3666 Quando-4

213 3766 351 3840 ,Q
370 3769 395 3826 3,
434 3727 573 3840 „sn
592 3771 618 3826 2.
745 3767 855 3827 n,
874 3748 943 3854 ,ηρ
982 3725 994 3863 ῃ,
1046 3743 1060 3750 ··
