2392 4170
152 239 195 306 46
406 241 447 296 De
465 240 545 312 Capt.
565 242 663 310 Babyl.
682 241 823 297 Ecclesiae

157 415 352 475 summopere
375 396 525 474 cavendo,
548 415 587 455 nc
609 395 721 456 fiducia
735 396 947 474 consessionis,
970 397 1081 456 oratio·

155 481 214 557 nis,
237 481 478 557 praeparationis
501 481 660 557 quisquam
685 478 822 557 accedat,
845 478 899 539 sed
923 481 969 539 his
985 480 1081 539 omni·

154 561 209 622 bus
223 561 390 641 desperatis
413 563 442 621 in
456 563 589 641 superba
600 562 939 641 fiducialpromittentis
959 562 1081 639 Christi,

157 647 238 724 quia,
260 652 293 704 ut
315 645 428 704 dictum
451 654 497 705 est
519 648 609 725 satis,
637 644 763 704 verbum
792 647 1003 725 promissionis
1032 646 1082 704 bic

156 729 256 788 solum
277 747 406 807 regnare
428 728 533 805 debet,
564 730 595 788 iu
617 728 677 788 fide
699 748 791 807 pura,
812 747 891 808 quae
917 736 964 789 cst
992 730 1083 788 unica

156 823 187 871 et
208 810 275 871 sola
299 810 452 871 sufficiens
474 813 678 892 praeparatio.

241 893 386 954 Videmus
410 914 450 954 ex
471 895 535 973 his,
565 914 657 974 quarn
685 894 793 973 grandi
814 896 860 953 ira
881 894 937 954 Dei
967 894 1080 954 lactum

154 980 209 1054 sit,
243 987 276 1036 nt
298 976 392 1037 verba
420 980 592 1038 testamenii
627 977 715 1036 huius
749 996 806 1037 nos
841 978 967 1037 celarint
997 978 1081 1056 impii

156 1061 316 1137 doctores,
345 1068 437 1138 atque
466 1081 520 1140 per
543 1062 602 1120 boc
623 1063 721 1139 ipsum
744 1059 837 1119 fidem
859 1062 1082 1135 exstinxerunt,

66 1197 71 1204 .
156 1150 303 1222 quantum
327 1146 357 1202 in
380 1145 424 1204 eis
446 1143 510 1204 fuit.
553 1143 616 1204 lam
640 1162 769 1222 pronum
793 1150 840 1202 est
862 1145 980 1218 videre,
1008 1144 1081 1221 qnid

156 1227 195 1287 ad
217 1226 308 1286 fidem
322 1228 505 1286 exstinctam
518 1228 604 1305 sequi
616 1227 671 1286 fuit
692 1245 828 1302 necesse,
853 1246 964 1305 nempe
979 1246 1084 1306 super·

155 1311 295 1370 stitioues
318 1328 444 1389 operum
467 1311 671 1389 impiissimas.
715 1309 774 1369 Ubi
798 1311 878 1368 enirn
901 1309 977 1368 fides
1002 1312 1082 1369 occi-

157 1394 214 1470 dit,
249 1399 279 1452 et
301 1392 424 1452 verbum
447 1393 518 1453 fidei
549 1393 747 1467 obmutescit,
778 1392 821 1451 ibi
852 1410 925 1452 mox
954 1401 1083 1472 surgunt

156 1495 251 1556 opera
273 1477 303 1535 in
327 1476 427 1536 locum
453 1479 528 1554 eius,
551 1484 582 1535 et
602 1476 780 1535 traditiones
794 1494 930 1554 operum.
965 1474 1082 1548 Quibus

157 1579 213 1619 ceu
236 1561 414 1638 captivitate
436 1559 627 1639 Babylonica
648 1560 786 1618 translati
809 1578 913 1617 sumus
942 1559 980 1618 de
1003 1568 1082 1618 terra

156 1649 278 1717 nostra,
307 1643 403 1721 captis
436 1642 576 1702 omnibus
600 1642 850 1702 desiderabilibus
874 1644 994 1703 nostris.
1038 1643 1084 1701 lta·

156 1727 311 1786 demissa
332 1726 469 1807 contigit,
491 1745 570 1805 quac
586 1727 749 1804 impiorum
764 1726 919 1785 hominum
944 1725 1083 1784 doctrina

155 1815 271 1869 mutata
294 1816 341 1868 est
362 1810 392 1867 in
415 1828 493 1889 opus
516 1810 649 1885 bonum,
672 1808 755 1886 quod
785 1810 842 1887 ipsi
868 1817 981 1867 vocant
1004 1827 1082 1887 opus

156 1898 331 1972 operatum,
354 1911 415 1970 quo
446 1893 526 1971 apud
548 1892 646 1952 Deum
668 1910 737 1951 sese
760 1893 864 1952 omnia
885 1898 1084 1969 praesumunt

157 1994 259 2054 posse.
303 1975 375 2034 Inde
406 1993 583 2054 processum
615 1981 663 2034 cst
683 1973 721 2034 ad
744 1981 914 2034 extremum
936 1975 1084 2051 insaniae,

161 2066 202 2135 ut,
224 2061 297 2138 quia
319 2060 441 2117 missam
465 2078 504 2118 ex
527 2059 554 2116 vi
578 2059 679 2136 operis
702 2059 818 2136 operati
842 2057 944 2116 valere
967 2059 1083 2117 mentiti

160 2148 247 2218 sunt,
271 2140 465 2218 adiecerunt,
487 2161 555 2200 eam
578 2159 641 2201 nou
664 2142 761 2199 minus
785 2140 887 2200 utilem
911 2160 979 2199 esse
1003 2147 1083 2199 cete·

159 2226 215 2302 ris,
251 2225 370 2285 etiamsi
391 2225 448 2304 ipsi
476 2225 571 2302 impio
604 2223 744 2283 sacrifico
774 2225 868 2283 noxia
890 2225 935 2285 sit.
983 2226 1085 2302 Atque

159 2310 189 2368 iu
213 2307 292 2367 hanc
314 2326 438 2367 arenam
458 2307 662 2366 fundaverunt
676 2326 752 2379 suas
763 2308 995 2386 applicationes,
1017 2327 1084 2385 par-

158 2392 365 2471 ticipationcs,
388 2397 418 2449 et
430 2390 644 2464 fraternitates,
658 2391 875 2466 anniversaria,
897 2398 927 2449 ct
939 2390 967 2449 id
986 2409 1084 2469 genus
1115 2386 1121 2464 ζ

159 2473 277 2533 infinita
299 2474 372 2533 lucri
395 2481 425 2532 et
447 2482 591 2552 quaestus
614 2475 749 2553 negotia.

242 2556 356 2616 Contra
377 2558 432 2615 bas
456 2557 567 2633 larvas,
590 2558 660 2635 quia
684 2555 805 2616 validae
825 2562 895 2614 sunt
916 2566 947 2615 ct
970 2554 1083 2615 multae

159 2641 341 2721 penitusque
363 2638 552 2716 insederunt,
574 2641 630 2699 nisi
653 2640 901 2700 constantissima
930 2658 1002 2698 cura
1031 2637 1085 2699 ob-

160 2725 339 2801 servaveris,
364 2722 436 2801 quid
458 2726 497 2782 sit
519 2724 621 2800 missa,
644 2733 674 2783 ot
695 2722 944 2802 praecedentium
967 2723 1085 2781 fortiter

159 2807 350 2884 memineris,
381 2807 434 2866 vix
466 2806 623 2868 subsistes.
674 2806 792 2866 Audisti
827 2807 925 2879 enim,
959 2806 1084 2864 missam

159 2891 241 2950 aliud
269 2909 331 2950 non
361 2908 446 2968 esse,
481 2909 573 2969 quam
601 2891 836 2970 promissionem
865 2887 999 2948 divinam
1029 2907 1085 2947 seu

158 2979 375 3034 testamentum
399 2973 519 3054 Christi,
542 2979 733 3034 sacramento
756 2972 893 3050 corporis
911 2981 940 3030 ct
963 2973 1085 3050 sangui-

158 3057 205 3116 nis
227 3057 273 3116 sui
295 3057 551 3119 commendatum.
596 3054 686 3130 Quod
708 3056 734 3114 si
756 3074 859 3114 verum
883 3061 944 3131 est,
974 3054 1083 3114 intelli·

158 3140 221 3220 gis,
253 3158 314 3198 nou
343 3158 436 3220 posse
462 3142 562 3223 ipsum
586 3159 654 3200 esse
677 3157 755 3218 opus
787 3138 848 3197 ullo
883 3138 993 3215 modo,
1027 3156 1086 3197 nec

159 3223 325 3302 quidquam
348 3225 468 3303 inipso
491 3222 571 3300 fieri,
593 3241 652 3282 ncc
672 3223 733 3282 alio
757 3221 859 3282 studio
887 3241 906 3280 a
928 3240 1084 3301 quoquam

160 3308 291 3384 tractari,
314 3325 405 3386 quarn
428 3308 496 3367 sola
517 3304 593 3382 fide,
616 3305 691 3365 fides
716 3312 817 3365 autem
840 3323 902 3364 non
925 3312 973 3365 est
994 3323 1084 3384 opus,

158 3389 213 3449 sed
236 3391 380 3470 magistra
402 3397 433 3449 st
456 3391 669 3468 vitaoperum.
703 3388 778 3464 Quis
792 3390 871 3448 enim
895 3399 941 3447 est
964 3391 1084 3466 uspiam

158 3479 220 3532 tam
242 3475 378 3552 insanus,
399 3479 432 3532 ut
453 3473 688 3552 promissionem
712 3479 886 3551 acceptam,
920 3479 972 3531 aut
993 3478 1084 3531 testa·

159 3561 293 3618 mentum
317 3556 462 3616 donatum
482 3562 571 3616 vocet
584 3574 661 3635 opus
685 3557 809 3637 bonum,
825 3554 906 3632 quod
923 3573 981 3613 suo
994 3561 1084 3614 testa·

157 3641 215 3699 tori
238 3641 330 3701 iaciat
352 3639 527 3718 accipiens?
559 3638 635 3713 Quis
657 3647 704 3699 est
725 3640 828 3714 heres,
851 3639 901 3716 qui
925 3640 1001 3718 patri
1025 3658 1084 3698 suo

158 3726 295 3785 testatori
311 3724 465 3784 existimet
477 3723 668 3804 benefacere,
692 3722 762 3782 dum
777 3724 977 3783 instrumenta
994 3728 1086 3783 testa·
