2392 4170
179 250 242 322 216
435 248 579 311 Sententia
596 249 677 308 acad.
696 242 837 308 Wittemb.

182 417 232 483 eni
253 418 380 487 nomina
401 416 660 497 subscripserunt:
701 415 837 481 Iodoous
858 415 950 479 lonae
964 414 1100 493 Praepo-

181 503 268 581 sitns,
288 500 441 564 lohannes
462 498 598 562 Doelech
621 499 755 577 Doctor,
781 501 921 563 Andreas
944 497 1100 561 Garolsta·

181 585 249 647 dina
270 585 398 668 Ductor,
419 584 628 665 Hieronymus
650 584 774 646 Schnrff
790 585 918 661 Ductor,
939 582 1101 663 Philippus

171 666 409 750 ¹bieluncbtbon,
431 667 578 731 Nicolaus
600 665 777 730 Amssdorli
792 669 970 746 licentiat,
993 683 1098 745 qurum·

186 748 273 815 'nam
294 753 324 814 in
347 752 470 815 latino
493 751 673 831 exemplari,
696 751 778 832 quod
795 753 827 814 in
840 751 906 814 edd.
919 749 999 829 Opp.
1011 747 1102 810 Loth.

101 827 105 836 ’
199 855 248 900 en.
271 833 475 899 etWittemb.
498 833 634 896 redditur
656 837 762 897 omissi
784 832 1102 897 euntGaroloetadius

180 926 212 981 et
248 918 413 983 Scburflus.
466 918 535 979 Hoc
558 917 745 980 Academiae
782 936 933 1000 responso
967 922 1100 995 accepto

180 1003 326 1084 Princeps
347 1023 403 1085 per
424 1003 462 1065 D.
483 1000 686 1063 christianum
710 1002 871 1084 Beyerum,
895 999 1102 1062 tuncProiee·

180 1105 282 1149 sorem
311 1093 343 1149 et
363 1086 527 1149 Consulem
550 1082 860 1168 Wittembergcnsem
884 1084 1008 1168 (postca
1021 1083 1100 1146 Oen·

178 1169 334 1233 cellarium
345 1164 580 1250 Electoralcm),
601 1166 662 1232 illis
684 1169 757 1250 qnid
778 1171 847 1252 ipsc
868 1169 907 1231 de
925 1187 1007 1229 carc
1029 1186 1100 1228 sen-

180 1254 252 1316 tiret
268 1271 306 1315 ac
326 1254 420 1317 vellet
441 1252 617 1334 explicavit,
640 1252 670 1314 id
694 1253 777 1333 quod
792 1253 902 1335 legitur
923 1253 953 1312 in
978 1250 1101 1313 libello:

177 1337 408 1417 instructio,
437 1335 526 1417 quid
549 1334 724 1398 dilectus
748 1345 883 1399 noster
905 1343 941 1397 et
963 1332 1100 1396 fidelis

179 1419 428 1483 Christianus
449 1421 590 1502 Beyer,
624 1419 788 1494 Doctor,
822 1420 867 1482 ad
896 1419 1101 1499 Praeposi-

179 1509 256 1565 tum
288 1503 440 1566 Iustum
471 1503 675 1582 Jonam*),
711 1503 927 1586 Philippum
959 1502 1101 1564 bislan-

178 1585 420 1664 thonem‘*)‚
452 1584 656 1648 Nicolaum
679 1588 943 1651 Amsdoriinm
980 1594 1018 1646 ct
1045 1584 1101 1648 lo·

176 1669 490 1733 hannemDoeltn
511 1669 735 1752 Theologos
759 1671 912 1734 deferre
935 1689 978 1731 ec
1001 1688 1100 1730 oom-

179 1772 389 1816 memorare
411 1753 561 1815 debeat.
604 1753 653 1814 Ad
677 1754 757 1815 hanc
778 1754 903 1816 allatam
920 1752 1100 1815 instuctio-

179 1855 249 1898 nem
278 1836 317 1899 ab
348 1837 456 1899 iisdem
500 1855 558 1897 aex
589 1835 717 1898 delectis
749 1838 810 1899 alio
843 1839 974 1917 scripio,
1014 1835 1099 1916 quod

176 1916 477 1983 lniormationie
493 1917 850 1982 etDeliberationis
864 1917 1099 2001 titulumlnabet,

175 2003 219 2064 ita
239 2022 421 2085 responsum
444 2011 507 2084 est,
544 2009 577 2063 ut
598 2004 751 2084 repetitis,
773 2023 853 2083 quae
878 2005 1021 2083 Princeps
1042 2022 1100 2083 per

176 2085 327 2167 Beyerum
357 2092 578 2167 proposuerat,
616 2088 709 2167 priori
743 2088 915 2149 sententiae
947 2086 1099 2147 adversus

175 2169 284 2230 Missas
305 2168 509 2246 inhaererent,
530 2169 671 2251 illasque,
694 2173 775 2252 qnod
799 2177 944 2251 quaestus
962 2170 1009 2231 vel
1032 2169 1098 2231 iun·

176 2250 309 2313 dationis
342 2253 441 2334 gratia
472 2253 591 2332 absque
620 2252 773 2315 desiderio
810 2254 1003 2315 exercendae
1024 2252 1097 2315 fidei

174 2333 294 2414 flerent,
315 2335 511 2418 abrogandae
542 2347 718 2415 censerent,
752 2339 843 2418 idque
866 2339 931 2398 sine
966 2335 1099 2397 tumultu

173 2424 226 2478 aut
245 2418 393 2482 seandalo
431 2418 496 2481 fleri
528 2436 621 2498 posse
644 2420 870 2497 existimarent,
900 2430 952 2481 eut
974 2421 1000 2481 ei
1023 2420 1098 2500 quid
1141 2446 1145 2453 ·

173 2500 358 2581 turbaretur,
380 2501 491 2564 Christi
504 2501 648 2581 exemplo
672 2502 833 2564 dicendum
848 2524 917 2565 esee
938 2510 1098 2584 putarent:

173 2582 270 2645 Sinite
290 2584 378 2663 illos,
411 2587 495 2647 caeci
528 2591 599 2645 eunt
631 2592 662 2646 et
683 2605 846 2648 caecorum
871 2587 1031 2662 ductores,
1066 2593 1099 2646 et

171 2685 241 2729 cnm
258 2668 433 2748 Apostolis:
465 2667 679 2733 Obediendum
702 2669 769 2730 Deo
804 2670 900 2749 magia
928 2688 1020 2748 quam
1041 2669 1097 2730 ho·

171 2749 302 2812 minibus
325 2759 384 2815 eto.
426 2752 476 2813 ad
509 2751 588 2812 haec
609 2751 793 2813 Fnidericum
828 2753 941 2832 aliquid
972 2753 1098 2833 publice

172 2832 346 2896 decrevisse
368 2834 491 2916 probari
513 2834 639 2913 nequit,
676 2835 728 2895 aed
753 2835 824 2896 dum
848 2844 1043 2897 cunctaretur
1066 2845 1097 2896 et

170 2918 359 2994 conniveret,
381 2916 613 2979 Oarolostadius
635 2918 728 2998 peulo
751 2927 822 3000 poet
844 2919 952 2979 diebus
974 2921 1097 2981 circiter

167 2999 253 3061 iestis
275 3001 443 3061 nativitatis
465 3001 577 3062 Christi
611 2999 650 3060 ad
681 3001 831 3063 violentas
854 3004 1041 3063 mutationes
1063 3003 1094 3063 in

168 3081 285 3164 templo
303 3083 460 3165 oppidano
484 3081 727 3163 Wittembergee
756 3103 938 3166 progressus
963 3096 1010 3145 est
1037 3087 1095 3156 (cl.
1142 3078 1156 3095 “

168 3164 323 3230 fleckend.
344 3166 417 3228 ibid.
439 3187 470 3248 p.
492 3164 554 3232 216
575 3163 649 3245 sq.).

249 3247 335 3311 Haeo
356 3251 436 3312 Acta
464 3249 557 3312 latine
579 3247 699 3310 reddita
720 3249 864 3331 leguntur
885 3251 914 3310 in
938 3251 986 3312 ed.
1011 3252 1094 3334 Opp.

109 3357 112 3363 ¹
165 3328 340 3397 Luih.'Ien.
364 3330 413 3413 II,
448 3335 520 3399 497.
553 3329 640 3395 Witt.
662 3329 704 3412 H,
727 3336 787 3399 345
811 3340 842 3394 et
864 3336 1041 3414 germanice
1063 3338 1095 3396 in

167 3413 216 3479 ed.
241 3411 330 3479 witt.
352 3414 404 3496 IX,
428 3417 497 3483 134.
520 3417 584 3478 len.
607 3412 647 3497 11,
671 3417 699 3478 2.
730 3415 856 3479 Altenb.
879 3415 920 3493 II,
942 3415 990 3483 16.
1013 3419 1095 3500 Lips.

165 3494 284 3578 XVIII,
307 3499 379 3564 240.
412 3499 533 3562 Waloh.
555 3497 622 3579 XV,
645 3497 743 3579 2338,
765 3500 932 3561 seeundum
957 3501 1095 3564 libellum

163 3616 479 3627 -—--——---.----.
486 3621 522 3628 ...
531 3621 582 3627 ...-

241 3689 273 3752 ·)
295 3690 325 3744 tn
343 3689 388 3745 ed.
405 3690 481 3747 witt
500 3698 529 3747 et
547 3693 623 3752 dene
658 3694 789 3751 lodocum
809 3697 913 3751 Ionam.

220 3757 271 3834 ”)
291 3759 323 3818 1¹¹
341 3761 386 3819 “b
404 3777 489 3837 serm.
508 3763 625 3841 tegtm:
664 3767 893 3840 dittundttnnun.
