2392 4170
321 306 327 315 ,
420 248 505 305 Missa
521 249 632 320 privata
649 246 685 305 D.
705 250 739 304 Μ.
757 248 787 305 L.
967 207 969 211 Ι
1008 245 1070 317 191

148 395 336 475 Ρατῖείεηεεε
367 416 417 475 hic
444 414 558 474 facient
587 433 656 475 cum
685 414 816 474 consilio
845 431 919 491 suo,
953 413 1070 474 inimici

147 581 261 641 famula
282 583 396 642 inimici
418 582 457 642 sit
479 582 574 650 solius
590 583 763 643 dilectionis
788 599 878 661 opus,
900 598 980 659 quac
1000 579 1068 641 sola
1121 633 1127 640 .

147 665 255 744 implet
270 665 370 745 legem
399 673 476 725 teste
494 666 589 726 Paulo
604 663 649 749 *),
669 665 772 726 licebit
786 667 872 724 iuxta
884 665 1067 744 principium

146 748 218 807 lidei
239 749 417 810 Parisiensis
440 748 619 830 adulterari,
642 749 787 826 scortari,
810 747 977 828 libidiuari,
1011 747 1067 820 scd

147 850 209 891 non
233 852 290 890 nrsr
314 852 380 891 curn
404 851 502 892 uxore
524 851 648 892 rnrmrcr.

231 915 345 990 Quinto
369 917 471 976 Moses
503 917 590 975 dicit:
623 915 695 979 Non
718 915 851 978 occides.
894 914 963 974 Hoc
991 933 1064 975 vero

147 998 334 1078 mandatum,
356 1019 423 1059 cunr
446 1000 475 1058 in
500 1018 537 1059 co
567 1001 677 1059 caritas
704 1000 817 1059 eximie
844 1016 917 1078 prae
955 999 1064 1060 ceteris

121 1084 289 1160 emineat,
312 1083 397 1162 Papa
420 1102 487 1141 curn
515 1084 577 1141 suis
609 1082 768 1143 Gomorris
795 1083 963 1161 praecipuo
991 1081 1065 1142 ludi-

146 1165 211 1224 brio
234 1167 336 1246 habet,
359 1174 391 1225 ut
414 1168 451 1226 de
471 1166 651 1226 evacuando
669 1173 798 1226 taceam.
834 1165 966 1225 Primum
995 1183 1066 1228 cum

146 1251 245 1308 omnia
267 1251 312 1309 ira
334 1251 382 1308 hic
404 1250 618 1329 prohibeatur,
645 1249 730 1329 Papa
762 1250 854 1308 docet
886 1249 1000 1309 bellare
1034 1257 1067 1309 et

145 1333 325 1412 sauguinem
356 1335 492 1411 fundere,
516 1335 606 1392 etiarn
629 1351 700 1392 suos
723 1333 887 1412 episcopos
910 1341 941 1392 et
967 1351 1065 1393 sacer-

146 1414 244 1478 dotes.
296 1417 412 1476 Deinde
441 1417 575 1494 gladium
609 1423 640 1476 ct
675 1416 829 1491 brachium
863 1414 1001 1476 seculare
1032 1417 1063 1476 in

144 1518 235 1558 manu
258 1519 314 1558 sua
337 1518 404 1560 esse
426 1501 530 1578 iactat,
555 1508 585 1558 et
599 1517 677 1578 quos
690 1499 803 1559 bellare
818 1500 949 1575 iusserit,
972 1501 1063 1560 coelo

144 1583 322 1642 sublimiore
344 1583 447 1643 donat.
482 1582 629 1664 Breviter,
652 1582 875 1642 homicidarum
898 1586 1063 1664 episcopua

143 1673 191 1724 est
211 1667 306 1745 Papa,
328 1668 473 1726 audacter
496 1667 611 1726 docens
634 1667 793 1736 etiubens
816 1666 967 1745 occidere,
989 1684 1063 1745 qno·

142 1750 200 1807 ties
223 1751 363 1812 voluerit.
407 1750 465 1810 Hic
487 1768 549 1809 uon
573 1749 695 1808 dimittit
733 1756 850 1809 tantum
884 1750 1061 1829 Barrabam,

141 1832 196 1891 sed
231 1833 314 1893 iubet
348 1853 416 1894 esse
449 1832 631 1913 Barrabam,
668 1841 857 1912 coronetque
889 1834 1061 1912 gloriaut
1140 1853 1142 1856 ·

139 1914 335 1976 obedientiae
357 1916 456 1997 lilios,
477 1918 527 1996 qui
550 1917 611 1977 hoc
642 1916 817 1976 mandatum
841 1917 915 1994 Dei,
951 1936 985 1976 se
1007 1937 1058 1977 au-

107 2038 110 2043 ·
138 2010 220 2078 tore,
243 2018 334 2078 quarn
357 2001 562 2060 audacissime
590 2001 792 2080 praevaricati
821 1999 941 2060 fuerint.
990 1998 1057 2060 Iam

137 2101 211 2142 vero
235 2085 374 2143 inimicos
400 2084 537 2166 diligere,
559 2086 699 2144 iniuriam
722 2084 811 2164 l'erre,
846 2085 971 2144 alteram
996 2102 1057 2143 ma-

136 2167 242 2225 xillam
264 2167 424 2246 praebere,
449 2168 541 2247 pallio
566 2171 697 2240 tunicam
721 2167 851 2248 addere,
885 2168 960 2227 fonti
989 2167 1059 2227 huin

136 2251 269 2310 iustitiae
282 2269 401 2309 summa
412 2253 555 2329 iniquitas
568 2258 615 2310 est
627 2251 710 2312 nullo
724 2253 816 2312 modo
829 2252 1057 2317 committenda.

138 2331 207 2395 Vim
230 2336 257 2392 vi
281 2335 395 2414 pellere
417 2336 483 2393 iura
507 2337 694 2413 permittunt,
716 2336 814 2414 inquit
835 2354 891 2394 sua
913 2336 1057 2397 Decreta·

138 2416 174 2474 lis
189 2416 370 2478 ¹sacerdotio
393 2420 452 2476 istc
476 2419 663 2497 dignissima.
707 2417 757 2478 Sic
778 2421 872 2499 iram,
899 2419 1057 2499 invidiam,

137 2511 167 2559 et
189 2502 293 2560 ornnia
315 2502 396 2561 mala
418 2501 478 2560 hoc
500 2509 668 2581 praecepto
687 2501 841 2579 prohibita
861 2502 916 2561 alit
935 2505 966 2562 in
999 2504 1055 2564 ho-

137 2583 276 2663 miuibus,
301 2591 331 2645 et
352 2603 472 2644 crucem
496 2585 606 2644 Christi
629 2591 717 2643 extra
739 2583 843 2643 mundi
865 2583 941 2644 fines
960 2586 1056 2655 elimi-

136 2675 198 2729 nat.
224 2673 226 2676 '
249 2670 351 2747 Atque
378 2669 426 2727 hic
448 2670 556 2727 omitto
579 2686 741 2728 recensere
762 2666 944 2727 Pontificum
975 2669 1056 2729 bella

136 2750 352 2832 Neapolitana,
379 2752 510 2829 Veneta,
534 2751 669 2830 Gallica,
691 2752 893 2832 Germanica,
922 2752 1054 2831 denique

136 2834 186 2893 ubi
210 2853 272 2895 non
296 2835 447 2895 bellarunt
469 2836 602 2895 furiosae
623 2837 701 2896 istae
724 2835 861 2897 bestiae?

218 2918 405 2979 Parisienses
424 2938 497 2989 vero
513 2921 745 2999 principiatcres
759 2919 789 3003 ¹)
810 2919 882 2980 lidei
898 2921 948 2979 hic
961 2920 1054 3000 paulo

135 3009 206 3060 sunt
227 3003 412 3078 subtiliores,
435 3021 609 3082 quanquam
634 3012 664 3062 et
686 3006 744 3084 ipsi
766 3005 931 3083 praecipue
949 3005 978 3082 in
995 3003 1056 3063 hoc'

135 3092 342 3165 praeceptum,
365 3087 395 3146 id
419 3095 474 3165 est,
508 3089 538 3146 in
572 3089 747 3167 caritatem,
774 3090 936 3151 insaniant.
984 3088 1054 3148 Non

134 3167 248 3228 docent
269 3172 470 3248 iniquitatem,
492 3171 547 3231 sed
570 3171 730 3230 consitium
754 3189 823 3232 esse
844 3173 984 3232 inimicos
1012 3171 1054 3232 di·

135 3252 238 3333 ligere,
263 3253 434 3314 odientibus
458 3256 648 3333 benefacere,
673 3272 762 3315 orare
783 3273 839 3334 pro
868 3274 1053 3335 persequen-

135 3337 224 3411 tibus,
247 3337 429 3397 benedicere
448 3338 710 3419 maledicentibus,
734 3339 882 3419 praebere
896 3340 1051 3400 maxillam

133 3419 271 3501 alteram,
294 3420 367 3480 dare
389 3423 494 3500 gratis,
517 3432 655 3482 mutuare
677 3426 743 3482 sine
766 3441 830 3503 spe.
874 3420 960 3497 Quae
990 3442 1053 3484 om-

133 3504 184 3562 nia
207 3503 343 3563 Christus
367 3503 471 3566 Matth.
495 3507 607 3568 binter
623 3514 789 3586 praecepta
808 3514 958 3587 numerat,
982 3526 1053 3588 spc-

132 3589 172 3646 rit
193 3588 274 3647 enim
295 3588 336 3648 ibi
361 3606 396 3648 os
419 3606 505 3647 suum
528 3596 559 3650 et
580 3590 681 3672 docet,
703 3609 766 3650 uon
789 3592 939 3668 consulit,
969 3598 1000 3652 et
1021 3593 1051 3652 ia
1153 3649 1155 3654 .

206 3775 234 3843 l)
253 3775 331 3832 Rom.
355 3778 397 3834 13.
434 3779 466 3846 2)
487 3779 518 3832 lu
537 3777 580 3836 cd.
599 3778 682 3850 origu
701 3780 911 3852 principaturos.
