2392 4170
397 266 481 326 ursa
499 263 610 342 pavea
626 242 716 322 mu.
734 261 773 321 n·
896 289 901 297 ·
990 246 1050 326 ru

210 443 252 508 Et
270 463 325 509 cur
343 445 504 508 &nouem
525 442 672 507 vetamus
694 446 756 504 tam
780 437 1050 517 sublinitas-cum

128 533 273 614 superius¹
296 535 497 592 monstratum
520 531 559 591 sit
572 525 585 608 ‚⁴
603 527 757 591 sacrifices
788 525 866 587 istos
894 542 956 586 non
989 538 1052 582 uno

129 614 222 678 modo
252 615 334 675 circa
354 613 579 675 Eucharistiam
613 613 759 689 delirare,
793 616 825 670 ut
846 608 920 670 nihii
944 607 1052 670 mirum

128 701 177 778 sit,
201 700 226 759 si
249 707 280 759 et
302 697 411 759 Canon
434 716 539 759 corum
562 696 673 759 atioubi
698 696 816 757 deliret.
860 692 1049 768 Quinetiam
1072 737 1073 741 ,

129 802 192 845 uon
222 781 325 843 videat
353 800 422 843 euru
456 798 525 842 csse
548 782 753 860 compositum
783 776 821 838 ab
851 776 954 856 aliquo
989 792 1054 835 ver·

129 867 207 930 boso
231 871 263 927 et
284 884 389 944 parum
405 865 574 946 spirituali?
617 865 696 942 Quid
719 863 801 925 cuim
823 861 931 922 attinet
953 857 1055 919 verbis

108 951 173 1012 'ito
199 947 407 1030 superfluere?
452 948 535 1010 Haec
567 948 664 1030 dona,
693 949 772 1010 baec
802 963 949 1021 munera,
977 940 1055 1002 haec

131 1031 290 1095 sacrificiu.
332 1030 410 1094 Item
433 1033 564 1094 hostiam
587 1053 718 1114 puram,
752 1030 887 1093 hostiam
908 1029 1056 1088 immacu·

131 1118 234 1178 iatam.
278 1115 317 1176 Et
339 1116 432 1177 muita
454 1115 515 1178 aiia
535 1119 565 1178 in
589 1135 627 1179 eo
648 1118 728 1177 iuste
749 1118 880 1195 possunt
899 1108 1054 1189 redargui,

134 1202 206 1262 ticet
231 1197 270 1259 ab
296 1200 363 1260 istis
393 1199 603 1262 sacerdotibus
634 1201 696 1262 suis
723 1200 860 1259 elevatus
893 1197 932 1256 sit
964 1211 1058 1273 supra

132 1301 242 1346 omnes
264 1283 409 1344 articulos
432 1282 513 1345 fldei.
558 1284 640 1346 Nihil
671 1283 751 1345 enim
785 1280 921 1342 sanctius
942 1275 1058 1338 habent

132 1369 193 1430 hoc
215 1364 457 1447 Ganone‚'sdeo
479 1373 512 1427 ut
535 1378 566 1428 et
593 1371 694 1448 ipsum
723 1363 925 1444 Evangelium
949 1362 976 1421 ei
993 1358 1058 1421 cot-

132 1450 227 1512 tatum
261 1450 386 1512 sordeat
413 1469 517 1512 corum
552 1450 605 1517 cis.
655 1451 687 1512 ln
716 1468 777 1530 quo
806 1453 910 1510 tamen
936 1443 1010 1505 nihil
1040 1462 1059 1503 a

134 1532 270 1595 moribus
297 1536 359 1594 suis
381 1535 514 1596 alienum
537 1534 668 1609 iaciunt,
699 1553 768 1595 cum
795 1530 877 1594 aliud
909 1548 975 1591 nou
999 1532 1059 1588 stu·

134 1617 236 1696 deant,
259 1635 349 1698 qnam
373 1624 406 1678 ut
425 1619 540 1679 iactant
562 1618 705 1698 humana,
730 1611 1056 1687 contemnantdiviua,

135 1700 300 1762 observent
326 1721 406 1780 quae
429 1701 539 1762 nullius
568 1703 657 1782 pretii
684 1707 765 1779 suut,
793 1699 950 1780 negligant
978 1712 1060 1775 quae

134 1783 245 1845 summi
267 1787 355 1864 pretii
378 1791 457 1846 suut.
492 1785 649 1865 Negamus
684 1786 789 1867 itaque
817 1791 847 1844 et
879 1781 1060 1853 damnamus

135 1868 294 1929 Ocnouem
320 1869 350 1928 iu
379 1868 438 1928 hac
459 1875 547 1948 parte
568 1877 713 1948 tanquam
742 1865 950 1929 adversarium
960 1863 1061 1924 Evau-

134 1950 217 2032 geiii.
261 1948 327 2010 Nec
347 1951 497 2031 audimus,
520 1953 544 2012 si
567 1952 714 2027 clament,
737 1951 899 2013 ecclesiam
922 1966 986 2008 non
1006 1964 1061 2027 po-

135 2035 230 2094 tuisse
239 2052 349 2096 errare.
372 2034 556 2097 Sacerdotes
571 2037 710 2118 papistici
725 2054 787 2097 uon
800 2040 870 2095 sunt
883 2031 1017 2093 ecclesia
1031 2034 1062 2091 et

136 2115 1060 2200 quomodoSanctiinhocerrorehabuerint‚statimdicemus.

218 2199 361 2262 Secundo
385 2202 530 2264 obiiciunt
552 2203 692 2280 Sanctus,
716 2204 766 2283 qui
789 2207 820 2263 et
839 2201 901 2263 hoc
928 2199 1057 2261 Oauonc

136 2283 183 2343 usi
210 2290 302 2364 suut,
333 2291 364 2345 et
393 2285 517 2346 Missam
544 2306 601 2366 pro
630 2286 781 2348 sacrificio
810 2285 999 2356 habueruut,
1026 2286 1061 2342 ut

135 2365 335 2448 Gregorium,
368 2368 594 2445 Bernhardum‚
627 2371 875 2431 Bonaventuram
912 2374 942 2428 et
969 2365 1057 2427 aiios.

136 2449 193 2510 Hic
214 2449 407 2530 respondeo:
449 2450 529 2512 Nihil
560 2471 628 2512 esse
656 2452 713 2514 sub
744 2453 833 2513 coeio
855 2449 1060 2532 periculosius

135 2532 231 2613 gestis
253 2532 433 2594 Sanctorum
441 2583 449 2615 ,
473 2536 650 2596 testimonio
679 2536 900 2616 scripturarum
924 2552 987 2594 nun
1010 2550 1061 2593 ro·

136 2614 261 2677 boratis.
306 2617 382 2678 Ourn
404 2618 485 2678 enim
506 2624 643 2700 constet,
665 2620 777 2680 iustum
805 2618 918 2700 septies
950 2613 1062 2676 cadere

137 2707 167 2759 st
188 2695 321 2761 Sanctos
354 2702 438 2762 varie
459 2721 609 2782 peccare,
645 2704 713 2782 quis
743 2721 802 2765 nos
830 2706 932 2761 certos
959 2698 1060 2777 faciet,

136 2781 197 2842 hoo
217 2799 280 2844 non
303 2802 372 2845 esse
396 2790 567 2864 paccatum,
589 2785 673 2865 quod
693 2787 760 2848 siue
782 2785 957 2864 Scripturas
978 2781 1063 2843 testi·

138 2865 241 2928 monio
264 2867 448 2946 gesserunt?
476 2868 582 2930 Laudo
604 2870 634 2928 in
657 2870 717 2930 hac
730 2876 819 2952 parte
839 2867 870 2938 8,.
882 2865 1062 2942 Antonium,

137 2949 187 3028 qui
218 2948 278 3010 hoc
309 2951 444 3012 maxime
476 2952 643 3014 inculcavit
673 2959 705 3014 et
731 2952 898 3030 consuluit,
927 2947 1061 3028 nequis

136 3030 250 3109 aliquid
281 3034 382 3112 operis
405 3040 552 3114 tentaret,
576 3035 658 3114 quod
686 3055 748 3098 uon
770 3036 898 3098 haberet
919 3033 1062 3094 autorita

138 3122 236 3174 teme
260 3114 424 3197 Scriptura.
469 3117 536 3181 Iuro
558 3121 651 3180 tutius
674 3126 730 3197 est,
752 3119 812 3181 hoc
832 3121 912 3180 inter
933 3120 1062 3197 peccata

137 3195 320 3259 Sanctorum
344 3220 515 3283 numerare,
537 3202 619 3282 quod
632 3203 698 3263 siue
710 3203 873 3265 autoritate
887 3200 1062 3281 Scripturae

139 3281 287 3378 iecerunt,
310 3301 401 3362 quam
424 3303 480 3364 pro
503 3286 647 3366 exemplo
670 3285 753 3347 bono
775 3285 896 3348 imitari.
930 3283 1062 3345 Sanctus

137 3381 218 3423 enrm
242 3383 304 3424 non
329 3366 457 3454 multum
486 3368 627 3449 lasseris,
651 3370 676 3429 si
698 3370 848 3430 incertum
872 3386 978 3429 eorum
1002 3366 1062 3428 fao·

138 3453 201 3507 turn
223 3449 344 3527 peccati
367 3448 532 3512 damnaris.
560 3450 743 3530 Agnoscunt
764 3452 845 3513 enim
864 3468 933 3512 sese
954 3468 1062 3531 pecca·

139 3535 230 3594 tores.
275 3532 315 3591 At
336 3532 534 3594 vehementer
555 3533 712 3614 offendes,
738 3537 765 3597 si
786 3534 932 3615 exemplo
955 3552 1061 3595 eorum

138 3619 199 3672 tete
229 3614 267 3674 ad
301 3617 512 3696 praecipitium
548 3618 714 3697 impuleris.
764 3617 896 3680 Proinde
923 3616 1061 3679 Christus

139 3695 205 3757 vuit
226 3715 284 3759 nos
306 3716 368 3759 uon
391 3699 531 3762 humanis
553 3703 659 3782 gestis,
681 3701 735 3763 sed
759 3703 849 3765 certis
870 3706 902 3763 et
920 3698 1062 3766 fidelibus

139 3778 203 3844 suis
226 3779 326 3847 verbis
349 3783 417 3849 niti.
