2392 4170
131 229 153 294 8
185 245 187 248 ⁴
288 230 456 301 Exemplum
474 231 666 305 responsionis
684 230 726 286 El.
743 205 874 287 Friderici

132 386 237 448 haberi
260 392 291 448 et
313 385 487 466 adprobari,
510 386 592 466 quod
616 394 717 448 tamen
730 380 787 448 no's
808 387 839 448 in
852 385 954 448 medio
966 386 1054 448 relin-

134 472 264 551 quimus,
289 476 319 530 et
341 477 373 530 ut
395 470 433 531 dc
455 470 534 530 illius
557 469 697 532 doctrina
719 491 780 532 non
798 470 1053 552 praeiudioamus,

52 584 63 602 ·
135 556 308 616 itasuorum
321 553 498 634 dogmatum
506 553 714 616 defensionem
722 557 779 636 ipsi
790 556 888 616 autori
901 557 1051 636 integram

135 639 343 717 relinquimus,
366 640 543 718 praesertim
567 657 635 699 oum
658 638 811 700 totahaec
823 657 916 700 eausa
929 639 967 700 ad
981 639 1054 719 legi·

133 724 238 784 timam
254 723 461 800 cognitionem
483 722 597 783 reiecta
609 724 657 796 sit,
680 723 727 783 cui
750 742 818 783 sese
830 724 897 802 ipse
913 722 1053 799 subiecit,

133 807 186 884 sic,
210 812 243 865 ut
266 803 408 866 obtulerit
430 824 464 865 se
487 804 567 884 apud
579 805 759 867 Pontificiae
781 807 949 868 sanctitatis
964 806 1054 868 Gom-

135 889 304 950 missarium
327 889 386 949 iam
411 887 573 967 delectum,
595 891 701 970 aequis
714 889 952 967 conditionibus,
974 888 1055 949 vide·

117 974 205 1044 ¹licet
236 973 381 1051 imposita
410 973 551 1033 cautione
584 971 622 1033 de
654 974 883 1035 assecuratione
911 992 965 1034 seu
993 971 1055 1032 tide

133 1054 271 1141 ppblica,
300 1055 477 1117 obedienter
498 1057 734 1138 ‚comperiturum
758 1076 828 1118 esse
855 1056 894 1129 ad
926 1055 1055 1119 redden·

134 1139 203 1200 dem
229 1140 380 1200 rationem
402 1158 523 1216 eorum,
547 1140 627 1221 quae
649 1138 754 1202 docuit
776 1148 828 1202 aut
848 1140 978 1221 scripsit,
1004 1137 1056 1200 ad·

134 1223 196 1284 dita
220 1224 311 1286 etiam
334 1221 474 1283 uberiore
495 1221 707 1299 submissionis
728 1232 766 1284 et
787 1222 981 1285 obedientiae
1003 1221 1055 1283 ob·

134 1307 259 1383 latione,
282 1326 334 1385 se,
348 1307 373 1366 si
397 1306 434 1367 de
456 1307 564 1386 quovis
586 1326 643 1369 suo
667 1306 812 1388 dogmate
834 1306 917 1369 aliud
939 1312 970 1368 et
990 1325 1054 1367 reo·

134 1392 194 1453 tint
214 1397 257 1450 sn
279 1389 372 1452 verbo
384 1389 442 1451 Dei
463 1388 591 1450 edoctus
614 1396 644 1452 et
656 1393 737 1452 veris
760 1391 942 1452 testimoniis
958 1388 1058 1470 florip-

133 1471 282 1549 tureedc,
307 1493 410 1551 errore
438 1473 598 1535 convictus
627 1473 734 1553 buerit,
761 1473 1056 1540 attromutaturum

126 1557 318 1618 'sententiam
342 1563 609 1618 etreoantaturum
624 1577 702 1634 esse,
726 1563 759 1618 ut
780 1577 820 1618 ex
834 1554 1055 1638 ipsaforma*)

134 1641 368 1702 Protestationis
391 1659 445 1701 seu
468 1639 631 1702 oblationis
653 1640 782 1722 abipso
809 1639 892 1702 edita
919 1646 1057 1721 apparet.

215 1722 282 1783 Etsi
304 1730 406 1785 autem
428 1742 490 1783 non
512 1725 586 1784 satis
609 1744 722 1786 causae
742 1732 816 1803 erat,
840 1743 893 1785 cur
914 1723 954 1784 ad
975 1723 1058 1784 buno

134 1805 258 1868 modum
271 1825 304 1868 se
327 1806 466 1868 offerenti
481 1806 594 1887 aliquid
618 1808 718 1869 oneris
741 1815 900 1888 praeterea
920 1808 1057 1886 impone·

120 1898 225 1967 retur,
246 1909 304 1950 nos
318 1895 432 1968 tamen,
453 1891 630 1972 priusquam
653 1909 702 1952 res
724 1890 763 1950 ad
784 1890 842 1952 has
863 1888 1057 1950 conditiones

136 1972 356 2051 deduceretur,
382 1973 443 2035 hoc
472 1974 561 2034 stiam
585 1992 654 2034 oum
677 1975 746 2056 ipso
768 1974 905 2035 Doctore
926 1973 1058 2034 Martiuo

134 2055 271 2118 bothero
296 2058 414 2137 egimus
446 2076 484 2118 ao
516 2056 687 2136 effecimus,
724 2063 756 2117 ut
789 2075 846 2118 sua
878 2061 989 2137 sponte
1018 2075 1058 2116 ex

132 2145 239 2201 nostra
272 2140 388 2201 ditione
423 2146 453 2201 et
488 2139 647 2202 academia
680 2158 750 2202 sess
785 2158 941 2201 cessurum
988 2157 1058 2199 esse

131 2223 336 2304 polliceretur.
374 2223 413 2284 Et
426 2222 548 2302 quidem
561 2225 621 2284 iam
644 2224 798 2301 cessisset,
820 2223 877 2283 uisi
897 2222 1057 2301 ipseilun-

133 2307 198 2368 cius
220 2305 400 2368 Pontificius
423 2306 609 2385 sanctitatis,
630 2306 669 2369 D.
693 2305 821 2368 Carolus
843 2325 863 2367 a
883 2305 993 2381 Miltia,
1014 2306 1058 2364 iu-

133 2389 335 2466 tercessisset‚
357 2389 460 2451 multis
480 2389 622 2470 precibus
644 2388 771 2450 anobis
794 2387 995 2464 contendens,
1019 2405 1059 2448 ne

134 2472 220 2533 illum
245 2471 481 2548 dimitteremus,
502 2479 642 2533 metuens
663 2471 821 2549 videlicet,
852 2491 892 2533 ne
914 2490 947 2533 se
967 2472 999 2531 in
1022 2489 1060 2532 ea

134 2556 205 2617 loos
227 2556 397 2632 conferret,
420 2554 471 2617 ubi
494 2555 589 2618 multo
611 2554 735 2616 liberius
756 2562 788 2618 et
807 2557 901 2618 tutius
915 2553 1058 2624 ,seribere

134 2644 165 2699 et
186 2657 279 2718 agere
300 2644 408 2721 posset
429 2656 508 2717 quse
529 2639 631 2718 vellet,
656 2639 906 2720 quambaotenus
918 2643 1057 2700 nostram

134 2728 166 2784 et
176 2721 303 2784 scholae
322 2727 448 2783 nostrae
460 2723 654 2784 autoritatem
667 2724 815 2785 reveritus
827 2722 942 2785 fecerit.
964 2719 1056 2796 Quod

133 2811 166 2866 ut
189 2812 365 2882 caveretur,
399 2806 566 2867 consultius
603 2808 701 2867 visum
731 2807 803 2883 tuit,
834 2825 904 2867 eum
925 2825 946 2881 a
965 2803 1056 2866 nobis

132 2889 265 2951 retineri.

162 3002 165 3008 ·
214 2970 268 3031 His
291 2976 322 3031 et
348 2970 415 3031 aliis
444 2971 580 3052 pluribus
607 2971 771 3032 decausis
799 2971 971 3034 iudicamus
998 2989 1056 3032 nos

131 3055 175 3115 ita
196 3052 336 3114 omnibus
358 3061 507 3135 purgatos
535 3073 605 3116 esse
627 3054 749 3134 debere,
778 3062 811 3115 ut
833 3074 924 3117 nemo
946 3055 1056 3115 merito

134 3136 183 3197 vsl
205 3136 244 3197 de
266 3135 355 3198 nobis
379 3137 460 3199 male
480 3136 655 3218 suspicandi
668 3156 792 3199 cansam
814 3137 937 3217 habeat,
959 3136 1056 3199 multo

133 3221 233 3280 minus
255 3219 522 3300 suggillationibus
533 3229 563 3282 et
584 3221 661 3282 falsa
676 3222 887 3284 criminatione
898 3239 956 3282 nos
970 3239 1057 3301 prae-

132 3302 290 3384 gravandi.
345 3302 448 3378 Quare
477 3303 658 3365 confidimus
686 3313 791 3367 nostra
817 3305 944 3384 negotia
974 3302 1057 3385 apud

132 3387 326 3448 sanctitatem
349 3385 540 3448 Pontifioiam
569 3387 632 3450 hoc
652 3390 777 3451 nomine
804 3387 878 3449 nihil
913 3386 976 3448 odii
1004 3391 1058 3448 sut

133 3469 421 3550 impedimentorum
444 3470 585 3532 habitura
605 3491 684 3536 esse.
728 3472 809 3532 Vere
830 3471 912 3533 enim
924 3469 986 3532 hoc
1006 3467 1058 3530 ad·

131 3551 252 3616 firmare
275 3571 458 3633 possumus,
486 3574 544 3616 nec
571 3554 661 3616 nobis
689 3554 855 3635 quidquam
883 3553 997 3615 tristius
1026 3557 1058 3613 et

130 3676 228 3683 ——-..„

189 3723 220 3793 ⁸)
242 3724 333 3795 Supra
351 3740 415 3795 pag.
435 3725 462 3780 4.
