2392 4170
131 222 194 293 192
485 228 525 283 Da
544 222 708 299 abroganda

132 390 195 452 fine
217 390 303 451 dicit:
326 390 385 467 Qui
408 392 493 452 audit
513 398 544 451 et
566 410 627 453 uon
650 392 723 452 facit
743 391 837 470 haec,
871 391 985 452 aimilia'
1008 400 1056 453 eat

133 476 199 537 viro
222 473 395 547 aedificanti
419 493 510 554 super
531 494 666 555 arenam,
688 483 719 535 et
739 477 771 536 in
794 475 906 554 medio,
929 477 981 554 qui
995 474 1057 536 iata

132 576 197 620 non
218 559 344 638 iaciunt,
365 558 440 619 nihil
462 577 529 618 ease
552 558 694 619 meliores
724 558 894 639 publicanis
922 567 954 618 et
982 576 1054 638 pec

133 644 297 704 catonibus.
342 639 550 719 Oaudacem,
573 662 591 703 ο
615 644 816 719 temerariam,
846 642 980 723 uplaue
1012 641 1056 702 fu·

132 726 246 786 musam
280 733 310 786 et
345 726 556 806 blasphemam
587 723 732 787 Scholam
769 727 989 805 Pariaiensem,
1012 720 1057 786 'ut

69 826 73 832 ·
131 809 300 890 impudenti
330 819 361 870 et
393 811 512 889 impuro
547 829 601 870 cre
636 813 666 868 in
701 811 853 870 Christum
888 810 1056 869 Dominum

133 897 269 955 omnium
292 891 506 973 blasphemat?
537 891 634 973 Igitur
655 894 740 953 iuxta
768 893 951 974 principium
982 890 1054 953 fidei

79 1050 83 1056 Ι
132 976 305 1039 Pariaienae
333 978 408 1038 nihil
437 978 535 1035 minua
557 977 629 1036 licet
651 976 763 1057 lacere,
786 995 879 1058 quam
901 976 988 1056 Papa
1013 976 1056 1036 la·

136 1062 178 1122 cit
200 1070 307 1121 contra
327 1060 389 1121 hcc
411 1069 619 1140 praeceptum,
640 1062 720 1139 quia,
744 1079 812 1120 cum
837 1060 974 1120 caritatis
1007 1060 1056 1139 ait,

133 1144 197 1207 not
230 1144 390 1225 occidere,
419 1162 482 1204 nnn
517 1144 718 1224 maledicere,
749 1163 915 1224 possumus
947 1162 1056 1204 secure

134 1228 289 1288 inimicum
312 1227 450 1308 perdere,
472 1228 503 1285 iu
527 1246 666 1307 corpore,
688 1229 779 1288 rebus
802 1235 833 1288 et
857 1227 951 1287 fama.
1002 1225 1056 1287 Ni·

137 1311 181 1372 hil
213 1312 355 1372 differunt
385 1311 473 1391 Papa
503 1314 533 1370 et
565 1311 770 1388 Parieieuees,
806 1312 864 1371 nisi
893 1309 976 1390 quud
1004 1308 1056 1370 ille

134 1394 228 1475 iubet,
250 1395 281 1454 hi
303 1396 395 1456 licere
419 1398 530 1454 dicunt.
580 1394 734 1474 Principia
764 1414 838 1475 ergo
871 1393 943 1454 fidei
975 1393 1059 1454 Pari-

134 1478 245 1540 aiensia
268 1481 297 1540 in
321 1498 440 1538 summa
462 1484 542 1557 sunt,
565 1478 656 1538 licere
677 1481 781 1540 facere
804 1485 911 1539 contra
934 1497 992 1539 aex
1012 1477 1055 1538 ul·

134 1563 209 1623 tima
231 1570 396 1643 praecepta
417 1563 484 1636 Dei,
507 1561 623 1641 absque
645 1568 791 1643 peccate,
815 1563 840 1621 ai
862 1568 986 1642 spectes
1013 1562 1056 1621 in·

134 1653 251 1708 tentum
274 1647 408 1708 Satanae
431 1665 486 1726 per
508 1663 543 1705 oa
567 1663 672 1706 eorum
697 1645 860 1724 loquentia.

217 1730 312 1792 Sexto
346 1729 449 1790 Moses
483 1728 568 1788 dicit:
608 1729 737 1790 Honora
764 1738 883 1810 petrem
906 1736 992 1788 tuum
1026 1736 1055 1789 at

101 1824 107 1833 ’
135 1821 262 1874 matrem
292 1823 389 1885 tuam,
434 1812 503 1873 Hoc
534 1821 731 1894 praeceptum
765 1813 905 1892 quamvis
938 1811 1054 1892 paaeim

135 1898 246 1978 vulgus
271 1898 517 1958 licentiosissime
539 1896 795 1978 transgrediatur,
826 1898 905 1956 sicut
933 1906 964 1955 et
986 1913 1053 1956 om·

107 1995 108 1999 ’
134 1983 187 2042 nia
207 1983 285 2063 alia,
319 1990 352 2042 ut
374 1987 421 2041 eat
441 1980 533 2041 hodie
560 1983 592 2042 in
625 1980 757 2041 ecclesia
783 1981 925 2041 iuventus
963 1979 1053 2039 nimia

133 2064 230 2128 libera
252 2074 283 2126 et
305 2067 414 2125 misere
437 2064 593 2144 neglecta3
627 2083 727 2144 neque
760 2064 840 2123 euim
872 2065 937 2123 eiua
973 2063 1057 2124 inati-

136 2151 268 2209 taeudee
291 2159 321 2209 et
343 2148 497 2208 curandae
520 2147 582 2208 ulla
603 2150 681 2208 ratio
709 2147 846 2226 hahetur,
875 2146 1056 2226 praesertim

135 2233 166 2293 in
196 2232 371 2292 Academiia
410 2241 440 2292 et
472 2232 648 2311 vulgaribus
681 2229 824 2291 artificiis.
885 2231 957 2290 Ruit
990 2231 1058 2311 ipsa

136 2335 285 2397 praeceps
316 2318 346 2376 iu
369 2317 473 2377 omnia
496 2314 613 2396 flagitia
634 2316 784 2393 libidinis,
813 2314 1058 2390 comessationis,

138 2401 303 2480 ebrietatis,
326 2401 473 2478 luxuriae,
495 2407 528 2458 ut
550 2400 632 2459 nulla
654 2401 693 2458 sit
714 2418 786 2478 epea
815 2401 907 2458 etiam
940 2398 1058 2458 futurae

137 2483 263 2543 alicuius
298 2503 431 2564 unquam
466 2483 697 2545 moderationis.
742 2483 824 2561 Papa
847 2492 963 2562 autem,
997 2482 1056 2562 epi·

142 2570 231 2648 accpi
254 2577 285 2628 et
307 2568 443 2647 theologi
466 2585 521 2647 pro
544 2568 602 2626 hac
625 2586 659 2627 re
682 2569 815 2627 emnium
846 2567 982 2625 maxime
1011 2583 1060 2625 ne·

139 2653 273 2713 cessaria
298 2660 434 2714 ventrem
457 2671 545 2710 suurn
569 2661 684 2730 curant,
709 2669 776 2709 cum
801 2649 849 2708 hic
877 2650 1003 2730 proprie
1030 2655 1061 2708 et

138 2737 226 2796 unice
248 2738 376 2815 vigilare
399 2735 557 2797 deberent..
597 2735 659 2796 Sed
683 2742 771 2814 urget
792 2733 876 2792 Pauli
899 2731 1062 2813 prophetia

138 2820 328 2897 dicendam:
365 2819 462 2879 Erunt
483 2822 513 2879 in
542 2821 716 2879 novissimis
748 2819 853 2878 diebus
885 2815 1062 2897 parentibus

137 2904 360 2968 inobedientes.

221 2987 337 3047 Tamen
361 2987 506 3066 singulari
528 2986 621 3046 modo
657 2987 750 3050 solvit
775 2985 860 3065 Papa
893 3003 964 3043 cum
1001 2983 1062 3043 auia

140 3071 301 3131 (inmersis
323 3071 403 3131 hanc
426 3072 525 3150 legem
549 3070 615 3134 Dei,
650 3069 729 3130 Nam
752 3071 777 3128 si
799 3068 936 3130 nondum
952 3066 1061 3128 intelli·

138 3155 196 3234 gie,
218 3155 323 3231 lector,
348 3175 410 3214 nou
431 3154 493 3214 hcc
515 3154 651 3216 detestor
673 3157 702 3214 iu
726 3153 810 3233 Papa
832 3164 862 3214 et
876 3151 1063 3223 Academiia,

139 3238 221 3317 quod
250 3258 335 3299 more
369 3238 451 3317 vulgi
478 3237 581 3300 divina
610 3237 754 3297 mandata
783 3258 876 3319 opere
913 3244 1062 3315 transgre-

138 3323 270 3400 diuntur,
293 3330 324 3382 et
345 3324 413 3403 ipsa
436 3322 559 3381 vivendi
577 3322 814 3385 conversatione
832 3321 974 3403 privatim
991 3335 1062 3398 pec·

139 3414 219 3467 caut.
263 3406 333 3466 Non
364 3425 457 3485 anper
484 3405 543 3464 hac
577 3429 610 3471 ra
641 3406 714 3467 mihi
748 3424 815 3466 eum
845 3409 889 3468 eie
923 3402 1064 3482 quaestio

139 3498 170 3550 et
191 3488 228 3549 lia
250 3498 306 3569 eat,
328 3489 486 3551 ferendum
510 3494 602 3570 euim,
626 3494 705 3553 sicut
729 3499 760 3551 et
782 3493 879 3572 vulgi,
910 3493 977 3549 erat
1006 3485 1066 3547 hcc

142 3592 249 3636 eorum
273 3575 396 3656 malum,
419 3591 487 3632 cum
510 3577 550 3635 ait
569 3585 730 3660 peccatum
764 3578 793 3636 in
828 3575 912 3636 soloe
950 3588 1064 3648 morea,

138 3726 556 3747 -------·—-—-·--

214 3796 244 3871 ⁸)
266 3796 292 3851 2.
311 3792 380 3848 lim.
400 3796 427 3850 3.
