2392 4170
164 242 208 315 28
432 245 830 319 Μυκαηῐιιιίίιοή

165 437 236 482 esse
256 416 444 502 sacerdotes,
466 419 601 501 honest,
624 419 757 482 eandem
775 421 807 482 in
823 418 918 484 verbo
939 424 972 481 st
991 437 1091 483 mosa·

166 509 271 565 mento
294 521 479 584 quocunque
500 504 615 567 hahere
635 510 832 583 potestatem.

250 585 339 649 Loth.
382 586 462 665 Quia
483 589 604 663 Petrus,
624 588 651 652 Ι.
673 589 738 651 Pet
759 591 800 665 2.,
822 586 914 649 dicit:
938 588 1006 650 Vos
1017 588 1092 650 estis

167 669 273 753 regale
284 670 500 738 sacerdotium.
532 673 603 735 llon
625 679 727 734 antem
751 691 861 735 omncs
876 669 1091 735 habentnsnm

167 760 200 816 et
227 755 451 833 ministerium,
481 756 536 818 sed
570 755 767 819 solummodo
800 754 933 818 ordinati
969 755 1001 818 in
1032 754 1093 817 hac

168 842 333 919 potestate.

255 937 384 1003 collect
427 940 578 1004 Ordinara
606 939 802 1015 sacerdotes,
823 939 990 1017 molesios,
1012 959 1093 1007 cam,-

166 1024 832 1171 ttt„„⁰t”ttt;t„tttt⁰”izt⁸‘²’
854 1022 1024 1104 ‘'¹¹⁰¹”¹¹¹¹²‘
1044 1022 1092 1085 '⁰¹

248 1188 337 1253 Loth.
379 1189 415 1253 Id
445 1198 511 1263 est,
542 1193 651 1254 viliora
680 1128 742 1253 ista
774 1156 1092 1263 deberentcommitti

167 1272 351 1352 minoribns,
375 1294 437 1337 non
461 1276 641 1358 episcopis,
676 1294 805 1356 qnorum
836 1280 885 1336 est
912 1272 1093 1355 praedicare

165 1356 371 1434 evangelium.

250 1440 377 1502 Golleot.
432 1440 501 1502 Non
550 1461 620 1503 esee
659 1448 886 1503 sacramentnm
923 1447 1091 1502 extremam

166 1523 268 1596 istam,
288 1516 322 1584 id
342 1529 400 1600 est,
421 1523 534 1606 flamm,
557 1524 744 1589 unctionem.

250 1605 338 1672 Loth.
371 1606 442 1675 Non
464 1607 852 1684 damnoUnctionem‚sed
866 1613 1091 1669 sacramentam

167 1707 237 1751 esse
258 1689 415 1771 Scriptura
437 1709 498 1754 non
522 1692 624 1754 docet.

304 1822 361 1888 Ex
387 1823 640 1891 desertione
667 1823 959 1892 Articulorum

445 1925 814 1994 condemnatorum.

188 2144 196 2158 ο
250 2059 379 2122 Collect.
421 2061 591 2125 Concilium
614 2063 852 2127 constantiense
873 2061 1008 2142 pessime
1030 2080 1094 2123 om·

166 2161 249 2204 nrum
271 2162 401 2207 errasse.

248 2225 336 2287 Loth.
388 2225 468 2302 Quia
502 2227 659 2292 damnavit
693 2230 776 2290 huno
810 2227 971 2290 articulum
999 2225 1092 2288 fidei:

166 2307 268 2370 credo
290 2309 453 2371 ecclesiam
477 2320 614 2375 sanctam
637 2312 833 2376 catholicam.

252 2391 381 2457 Colleat.
447 2395 626 2458 Homicidas
673 2396 804 2458 concilii
845 2393 1091 2456 Constantiensis

165 2474 330 2536 Pontitloas
352 2482 383 2539 et
404 2477 591 2542 Pharisaeos
615 2481 770 2541 exussisse
806 2478 890 2560 pium
913 2484 944 2538 et
967 2476 1091 2539 doctum

165 2558 263 2620 sirum
285 2557 456 2623 Iohannem
479 2562 569 2624 Hnss.

248 2659 360 2723 Omnia
382 2661 527 2725 damnata
541 2663 691 2726 iohannis
710 2663 791 2723 Huas
811 2663 842 2722 in
860 2659 992 2722 concilio
1015 2659 1092 2722 (lon-

166 2745 326 2805 stantiensi
348 2764 417 2808 esse
439 2746 621 2830 evangelica
643 2745 869 2825 etOhristiana,
893 2743 996 2805 omnia
1018 2761 1092 2805 vero

166 2825 323 2888 Pontificis
342 2848 411 2890 esse
432 2831 528 2911 impia
549 2836 580 2892 et
601 2829 778 2892 diabolica:

248 2908 336 2974 nuth.
377 2911 459 2988 Quia
472 2915 586 2991 omnia,
601 2932 681 2995 qnae
693 2912 777 2991 dicit,
789 2911 944 2993 pertinent
956 2908 995 2975 sd
1010 2909 1092 2970 hunc

165 2992 347 3054 articulum:
371 2995 473 3058 Credo
498 2996 660 3058 ecclesiam
684 3001 822 3057 sanctam
843 2991 1039 3071 catholicam,
1061 3000 1093 3053 ut

165 3080 252 3156 patet
273 3096 313 3137 ex
335 3078 400 3139 eiua
421 3077 537 3141 libello.

250 3157 378 3224 Oolleot.
411 3160 443 3224 Si
466 3160 619 3225 lohannes
642 3163 723 3223 Huss
745 3160 801 3222 luit
822 3159 1006 3232 haereticus,
1030 3177 1089 3238 ego

168 3240 286 3322 (inquit
295 3241 463 3324 Lutherus)
488 3246 556 3328 plus
569 3246 672 3307 decies
684 3244 857 3307 haereticus
870 3262 947 3310 sum,
960 3261 1030 3301 cum
1042 3241 1093 3302 illa

165 3323 259 3405 longe
287 3326 408 3389 minora
435 3334 467 3390 et
494 3330 641 3415 pauciora
671 3327 799 3404 dixerit,
831 3324 916 3386 velut
942 3324 1093 3386 inchoans

166 3406 265 3469 lucam
287 3411 424 3472 veritatis
446 3415 573 3494 aperire.

245 3508 334 3609 Loth:
378 3511 457 3588 Quia
482 3514 599 3575 maiora
621 3513 694 3574 vitia
721 3515 752 3572 et
773 3510 875 3592 plnres
898 3507 1013 3570 abusus
1034 3507 1091 3568 Pa·

167 3610 228 3674 pu
250 3599 381 3742 tiddiideet.
434 3679 562 3741 Etiamsi
591 3677 624 3746 S.
652 3677 761 3743 Petrus
789 3673 881 3738 hodie
904 3671 1094 3755 praesideret

167 3758 304 3844 Romae,
326 3782 388 3826 non
412 3769 515 3826 tamen
537 3782 608 3826 esse
629 3763 761 3844 Papam,
790 3777 859 3821 nam
882 3757 999 3841 Papam
1023 3774 1092 3820 esse
