2340 4162
171 230 235 309 ,346
479 236 523 296 Do
540 238 614 297 sotir
632 234 793 300 monasticis

173 414 276 496 magni
298 411 372 477 boni
393 414 501 476 intuitu
536 422 662 479 mutare.
704 413 779 478 vult
798 416 878 475 euim
903 412 1044 494 Deus¹),
1062 420 1098 474 ut

173 499 334 560 obediatur
368 501 437 560 voci
468 500 541 560 eius.
584 500 711 579 Insuper
741 499 803 560 boc
836 501 866 559 in
896 497 1098 559 obedientiae

172 590 246 644 voto
269 581 423 663 singulare
452 594 514 662 est,
547 583 629 663 quod
658 581 821 663 egrediens
848 582 887 643 ab
915 581 1097 642 obedientia

173 667 343 727 monastica
369 667 462 726 intrat
488 666 526 727 ad
557 666 762 728 obedientiam
791 665 873 727 illam
897 683 1097 726 communem

172 749 324 810 omnibus.
374 749 451 810 Nam
487 762 518 810 ut
547 752 712 832 episcopus
741 752 863 832 Papae,
895 750 937 810 its
965 749 1100 829 quilibet

173 832 363 893 Christianus
387 831 511 893 obedire
533 840 663 914 tenetur,
687 841 719 895 ut
731 836 790 916 ipsi
814 834 936 911 docent,
959 852 1028 893 oum
1053 842 1098 893 ta·

172 934 242 975 meu
266 916 335 975 ideo
359 918 479 977 voverit
499 919 717 995 monasticam,
741 928 772 979 ut
793 919 941 978 maiorem
973 924 1004 976 et
1026 936 1100 996 per·

173 1000 332 1058 tectiorem
345 999 404 1058 hac
416 1002 569 1060 communi
582 1000 787 1061 obedientiam
805 1000 954 1081 impleret.
991 997 1097 1075 Quum

172 1099 246 1160 ergo
260 1082 341 1141 cedit
356 1083 550 1144 obedientiae
561 1084 660 1145 viliori
673 1094 701 1144 et
711 1085 853 1165 relinquit
867 1084 1098 1163 perfectiorem,

172 1165 308 1243 aequalis
331 1163 364 1224 fit
386 1163 511 1227 cuilibet
541 1165 705 1248 vulgariter
733 1167 904 1246 obedienti,
935 1168 986 1244 qui
1010 1167 1099 1247 prius

172 1255 300 1308 voverat
335 1248 501 1328 perfectam
538 1252 616 1312 ultra
655 1252 820 1333 vulgarem.
887 1250 999 1310 Nonne
1031 1248 1098 1311 voti

172 1334 381 1410 transgressor
397 1333 465 1394 est?
488 1354 590 1394 nonne
612 1335 650 1396 ad
669 1335 805 1395 seculum
830 1334 918 1394 rediit
940 1344 973 1394 et
987 1335 1097 1413 iugum

172 1414 365 1475 obedientiae
386 1418 543 1478 excussit?
586 1419 665 1493 Quid
696 1418 745 1479 bic
767 1418 891 1479 dicent?
928 1424 1012 1477 certe
1043 1423 1098 1478 sut

172 1496 344 1579 temporale¹
354 1499 558 1561 rudimentum
571 1521 640 1563 esse
657 1505 760 1564 sinent
772 1510 876 1564 uotum
887 1499 1097 1580 obedientiae,

172 1589 225 1640 aut
247 1600 353 1642 omnes
376 1582 563 1645 damnabunt
593 1587 656 1647 voti
678 1605 764 1660 reos,
786 1586 837 1666 qui
860 1604 878 1645 e
900 1585 1097 1645 monasteriis

171 1663 247 1724 flunt
269 1667 422 1750 episcopi,
449 1673 481 1729 at
509 1669 586 1733 tales
608 1670 727 1750 aliquot
747 1669 878 1731 Sanctus
907 1666 1040 1746 habent,
1064 1674 1097 1727 ut

172 1747 417 1814 Beneventuram
442 1757 501 1824 etc,
546 1753 699 1831 Quantum
727 1756 800 1815 vero
830 1761 877 1813 est
898 1751 1096 1812 mendacium

171 1836 204 1897 et
224 1836 417 1920 sacrilegium
449 1838 572 1917 dicere,
595 1839 655 1900 boo
681 1857 749 1898 esse
772 1839 903 1916 migrare
923 1836 955 1895 in
979 1840 1095 1894 statum

192 1922 385 2002 erleotionis,
418 1922 443 1981 si
480 1930 584 1984 votum
608 1921 808 1982 substantiale
841 1929 872 1980 et
893 1925 1095 1997 praeceptum

169 1940 228 2067 itai
251 2007 388 2067 solvatur
416 2013 447 2065 et
477 2005 690 2085 relinquatur?
718 2004 804 2084 quasi
837 2000 1013 2062 mandatum
1041 2000 1097 2060 Dei

171 2089 351 2166 perfectioni
375 2101 533 2168 repugnet,
555 2095 705 2150 sutextra
727 2084 905 2147 mandatum
927 2084 982 2144 Dei
999 2083 1096 2143 ullum

171 2172 289 2231 initium
314 2173 430 2251 salutis,
448 2172 559 2231 nedum
574 2173 719 2251 perfectio
742 2188 811 2229 esse
827 2169 932 2248 possit.
968 2164 1000 2228 Si
1020 2185 1096 2246 ergo

171 2256 339 2316 monachus
358 2255 509 2334 perlectus
533 2275 600 2314 esse
613 2256 705 2332 volet,
728 2255 757 2312 in
776 2272 832 2313 suo
856 2258 929 2310 voto
948 2250 1097 2327 manebit,

172 2346 202 2401 et
224 2349 421 2419 praeceptum
442 2338 575 2399 divinum
594 2338 737 2414 servabit,
761 2353 934 2415 quanquam
952 2333 1000 2414 (ut
1017 2332 1096 2410 dixi)

172 2425 275 2483 omnia
298 2432 368 2481 aunt
391 2422 471 2483 licta.
506 2423 728 2502 Episcoporum
748 2421 826 2478 enim
847 2423 943 2478 slatus
966 2423 1013 2475 eat
1032 2435 1097 2475 ver·

172 2505 241 2567 bum
267 2505 323 2567 Dei
348 2504 542 2585 praedicare,
574 2507 624 2583 qui
654 2512 750 2563 status
774 2522 833 2561 uon
858 2509 921 2577 est,
950 2501 979 2557 iu
1002 2518 1096 2577 quem

173 2590 341 2651 ascendunt
355 2589 503 2666 religiosi,
526 2608 593 2648 oum
617 2606 709 2647 nemo
727 2585 833 2645 melius
848 2584 945 2663 possit
968 2582 1098 2641 verbum

173 2672 228 2732 Dei
250 2671 399 2752 dooere2)
417 2690 507 2749 quam
526 2671 677 2745 monachi,
695 2672 774 2729 siout
788 2669 860 2728 lecit
873 2665 904 2728 S.
918 2665 1097 2724 Beruardus

172 2763 203 2815 et
224 2756 347 2817 similes.
394 2754 523 2813 Proinde
555 2756 687 2832 migrans
711 2751 878 2812 monachus
912 2749 949 2808 sd
974 2749 1098 2827 episco-

171 2847 286 2919 patum,
309 2837 413 2916 quales
442 2856 524 2896 nunc
546 2847 615 2896 sunt
643 2837 839 2915 episcopatus
869 2831 977 2910 aplus
1000 2850 1097 2909 quarn

172 2922 402 3001 quadringentis
436 2921 547 2999 aunis,
588 2922 697 2998 migrat
726 2919 828 2998 potius
861 2935 880 2975 a
909 2933 983 2973 veru
1014 2923 1097 2972 statu

174 3006 389 3083 episcoporum
420 3002 458 3061 ad
482 3009 593 3062 statum
615 3002 767 3062 idolorum
800 3006 830 3058 el
854 2999 1006 3058 larvarum
1032 2999 1095 3077 epi·

173 3087 355 3167 scopalium.

255 3204 294 3263 Et
317 3212 349 3262 ut
362 3201 522 3262 mendacia
546 3208 576 3262 et
597 3201 742 3282 figmenta
761 3199 874 3278 finiam,
897 3199 975 3257 inter
993 3199 1100 3256 omnia

172 3295 246 3347 vota
260 3287 432 3346 monastica
457 3284 569 3344 nullum
594 3292 640 3344 eat
654 3285 752 3344 minus
771 3280 982 3359 substantiale,
1006 3299 1098 3359 quam

172 3369 371 3429 obedientiae
394 3375 522 3446 votum,
556 3368 732 3447 nullumque
762 3363 1000 3444 irrefragabilius
1023 3382 1098 3422 con·

173 3453 279 3527 vincit,
304 3469 374 3513 esse
397 3452 600 3512 monasticum
624 3453 792 3511 instit-utum
818 3445 1099 3508 merumrudimeu·

171 3541 234 3594 tum
257 3534 423 3596 iuventutis
446 3534 636 3595 Christianae
665 3532 704 3593 ad
727 3534 859 3612 priscum
884 3529 1006 3590 Petrum
1031 3547 1096 3588 mo·

245 3755 277 3825 1)
300 3754 332 3809 Iu
350 3753 419 3810 edit.
437 3755 531 3825 priora
549 3754 642 3812 deest:
661 3754 745 3811 Deus.
782 3755 818 3824 2)
837 3751 923 3809 ibid:
942 3750 1045 3807 dicere.
