2392 4170
136 250 200 318 272
443 255 587 310 Resolnlio
607 257 714 326 Dispnt.
734 255 768 310 de

137 407 197 483 Qui
219 426 294 487 ergo
317 427 378 468 non
403 412 549 489 proponit
570 412 729 471 actualiter
743 428 884 491 pensare,
906 408 1061 489 dignene

136 491 218 551 oedit
239 492 277 550 ad
299 501 534 567 sacramentum,
557 496 677 555 etiamsi
699 513 758 556 non
782 497 937 575 proponat
957 489 1062 550 iaoere

136 573 251 637 tonum
277 584 335 634 eto.
378 573 505 636 Obioem
529 595 590 638 non
612 597 728 658 ponere
750 586 798 637 est
825 575 958 657 medinm
980 574 1062 634 inter

137 656 290 718 destinare
312 677 331 716 a
352 659 433 718 malo
456 669 484 719 el
508 659 609 720 faeere
631 661 755 739 bonum,
778 660 849 719 dum
864 676 964 738 neque
986 655 1060 716 lnoit
1118 686 1123 697 ,

44 748 48 753 '
137 741 249 800 malum
272 759 373 818 neque
395 741 525 802 bonum:
548 743 602 803 sed
625 745 723 804 solnm
748 743 947 818 tamabono,
966 758 1059 820 quam

136 843 156 884 a
178 825 276 901 malo,
298 842 360 884 non
383 824 500 885 habens
523 834 638 887 motum
661 828 795 887 animia
818 826 917 900 malo,
940 841 998 883 neo
1019 823 1060 883 sd

137 907 260 968 bonnm.
303 906 392 968 Ratio
415 908 503 968 huius
526 911 681 990 opinionis
704 919 765 990 est,
801 911 872 987 qnia
904 909 934 967 in
958 925 993 966 se
1014 907 1061 966 sio

136 997 328 1051 sacramenta
350 1009 449 1051 novae
476 991 553 1073 legis
584 1012 647 1054 non
675 1000 779 1054 essent
806 993 933 1053 meliora
955 1008 1060 1050 saera·

137 1075 246 1133 mentis
272 1076 381 1133 veteris
411 1075 510 1159 legis,¹
541 1095 610 1137 eum
639 1085 670 1139 el
690 1079 720 1136 in
750 1077 844 1136 veteri
867 1074 937 1154 lege
959 1090 1060 1134 saara·

137 1166 238 1217 menta
260 1159 389 1237 gratiam
413 1157 577 1235 darent‚'si
600 1161 667 1238 quis
690 1168 773 1219 motu
797 1159 879 1220 bono
903 1156 1006 1217 eordis
1028 1157 1059 1215 in

136 1239 197 1300 fide
218 1241 414 1323 suscepisset,
436 1250 470 1301 nt
491 1243 596 1303 dieunt
613 1262 730 1305 omnes.
774 1242 860 1302 Haeo
873 1241 975 1329 omnia
989 1246 1061 1315 sunt

136 1334 266 1384 erronea
286 1322 481 1407 etialsa,'ut
502 1326 619 1405 patebit
641 1320 812 1406 probando.
945 1330 949 1337 '
979 1336 982 1341 '

152 1454 155 1459 .
216 1407 324 1467 Altera
345 1409 451 1488 opinio
484 1418 530 1471 est
563 1409 747 1488 eorundem,
780 1407 1060 1488 quodnsmo-sil

136 1499 247 1573 certus,
268 1510 307 1551 an
330 1493 459 1571 grat-iam
490 1502 695 1572 consequatur
721 1495 752 1552 in
783 1497 983 1575 sacramanto·
1028 1496 1060 1549 et

135 1564 324 1654 distinguunt
352 1575 381 1633 in
405 1571 642 1655 honomodnm,
665 1566 971 1655 qnod,qnanti1iii²'d
1016 1590 1059 1632 ex

134 1668 221 1737 parte
244 1659 427 1717 sacramenti
457 1657 630 1736 elfloientis,
652 1671 735 1720 serta
757 1671 804 1719 est
831 1659 948 1736 gratiae
977 1673 1059 1716 asso

135 1743 227 1819 cutio,
250 1741 303 1800 sed
328 1749 473 1820 quantum
497 1751 543 1802 est
565 1762 605 1802 ex
622 1752 707 1823 parte
721 1741 923 1822 suscipientis,
941 1740 1060 1799 inserta

134 1833 190 1903 est,
214 1827 285 1905 qnia
307 1825 403 1884 nesoit
424 1825 612 1903 homo‚-'an‘
636 1820 713 1886 lodio
737 1826 784 1885 vel
808 1843 914 1886 amore
947 1822 1059 1902 dignus

135 1909 182 1968 sit.
226 1909 339 1968 Dicunt
361 1917 461 1969 tamen
485 1929 523 1967 ex
539 1914 625 1988 parte
639 1910 832 1989 suscipientis
845 1907 947 1967 haberi
964 1923 1059 1985 posse

135 1993 266 2071 aliquam
291 1991 512 2066 certitudinem,
535 1993 653 2051 soilioet
675 1994 820 2052 moralem
852 2002 884 2051 et
911 2007 1059 2065 crassam,

134 2075 271 2152 honest,
295 2075 488 2153 probabilem
509 2084 538 2133 et
561 2077 773 2153 verisimilem,
797 2094 857 2135 non
874 2080 982 2133 autem
1005 2071 1057 2133 ab·

133 2160 265 2220 solutam
289 2169 318 2218 et
345 2157 468 2238 plenam
495 2159 727 2236 multudinem,
756 2178 815 2218 neo
844 2160 892 2219 sit:
913 2174 1057 2216 neeessa-

132 2243 177 2303 ria
200 2243 279 2303 talis.

217 2322 332 2385 Contra
360 2325 437 2385 haee
464 2325 624 2405 probalive
656 2325 731 2385 liaeo
763 2341 905 2405 propono
939 2324 1057 2384 ratione

133 2409 203 2469 tali:
236 2409 348 2486 Primo,
372 2409 613 2488 ubieunque-est
635 2409 759 2468 verbum
784 2409 838 2467 Dei
875 2407 1057 2487 promittens

133 2490 247 2570 aliquid
268 2492 395 2570 homini,
416 2492 458 2552 ibi
481 2494 655 2552 neeessaria
677 2502 723 2552 est
744 2491 820 2551 tides
841 2491 983 2566 hominis,
1005 2491 1057 2569 qni

133 2575 238 2635 eredat
260 2575 340 2635 hano
362 2577 597 2655 promissionem
621 2595 688 2635 esse
704 2595 807 2634 veram
827 2583 856 2635 et
869 2573 1054 2653 implendam

133 2658 212 2718 adeo
235 2667 316 2718 oerle
339 2668 368 2718 et
396 2658 534 2738 firmiter,
568 2668 606 2718 ub
632 2661 733 2738 potius
768 2675 888 2719 omnem
922 2674 1055 2731 sensnm,

133 2759 254 2802 omnem
277 2744 445 2821 rationem,
479 2761 602 2804 omnem
627 2744 803 2816 seientiam,
837 2761 959 2802 omnem
983 2758 1054 2823 oop-

131 2826 360 2908 tradiotionem,
404 2844 532 2887 omnem·
567 2832 737 2885 ereaturam
773 2824 899 2885 deberet
929 2840 1056 2904 negare,

132 2926 223 2988 qnam
247 2911 296 2969 dei
318 2910 412 2970 verbo
442 2928 503 2970 non
526 2910 664 2971 eredere:
698 2911 769 2992 qnia
797 2910 849 2990 qui
879 2905 974 2968 verbo
1005 2905 1059 2979 dei

132 3011 193 3053 non
216 2993 327 3075 eredit,
358 2993 445 3053 deum
474 2995 545 3053 laoit
569 2992 765 3068 mendacem,
803 2998 832 3050 et
869 2997 961 3071 negat
990 2991 1056 3050 eins

131 3076 289 3136 veritatem
313 3086 343 3136 et
365 3084 473 3156 peooat
495 3086 602 3138 eontra
618 3078 745 3156 primum
762 3081 970 3154 praeceptum.
994 3071 1055 3158 Sed

130 3161 160 3219 in
185 3159 268 3219 omni
290 3169 482 3220 sacramento
506 3168 552 3220 est
580 3161 705 3219 verbum
730 3160 777 3218 dei
800 3156 1055 3241 promittensho·

131 3244 203 3302 mini
226 3244 355 3324 aliquid:
394 3252 425 3304 ul
448 3244 574 3324 Baptiso
598 3251 626 3303 te
650 3246 678 3302 in
704 3244 826 3302 nomine
849 3241 942 3321 patris
978 3245 1055 3317 elo.;

130 3326 282 3408 Immergo
306 3336 335 3388 te
357 3335 387 3387 et
408 3330 512 3387 omnia
532 3335 661 3408 peooala
684 3334 744 3402 tna,
757 3327 844 3386 item:
863 3324 1002 3384 Absolvo
1024 3328 1056 3383 te

131 3417 204 3492 etn3
237 3411 371 3472 Remitto
399 3411 452 3470 tibi
483 3418 612 3490 pennata
633 3418 685 3469 tna
709 3416 767 3473 eto.
813 3408 894 3488 Ergo
917 3408 946 3466 in
965 3404 1054 3468 'omni

130 3503 322 3556 sacramento
345 3496 520 3556 necessaria
541 3500 589 3554 est
617 3493 693 3554 fides
721 3491 890 3552 certissima
919 3488 957 3550 de
985 3504 1055 3571 prox

131 3578 277 3639 missione
299 3577 347 3638 dei
371 3583 429 3640 eto.

212 3659 355 3725 Secundo
383 3662 529 3742 probatur
556 3661 729 3721 autoritate.
787 3657 876 3720 Rom.
904 3657 933 3718 4.
957 3653 1053 3717 Abra·

131 3746 201 3808 ham
225 3745 354 3825 eredidit
374 3745 433 3807 deo
455 3746 641 3829 promittenti
671 3742 729 3803 sibi
751 3741 846 3802 filium
876 3747 906 3800 et
934 3745 1053 3821 rapula*
