2392 4170
452 202 539 314 Doct..
551 253 630 314 trarr
648 253 730 314 Lam.
994 253 1056 325 397

134 419 218 480 Deus
248 418 313 480 vult
337 418 443 500 subdi,
469 419 638 500 honorare,
666 418 849 483 benedicere
877 427 908 481 st
932 438 989 501 pro
1011 420 1056 483 eis

135 520 327 648 0erilarius
349 593 451 648 autem
474 587 520 648 sic
541 585 581 648 de
602 584 720 668 Papatu
743 586 831 651 dico:
855 586 987 668 Papatus
1009 591 1057 648 est

136 668 284 750 Principis
307 669 441 732 Satanae
467 670 718 753 pestilentissima
739 668 946 747 abominatio,
975 688 1055 749 quse

118 751 192 813 >sub
214 753 304 814 coslo
326 753 382 814 fuit
409 760 462 815 sut
482 754 581 815 futura
604 761 658 816 est.
713 752 764 815 Sic
784 771 898 815 revoco
919 751 1054 815 libellum
1148 822 1151 826 ⁴

134 855 235 896 meum
259 835 298 897 de
319 838 496 919 captivitato
520 836 711 918 Babylonica
733 836 764 895 in
784 837 913 916 gratiam
931 835 1053 898 Domini

133 917 257 980 Henrici
291 922 363 982 novi
398 919 593 999 Themistaa,
633 939 672 980 ne
704 919 750 980 ira
777 925 934 1000 rumpatur
970 924 1054 981 tauta

133 1001 312 1064 Themistici
335 1004 468 1064 nominis
490 1004 651 1082 maiestas,
673 1002 754 1063 hanc
775 1003 855 1064 euim
880 1003 1053 1064 revocatio·

134 1104 203 1146 nem
226 1104 245 1146 a
267 1106 316 1147 me
337 1094 503 1167 extorquet
532 1093 593 1147 tam
618 1085 728 1147 doctus
756 1094 787 1147 et
810 1082 950 1146 terribilis
971 1085 1053 1147 Tho·

134 1169 233 1230 mista.
264 1168 342 1230 Nam
359 1189 398 1232 ne
414 1170 498 1232 nulla
514 1189 570 1232 suo
587 1168 692 1231 libello
714 1169 759 1229 vis
775 1166 918 1230 movendi
933 1167 1054 1230 Luthari

133 1253 264 1330 inesset,
291 1250 404 1315 adiecit
425 1254 540 1331 minas,
564 1251 728 1314 consulens
749 1251 843 1332 plane
864 1249 1053 1313 exurendum

133 1353 202 1395 esse
222 1335 305 1396 hunc
326 1336 531 1415 haereticum,
552 1336 610 1396 nisi
632 1336 806 1419 resipuerit,
829 1342 860 1396 et
880 1334 942 1396 hoc
962 1335 1053 1415 plane

132 1416 430 1498 Thomistacissime‚
454 1439 522 1480 nam
546 1420 611 1479 istie
631 1415 766 1496 minia1)
789 1424 905 1479 certum
927 1424 975 1480 est
995 1417 1053 1479 Ln-

132 1500 251 1563 therum
281 1503 418 1564 territum
445 1503 481 1564 iri
509 1510 541 1563 et
561 1508 776 1581 aequaturum,
802 1501 949 1582 quidquid
970 1501 1053 1564 'lho-
1106 1512 1108 1517 ’

132 1585 254 1729 pistica
274 1585 383 1708 ²saliva
415 1587 445 1647 in
479 1585 542 1648 boc
577 1584 682 1647 libello
716 1584 810 1666 Regis
849 1585 991 1647 mentitur
1022 1590 1054 1646 et

154 1668 264 1730 lateret
292 1675 319 1744 ).

214 1751 300 1814 Haec
316 1759 388 1815 sunt
405 1772 500 1832 arms,
524 1751 634 1833 quibus
655 1750 801 1813 haeretici
816 1751 978 1813 vincuntur
999 1750 1053 1814 ho·

132 1833 192 1912 die,
213 1835 292 1915 ignis
315 1843 346 1898 st
366 1835 449 1899 furor
463 1836 736 1917 insulsissimorum
755 1837 910 1897 asinorum
929 1841 960 1897 et
973 1834 1053 1896 'l'bo-

133 1919 320 1983 misticorum
342 1939 517 2001 porcorum.
556 1917 616 1981 Sed
641 1926 770 2000 pergant
791 1920 879 2000 porci
899 1918 953 1997 illi,
975 1927 1006 1979 el
1026 1920 1051 1980 ei

132 2001 260 2080 audem,
282 2010 414 2067 exurant
435 2023 494 2067 me.
538 2002 595 2064 Hic
616 2022 699 2083 sum,
722 2010 753 2064 et
773 2000 962 2084 exspectabo
987 2020 1053 2083 eos,

132 2085 284 2148 cineribus
313 2087 388 2171 solis
415 2094 654 2169 postmortem,
687 2087 778 2149 etiem
801 2086 831 2146 in
856 2085 938 2146 mille
959 2088 1054 2147 maria

132 2169 291 2310 prpiectis,
324 2189 492 2251 persequar
522 2179 553 2231 et
583 2169 719 2250 fatigabo
751 2169 812 2232 hoc
845 2167 1053 2232 abominabile

133 2270 171 2310 vu
207 2270 251 2316 us.

150 2381 155 2388 .
185 2271 351 2414 gSumma,
374 2336 480 2396 vivens
499 2336 631 2416 Papatus
652 2335 750 2397 hostis
773 2355 836 2418 ero,
859 2343 984 2398 exustus
1006 2334 1053 2398 bis

133 2415 229 2478 hostis
253 2435 322 2497 ero,
353 2417 445 2478 facite
468 2420 555 2498 porci
584 2419 778 2499 Thomistae,
807 2419 889 2500 quod
912 2421 1052 2501 potestis,

132 2499 293 2563 lutherum
316 2498 466 2562 habebitis
488 2520 590 2561 ursam
611 2503 642 2561 in
668 2503 719 2564 via
740 2507 771 2562 et
792 2502 931 2564 leaenam
955 2504 985 2565 in
1007 2523 1052 2564 se·

133 2585 222 2663 mita,
245 2582 379 2665 undique
402 2583 489 2646 vobis
511 2590 652 2646 occurret
671 2592 704 2644 et
722 2603 830 2665 pacem
856 2585 968 2647 babere
990 2605 1051 2647 non

131 2668 221 2748 sinet,
244 2667 344 2729 donec
360 2667 475 2729 ferreas
493 2667 611 2728 vestras
633 2667 769 2728 cervices
792 2674 824 2727 et
844 2686 951 2729 aereas
972 2669 1051 2730 fron·

132 2757 177 2812 tes
200 2751 392 2831 contriverit,
417 2750 465 2812 vel
488 2751 518 2810 in
541 2749 688 2828 salutem,
717 2749 765 2811 vel
787 2751 817 2810 in
839 2750 1051 2831 perditionem.

131 2832 286 2895 Hactenus
308 2836 382 2896 satis
398 2834 487 2896 luerit
499 2834 678 2914 patientiam
692 2830 871 2915 perdidisse,
895 2831 1050 2915 deinceps,

131 2936 199 2978 cum
228 2919 361 2999 pergatis
383 2916 515 2979 indurati
543 2923 574 2979 et
598 2916 759 2979 'occaecati
789 2934 905 2978 cornua
934 2916 1052 2997 erigere

131 3006 163 3060 et
182 3009 292 3082 sponte
315 3001 386 3063 iacti
408 2998 474 3063 sitis
496 2998 717 3081 incorrigibiles
732 3005 771 3061 'et
787 2999 937 3078 indomiti,
959 3018 1051 3073 nemo

130 3103 149 3146 a
180 3103 229 3145 me
260 3092 420 3166 exspectet
453 3083 618 3165 quidquam
653 3082 712 3146 dici
740 3085 770 3144 in
804 3102 860 3145 vos
891 3082 1052 3164 deplorata

130 3173 273 3246 portenta
300 3187 395 3230 suase
424 3175 476 3233 sut
504 3167 660 3230 blandum.
711 3165 851 3229 Irritstos
874 3167 955 3228 enim
979 3166 1050 3229 volo

104 3270 108 3281 ·
131 3252 229 3331 magis
251 3270 289 3312 ac
309 3253 422 3331 magis,
455 3251 556 3312 donec
584 3248 689 3312 effusis
719 3249 862 3313 omnibus
885 3247 998 3310 viribus
1020 3257 1053 3310 et

131 3333 283 3394 furoribus
305 3332 475 3396 concidatis
497 3335 528 3395 in
550 3333 639 3395 vobis
661 3334 745 3416 ipsis.
789 3333 847 3409 Qui
871 3333 986 3415 primus
1008 3333 1051 3394 al·

129 3422 227 3560 plerum
251 3418 485 3496 compescuerit,
507 3419 547 3479 sit
566 3418 634 3499 ipse
656 3419 762 3490 victor,
785 3417 862 3478 sicut
885 3417 986 3494 vullis,
1007 3417 1052 3478 sio

151 3506 184 3563 at
205 3499 303 3562 vobis.
447 3557 452 3567 .

212 3582 253 3645 Ur
274 3583 366 3664 igitur
387 3581 510 3644 redeam
533 3581 573 3644 ad
595 3583 751 3666 egregiam
767 3580 852 3644 illam
866 3581 1050 3664 RegisTbo·

131 3714 342 3727 Ἣ

202 3766 230 3836 1)
248 3765 280 3821 In
299 3762 344 3821 ed.
364 3763 447 3835 orig:
467 3762 602 3819 minimus.
639 3763 668 3832 2)
686 3761 770 3820 ibid:
791 3761 934 3819 blacterat
