2392 4170
294 262 406 320 Bnllam
424 262 510 321 leon.
529 266 563 322 ll.
582 264 705 322 damnat.
725 280 751 323 a
770 268 851 327 1u20.
975 268 1039 341 165

195 419 261 483 llon
284 424 389 483 tamen
411 439 468 503 per
488 420 567 483 baec
588 424 704 485 sanctis
726 423 866 487 Patribus
889 426 961 489 volo
986 427 1039 490 de·

136 509 240 567 mcum
269 505 466 566 autoritatem
496 511 528 566 et
558 506 808 589 ingratitudinem
837 526 894 589 pro
923 512 1038 575 sanctis

134 606 217 650 corum
238 586 395 651 laboribus
416 608 597 670 repensam,
627 591 682 652 aad
713 590 885 655 libertatem
913 595 1038 675 spiritus

85 710 87 715 -
134 672 357 735 etmaiestalem
379 671 465 734 verbi
481 672 538 734 Dei
560 673 619 735 illis
633 676 852 756 praepositam,
867 677 1038 740 sintsaucti

133 754 219 818 vilet
238 756 440 817 ecclesiarum
462 764 576 837 patres,
599 757 653 818 sed
675 758 815 820 homines
838 767 869 818 et
886 760 1037 840 apostolis

132 844 203 919 atquc
212 839 371 922 prophetis
386 841 531 921 impares,
544 841 692 902 ethorum
705 842 861 903 autoritati
873 861 935 903 nou
950 862 1037 924 pras·

132 920 169 983 toi
185 940 242 985 nec
264 923 401 1004 aequati,
423 923 477 984 sed
490 923 629 1005 subiecti,
651 931 684 986 ut
700 943 778 1004 quos
801 943 865 986 non
888 925 946 1005 ipsi
969 945 1036 987 eru·

133 1004 229 1068 lismnt
249 1013 305 1068 ant
323 1006 566 1083 illustraverunt,
595 1007 650 1068 sed
673 1026 692 1068 a
714 1006 824 1087 quibus
845 1007 905 1087 ipsi
927 1008 1037 1069 eruditi

132 1088 300 1151 aillustrati
315 1097 396 1166 suut,
410 1097 528 1152 tantum
542 1090 631 1152 nobie
645 1090 790 1171 exemplo
802 1092 872 1169 sint,
887 1097 921 1151 ut
932 1110 1036 1172 quem·

133 1170 276 1235 atmodum
297 1175 356 1255 ipsi
379 1173 409 1234 in
434 1172 527 1235 verbo
548 1174 606 1235 Dei
629 1193 686 1255 pro
709 1193 766 1235 suo
790 1179 930 1254 tempore
952 1173 1036 1235 labo·

132 1257 321 1334 aromatite
343 1263 374 1318 et
395 1276 452 1318 uos
474 1274 531 1338 pro
553 1265 660 1318 nostro
682 1256 790 1319 seculo
812 1257 843 1316 in
856 1256 966 1318 eodem
989 1257 1034 1318 la·

132 1334 260 1404 iuremus.
283 1340 353 1402 Una
375 1347 422 1401 est
443 1341 542 1419 vinea,
565 1340 618 1401 sed
642 1340 755 1401 diversi
776 1339 964 1400 diversarum
982 1339 1035 1401 ho·

132 1438 211 1484 amm
233 1424 385 1506 operarii,
408 1443 515 1485 omues
537 1431 640 1486 tamen
664 1425 694 1484 in
714 1426 784 1504 ipsa
806 1422 905 1497 vinea,
927 1424 1032 1484 nonin

131 1506 235 1569 usulis
257 1513 313 1568 aut
335 1507 440 1568 cultria
462 1509 672 1588 operariorum
694 1506 849 1568 laborant.
877 1504 958 1566 Satis
988 1512 1035 1567 est

130 1586 285 1652 cl‘abibus
308 1589 451 1652 didicisse
472 1590 605 1652 studium
630 1597 661 1651 et
682 1590 871 1670 diligentiam
884 1589 916 1648 in
932 1588 1032 1669 Scrip-

130 1673 186 1733 bris
204 1673 382 1754 laborandi,
405 1693 468 1735 non
492 1693 583 1735 omne
605 1693 683 1755 opus
704 1692 811 1734 eorum
834 1670 959 1753 probari
981 1691 1035 1731 ne-

130 1771 199 1818 ccsse
218 1763 275 1834 est,
297 1757 447 1837 siquidem
470 1765 501 1817 et
523 1758 681 1838 diligentia
695 1755 832 1837 pluribus
846 1754 1033 1834 quandoque

130 1856 176 1901 uon
195 1838 255 1917 (lat,
278 1840 361 1921 quod
384 1840 438 1902 dat
454 1840 502 1902 vel
531 1842 583 1901 uni
614 1841 683 1903 sola
706 1839 843 1916 occasio,
867 1844 899 1899 et
925 1839 1032 1899 nescio

131 1937 192 2001 quas
202 1924 324 2005 spiritus
337 1923 655 2005 incomprehensibilis
667 1922 821 2004 impulsio.

193 2006 347 2088 Exemplo
366 2008 471 2087 itaque
497 2006 528 2069 S.
551 2005 713 2083 Bernardi,
739 2007 765 2066 si
800 2004 830 2065 id
854 2003 1034 2084 poterimus,

131 2089 213 2165 potius
234 2109 276 2153 ex
297 2089 384 2152 lonte
404 2091 473 2170 ipso
496 2109 588 2170 quam
618 2110 659 2151 ex
679 2089 785 2151 rivulis
809 2085 965 2163 bibamus,
988 2086 1033 2147 sic

132 2170 193 2233 ain
214 2171 253 2235 de
274 2192 309 2235 se
331 2173 504 2250 confitetur,
527 2172 568 2234 ob
582 2173 612 2234 id
630 2191 693 2233 non
704 2190 775 2233 raro
789 2169 928 2231 Patribus
946 2187 1032 2230 sano

132 2250 310 2317 breluctari
333 2276 435 2320 ausus.
458 2257 582 2336 Alioqui
604 2257 630 2317 si
653 2253 852 2316 Pontificibus
881 2260 934 2313 aut
955 2252 1034 2313 Doc-

134 2336 226 2401 bu'bus
248 2339 325 2401 solie
346 2338 501 2400 fidendum
525 2347 582 2419 est,
605 2357 663 2400 uec
684 2339 723 2400 ad
746 2337 922 2418 scripturae
943 2334 1033 2395 tribu·

136 2418 171 2487 ll
193 2420 325 2484 vocandi
346 2430 431 2504 snut,
456 2442 511 2483 cur
537 2442 601 2484 non
631 2422 804 2502 Scripturas
832 2426 957 2481 sanctas
979 2437 1033 2479 ex·

139 2498 273 2583 tltlimus,
295 2512 440 2586 tauquam
463 2505 633 2586 superfluas
657 2511 688 2566 et
709 2504 919 2582 obscuriores,
941 2518 1032 2580 quam

84 2638 86 2643 .
138 2589 216 2649 litas
238 2590 395 2670 possimus
417 2589 588 2668 consequi?
610 2587 729 2649 Eodem
752 2586 897 2668 exemplo
909 2583 1033 2646 tandem

136 2668 266 2733 “Patres
298 2671 329 2734 8.
352 2672 555 2753 repellamus,
577 2672 709 2752 receptis
733 2672 763 2730 in
791 2669 894 2730 locum
927 2685 1032 2728 eorum
1089 2738 1094 2747 ἡ

134 2754 314 2830 tpertioribus
340 2761 392 2825 (ut
411 2753 546 2838 iactant)
570 2755 724 2835 theologis
750 2751 958 2827 scholasticis,
981 2750 1034 2811 do·

84 2882 86 2887 .
133 2844 216 2900 met
236 2837 284 2900 hia
307 2837 434 2900 abiectis
458 2837 656 2900 Aristotelem
686 2842 717 2897 et
739 2854 801 2917 quo
830 2835 961 2915 quisque
987 2852 1032 2894 rs·

134 2919 222 2982 sotor
241 2941 260 2982 a
281 2923 377 2983 sacris
405 2921 500 2984 literis
528 2933 560 2982 et
581 2920 611 2984 S.
634 2919 773 2981 Patribus
801 2916 908 2995 fuerit,
939 2916 1032 2977 duces

84 3004 88 3055 l
133 2994 288 3085 babeamus,
312 3005 391 3066 sicut
410 3024 521 3066 revera
540 3003 701 3065 babuimus
724 3011 753 3063 et
775 3001 932 3067 habemus.
955 3000 1032 3061 Tum

134 3096 217 3149 ittera
237 3088 305 3165 erit,
316 3095 349 3149 nt
372 3087 543 3169 Scripturas
565 3093 689 3148 sanctas
719 3105 781 3146 non
804 3085 903 3146 solum
926 3084 1033 3165 spiritu

134 3171 233 3247 proprio
256 3189 319 3232 nou
342 3172 593 3252 interpretemur,
617 3169 671 3230 sed
694 3169 768 3230 nihil
796 3169 853 3230 nisi
875 3168 1031 3249 proprium

136 3248 259 3341 tpiritum,
282 3253 446 3336 Scripturie
469 3255 498 3313 in
511 3260 609 3315 totum
627 3252 803 3334 incognitis,
824 3251 974 3332 reliquum
987 3270 1031 3311 re-

137 3332 260 3397 lucemus
283 3343 314 3398 et
337 3339 427 3398 meris
451 3338 630 3418 opinionum
661 3342 833 3398 nostrarum
863 3334 1032 3395 turbinibus

138 3416 305 3494 tproeellis
329 3421 395 3480 sine
416 3419 477 3480 line
500 3420 666 3502 agitemur,
689 3420 769 3480 sicut
789 3425 836 3479 est
857 3417 921 3478 dies
942 3417 1031 3480 haec.

195 3500 276 3563 llaec
298 3503 382 3564 volui
402 3504 433 3563 in
456 3503 517 3564 hoc
539 3503 711 3583 protestari,
734 3522 774 3563 ne
788 3500 899 3580 ii,'qui
922 3499 952 3562 Β.
976 3499 1031 3561 Pa·

87 3610 92 3639 ι
140 3578 191 3669 bun
212 3585 321 3646 alicubi
344 3585 432 3647 dictis
455 3585 641 3647 suffarcinati
654 3590 853 3667 praesumunt
868 3585 1029 3644 victo'riam

140 3655 190 3741 tbi,
210 3687 275 3730 sese
297 3669 410 3749 aliquid
433 3669 543 3729 fecisse
565 3675 686 3749 putent,
709 3669 802 3729 sime
833 3667 1029 3728 adversatum

141 3749 314 3834 canuerint,
335 3751 385 3812 vel
407 3752 496 3815 unius
519 3752 616 3812 Patris
638 3751 840 3815 ecclesiastici
862 3750 954 3813 unico
977 3750 1030 3816 ali-
