2392 4170
158 246 223 319 3oe
468 248 511 310 Do
529 249 604 310 sutis
618 247 778 311 mundus

159 435 199 477 su
221 415 337 478 Poulus
358 416 483 478 sosisbs
505 418 629 499 vixerit,
654 416 709 477 ssd
732 435 771 478 sn
794 416 968 499 exemptum
990 432 1082 481 mum

159 500 198 561 sit
220 501 251 561 iu
282 500 329 560 ins
363 507 396 560 et
427 501 557 562 formum
580 500 738 562 dootiinus
761 501 950 565 trahendum.
991 501 1082 565 Idem

160 583 271 644 Paulus
293 590 390 644 totum
413 585 514 665 legem
536 585 615 644 Mori
636 584 797 665 ssrrsbst,
819 592 851 645 st
871 593 973 647 tomen
994 587 1081 649 noie-

160 667 212 730 brt
233 667 338 728 dooeri
361 676 392 728 et
413 669 511 729 audiri
531 686 602 728 eum
620 668 659 729 ud
682 668 876 731 servendum.
919 668 967 732 lin
988 670 1082 731 Bem-

158 749 272 812 herdus
294 751 351 811 sub
373 762 448 812 voto
471 753 538 812 sine
560 759 645 826 voto,
667 768 722 812 eeu
745 751 920 832 Apostolus·
938 754 1086 836 sublege

161 835 228 895 sins
250 833 330 916 lege,
353 836 483 916 sgsbst,
516 834 570 895 sed
597 854 659 895 uon
682 834 752 895 ideo
777 844 880 896 votum
902 844 954 897 sut
976 838 1084 899 lexin

159 917 329 979 dootriusm
368 926 399 979 et
431 918 563 979 formem
600 920 681 979 vitus
713 917 827 1000 redigi,
866 921 929 982 imo
962 920 1084 983 sbohri

159 1001 260 1064 debet.

240 1085 281 1146 Et
301 1085 440 1166 superius
462 1083 513 1144 ubi
535 1084 574 1145 do
595 1082 656 1145 fids
679 1085 813 1166 egimus,
845 1087 919 1147 setis
943 1088 1080 1149 ostendi·

159 1188 242 1249 mus,
275 1175 308 1229 ut
328 1168 475 1230 adversus
508 1169 636 1248 primum
658 1169 793 1229 tabulam
822 1186 877 1229 seu
899 1173 957 1232 tris·
977 1171 1081 1252 primu

156 1260 324 1335 praesepta
344 1260 460 1333 pugnet
478 1252 648 1312 institutum
670 1252 750 1312 istud
775 1255 986 1319 monosticum.
1032 1254 1082 1316 Fi-

94 1390 108 1415 ,
158 1335 212 1396 des
235 1338 316 1397 euim
348 1337 379 1395 in
411 1336 525 1416 primo,
560 1335 625 1394 iens
657 1343 690 1396 et
710 1335 865 1397 oouiessio
889 1339 1023 1398 nominis
1045 1339 1079 1400 in

156 1419 310 1500 seeundo,
349 1428 379 1478 et
400 1436 497 1499 opem
518 1419 574 1480 Dei
596 1420 626 1478 iu
649 1417 737 1479 uobis
760 1419 792 1478 in
814 1423 904 1481 tertio
926 1423 1080 1502 praeeipi-

158 1511 255 1567 untur.
298 1503 332 1562 in
359 1502 406 1561 his
429 1502 524 1562 tribus
550 1502 721 1562 absolvitur
738 1520 830 1562 verus
855 1503 907 1564 iiie
929 1512 960 1565 st
982 1504 1083 1586 iqiti-

158 1606 225 1647 mus
247 1586 346 1647 uultus
360 1585 425 1646 Dei.
457 1585 501 1647 At
522 1585 673 1645 institutio
689 1587 762 1666 voti,
786 1584 1081 1668 dumdosetopsrs,

156 1669 247 1730 fldem
271 1677 400 1730 evsouet
426 1677 477 1744 (ut
498 1667 650 1744 diximus)
674 1675 704 1728 et
725 1667 796 1729 iudo
818 1669 939 1732 abieoto
953 1672 1081 1733 nomine

157 1753 214 1814 Dei
236 1772 324 1815 suum
348 1754 477 1833 erigunt
521 1751 629 1831 Neque
652 1752 735 1812 euim
757 1751 919 1814 Christiani
944 1755 1079 1836 emplius

156 1857 215 1900 nso
236 1838 289 1898 filii
307 1837 372 1915 Dei,
397 1834 688 1915 sedAugustinisni,
710 1835 909 1918 Benedictini,
933 1837 1077 1900 Francis

159 1924 245 2003 osui,
268 1917 505 1996 Dominioenil)
528 1918 684 1996 diouutur,
716 1917 774 1978 hos
808 1926 840 1980 et
870 1938 944 1981 suos
966 1919 1080 1983 Patres
1122 1992 1125 1997 ¹

155 2025 230 2089 pres
252 2005 372 2066 Christo
400 2004 524 2065 isetout.
566 2001 839 2082 Nequoenimhoo
861 2004 985 2064 nomine
1000 2004 1080 2066 seiri

159 2097 190 2151 et
211 2090 281 2150 iusti
304 2087 368 2148 fieri
391 2091 600 2167 praesumunt,
623 2084 706 2166 quod
720 2084 873 2167 bsptisuti,
896 2087 980 2168 quod
995 2086 1082 2149 chrr-

156 2174 246 2234 stiaui
268 2177 354 2249 sunt,
373 2170 427 2230 sed
449 2169 614 2247 bussuto,
652 2168 735 2248 quod
758 2171 804 2228 sui
827 2169 943 2231 ordinis
964 2189 1082 2233 nomeu

156 2257 279 2317 hebent.
325 2254 396 2315 ideo
429 2255 459 2313 in
498 2272 586 2313 suum
609 2271 721 2312 nomeu
745 2252 919 2334 ooniiduut,
954 2257 985 2314 in
1019 2254 1081 2316 hoo

158 2339 337 2422 gloriantur,
359 2337 445 2416 quusi
469 2338 639 2418 baptismus
667 2344 697 2396 et
719 2334 797 2397 fides
817 2338 880 2396 inm
900 2339 975 2400 oiim
996 2339 1081 2399 reiut

158 2423 318 2503 naufragio
342 2422 493 2502 perierint
538 2420 607 2480 Non
619 2438 694 2500 ergo
708 2428 868 2481 assumunt
880 2428 911 2481 st
930 2422 1081 2484 iuroouut

159 2525 272 2568 nomeu
295 2505 418 2567 Domini
442 2505 499 2564 nisi
521 2505 552 2564 iu
575 2523 704 2582 usuum,
737 2504 791 2563 sed
828 2522 940 2565 nomen
979 2522 1079 2585 suum,

159 2591 242 2671 quod
265 2608 320 2670 per
342 2607 437 2669 opere
458 2596 630 2651 erexerunt.
675 2587 788 2646 Videas
812 2590 892 2648 euim
908 2606 962 2649 eos
986 2589 1080 2670 piens

158 2677 331 2755 desperare,
354 2675 378 2732 si
401 2671 539 2732 ordinem
563 2691 651 2731 suum
674 2688 735 2729 nou
764 2690 904 2731 servasse
927 2672 983 2732 sibi
1006 2690 1079 2734 eon

158 2761 212 2819 soii
234 2757 355 2834 fuerint,
379 2756 583 2816 necessarium
605 2755 688 2815 snim
716 2753 759 2814 ed
778 2754 929 2816 iustitium
946 2762 977 2816 st
999 2757 1080 2816 ssio-

157 2850 218 2903 tem
241 2842 433 2903 arbitrantur.
476 2839 534 2901 Ubi
562 2845 664 2899 sutem
693 2856 834 2899 servasse
866 2846 919 2898 sut
940 2838 1080 2901 doiuisse

157 2925 278 2987 deuon
301 2924 466 2984 observato
495 2941 564 2983 sess
586 2922 733 2998 viderint,
767 2929 829 2982 tum
861 2922 921 2982 hoo
953 2925 1081 2984 nomine

158 3028 267 3070 seours
289 3013 472 3088 exspectent
499 3024 648 3068 eoronam
669 3004 799 3085 glorius,
822 3005 915 3085 louge
942 3007 1081 3068 sesurius

157 3112 248 3173 quam
262 3092 343 3172 quod
357 3090 499 3170 baptisati
510 3091 573 3151 siut
592 3092 624 3149 iu
637 3088 798 3168 Christum,
821 3091 884 3150 imo
897 3090 983 3150 ostiti
997 3099 1080 3170 sunt,

157 3195 197 3237 ne
219 3178 359 3256 cogitent
396 3174 518 3255 quidem
549 3192 684 3253 uuquam
712 3191 782 3232 sese
815 3192 884 3233 ssse
907 3173 1079 3254 bsptisstos

156 3262 186 3320 in
209 3278 304 3340 opere
326 3257 454 3336 Christi,
478 3264 512 3317 ut
531 3258 561 3317 in
585 3261 629 3318 eis
652 3255 827 3332 ooutidont,
850 3276 906 3316 sun
929 3267 1080 3336 quaeruut

157 3351 189 3404 st
209 3349 359 3423 spectent,
382 3348 416 3400 ut
435 3341 497 3402 hoo
518 3342 643 3401 nomine
666 3338 746 3420 apud
761 3340 857 3400 Deum
881 3350 1080 3421 coronentur,

156 3426 239 3507 quod
261 3425 396 3506 religiosi
419 3423 536 3487 fuerint.
581 3424 637 3486 Sat
658 3422 788 3503 hubent,
822 3425 847 3482 si
874 3441 948 3485 suos
971 3423 1081 3485 Patres

156 3509 317 3585 semulsti,
345 3526 453 3569 eorum
474 3507 633 3582 sutuw)
665 3514 729 3568 turn
756 3507 900 3587 exemplu
928 3507 1080 3569 simiiibus

156 3622 371 3632 ---—-—--—-—-·
399 3621 557 3629 ·-——-—-·-—-
564 3623 574 3628 -

227 3698 254 3764 1)
274 3695 307 3749 iu
324 3693 368 3750 ed.
386 3694 495 3763 uriom:
514 3693 565 3751 ssd
583 3694 770 3762 Bensdiotiui‚
791 3694 974 3767 Dominiosni,
992 3696 1078 3756 Fren-

28 3796 114 3924 Ι
152 3766 266 3837 ourani,
285 3766 490 3839 Augusutnisni.
527 3769 560 3837 2)
584 3767 702 3881 isidem:
722 3782 815 3825 somn
836 3774 895 3826 tum
914 3776 1031 3828 sentum.
