2392 4170
131 255 194 327 292
426 255 470 315 De
488 254 561 315 votis
579 253 740 314 monastiots

132 431 193 493 seri
214 431 244 491 in
269 429 394 491 meritis.
438 427 515 490 Oum
538 446 612 509 ergo
641 424 710 488 talis
736 425 776 487 sit
803 430 834 486 et
860 427 938 490 ratio
971 425 1055 487 insti-

134 514 200 596 tuti,
237 520 270 574 ut
291 512 331 574 ad
353 531 464 593 opera,
486 530 550 573 non
572 512 610 571 ad
639 509 730 570 fidem
763 517 869 590 vooet,
897 508 1055 590 quomodo

134 603 241 678 potest
269 614 397 676 usquam
426 595 630 657 Christianum
659 600 764 655 votum
791 592 941 675 reliquum
974 610 1055 673 esse,

133 680 193 741 nisi
215 679 319 742 divino
343 678 489 740 miraaulo
511 676 687 740 servatum?

215 763 339 843 Verum,
360 762 582 843 utdisputatio
605 760 842 840 disputationem
864 760 979 841 gignit,
993 759 1056 822 oia·

133 844 260 913 mabunt
276 847 326 907 hie
343 847 427 927 impii
444 846 492 906 isti
515 864 564 905 me
586 862 655 905 esse
676 843 879 922 Iovinianum,
902 850 932 905 et
954 860 1056 925 oppo-

133 936 207 992 nent
222 929 295 990 mihi
313 929 534 1011 Hieronymum
549 927 698 991 adversus
711 924 913 1005 Iovinianum,
931 927 1057 1007 virgini·
1108 1000 1113 1009 .

134 1013 204 1073 tatis
215 1020 410 1076 assertorem.
433 1010 566 1073 Credant
580 1013 659 1071 enim
672 1009 745 1070 mihi
756 1010 976 1092 Hieronymum
990 1027 1056 1071 non

134 1114 204 1158 esse
219 1097 342 1173 testum,
355 1095 468 1157 lentum
483 1101 585 1154 autem
601 1094 659 1154 iilis
671 1095 745 1153 satis
761 1113 830 1155 esse
845 1099 961 1175 putant,
974 1093 1058 1154 iudi·

135 1182 183 1241 oio
205 1181 284 1241 inter
304 1179 468 1260 legendnm
491 1197 554 1239 non
577 1177 691 1238 habent
711 1195 800 1258 opus,
822 1177 966 1238 articulus
982 1175 1058 1238 fidei

135 1269 192 1344 e'st,
215 1262 361 1344 quidquid
385 1263 525 1342 legerint.
569 1260 638 1342 Hgo
666 1259 759 1340 plane
784 1261 856 1340 quid
877 1260 1057 1322 Iovinianus

135 1347 266 1407 senserit
284 1347 406 1426 ignoro,
428 1346 508 1406 forte
529 1362 591 1405 non
615 1344 755 1404 traatavit
768 1343 869 1425 digne
891 1344 950 1405 hoe
964 1362 1058 1424 argu·

136 1436 289 1508 mentum,
321 1428 512 1490 confidenter
542 1434 649 1489 autern
673 1445 795 1506 asuero,
824 1446 882 1487 nea
910 1426 1059 1489 aHiero·

135 1532 229 1596 nymo
254 1512 345 1593 digne
367 1519 540 1573 tractatum.
585 1510 797 1592 Virginitatem
831 1511 911 1571 enim
942 1509 1058 1573 nudam

135 1594 302 1676 seorsiml)
329 1602 449 1673 traetat,
470 1595 541 1656 fidei
563 1613 626 1656 non
647 1592 777 1655 involvit
797 1612 896 1674 neque
911 1613 1060 1675 superae·

136 1678 249 1760 ditioat,
272 1696 333 1757 qua
347 1680 466 1741 ratione
485 1674 627 1762 docendi,
645 1695 713 1737 oum
730 1679 770 1738 sit
781 1678 923 1759 humana,
940 1677 1058 1740 nullum

96 1771 104 1780 ‘
136 1782 224 1844 opus,
246 1761 331 1822 nulla
352 1762 447 1822 virtus
468 1767 573 1843 potest
593 1761 661 1822 sine
682 1761 817 1842 pernitie
839 1767 892 1822 aut
917 1760 1058 1842 perieulo

136 1846 250 1910 doeeri.
290 1845 396 1906 Fertur
417 1846 499 1907 enim
522 1847 569 1907 vir
585 1852 720 1923 sanutus,
737 1844 819 1924 quod
834 1863 926 1906 nemo
941 1864 1060 1925 negare

135 1935 253 2010 potest,
276 1929 393 2009 impetu
417 1935 448 1989 et
467 1929 590 1991 fervore
611 1927 762 2005 humano,
779 1930 816 1988 'et
837 1929 931 1990 nimio
953 1927 1059 1991 studio

137 2012 327 2093 obsequendi
348 2013 471 2089 amieis,
504 2018 534 2072 et
559 2009 699 2091 inprimis
729 2010 844 2093 suae2)
876 2011 1058 2095 Hustoehjo,

137 2098 296 2176 magisque
319 2096 430 2175 premit
451 2094 645 2157 Iovinianum
670 2096 850 2174 autoritate,
886 2112 978 2175 quam
1009 2113 1060 2157 so·

137 2179 199 2239 lida
220 2178 401 2258 eruditione,
424 2179 455 2239 id
478 2178 560 2258 quod
583 2177 694 2258 probat
715 2197 821 2258 parum
845 2178 1058 2240 consideratus

137 2261 229 2322 ardor
251 2261 432 2323 eorradendi
456 2261 590 2341 undique
619 2263 794 2322 testimonia
822 2259 1058 2358 seripturarum,

136 2364 273 2425 congrua
295 2353 325 2405 et
346 2346 533 2426 incongrua,
563 2363 676 2424 magno
706 2344 836 2406 ludibrio
863 2345 997 2423 futurus,
1031 2363 1060 2408 sl

135 2430 217 2508 paris
241 2430 412 2489 autoritatis
434 2430 662 2510 antagonistam
685 2429 808 2489 sortitus
828 2428 942 2490 fuisset.
977 2429 1056 2490 Nam

136 2519 166 2572 et
188 2531 242 2572 eos
264 2512 366 2590 loeus,
390 2530 466 2592 quos
490 2513 645 2593 prinsipes
666 2511 773 2593 habet,
797 2513 826 2571 in
850 2511 960 2592 quibus
989 2531 1057 2573 oar-

136 2594 239 2656 dinem
263 2597 411 2656 viatoriae
434 2596 526 2676 looat,
550 2600 686 2676 torquet,
709 2615 749 2655 ue
772 2595 872 2656 diuam
896 2595 1055 2676 depravat.

136 2679 267 2743 Paulum
299 2680 391 2757 enim,
425 2679 474 2738 ubi
497 2677 640 2758 dioit*):
681 2676 739 2753 Qui
773 2677 920 2759 virginem
954 2679 1056 2760 tradit,

137 2762 216 2823 bene
245 2761 331 2841 fauit,
360 2764 410 2841 qui
444 2781 506 2823 non
532 2762 632 2842 tradit,
655 2762 763 2822 melius
785 2763 873 2841 feeit,
902 2763 996 2843 piane
1018 2781 1057 2825 eo

15 2906 22 2911 ,
136 2845 237 2925 trahit,
260 2850 293 2905 ut
313 2845 374 2906 hoo
396 2845 473 2907 bene
496 2852 527 2907 et
549 2846 656 2906 melius
677 2845 778 2905 faeere
793 2845 832 2905 ad
849 2848 958 2907 merita
974 2846 1057 2927 apud

137 2927 234 2990 Deum
258 2929 427 3009 pertineat,
463 2936 493 2989 et
528 2936 627 2991 saetas
650 2929 680 2988 in
721 2929 838 3010 populo
869 2929 926 2990 Dei
954 2928 1058 3010 iaciat,

136 3031 204 3073 eum
228 3011 508 3073 manifestissimum
531 3014 579 3093 sit,
603 3010 730 3073 Paulum
753 3012 837 3092 loqui
860 3012 898 3074 de
921 3013 1059 3076 bunost

137 3096 253 3156 meliori
276 3096 364 3157 huius
388 3097 478 3173 vitae,
509 3096 592 3175 quod
616 3096 701 3176 virgo
724 3096 815 3157 nuliis
836 3096 984 3176 implioita
1006 3117 1057 3158 on-

136 3180 176 3237 ris
204 3178 328 3240 liberius
360 3185 449 3240 vaaet
476 3180 561 3259 Deo,
599 3199 691 3240 omne
725 3181 863 3241 meritum
901 3182 1059 3242 communi

136 3259 207 3320 fldei
230 3262 413 3342 relinquens.
458 3263 496 3324 Εἰ
519 3265 586 3342 quia
609 3263 683 3340 seit,
716 3264 741 3323 si
764 3264 969 3343 Hieronymus
999 3264 1060 3324 hau

135 3351 222 3423 parte
239 3344 328 3405 fuerit
346 3365 423 3405 unus
446 3346 577 3425 illorum,
595 3346 757 3426 dequibus
773 3349 803 3406 in
823 3347 986 3408 Ezeehiele
997 3344 1056 3426 ⁸⁴¹)

136 3425 222 3488 dieit:
249 3427 405 3509 Propheta
428 3448 495 3491 eum
518 3431 665 3492 erraverit
685 3437 716 3492 et
746 3430 938 3492 mendesium
972 3429 1058 3492 loeu-

136 3517 182 3571 tus
210 3510 317 3590 fuerit,
349 3531 408 3592 ego
440 3513 609 3593 Dominus,
643 3515 695 3594 qui
725 3512 835 3596 deeepi
871 3513 1056 3596 prophetam

207 3701 238 3771 1)
259 3698 380 3756 Ibidem:
405 3715 539 3757 seorsum.
581 3701 613 3770 2)
641 3701 673 3754 In
698 3700 742 3756 ed.
771 3700 827 3756 len.
850 3697 968 3772 (1566):
996 3712 1058 3755 suo.

135 3774 163 3860 ⁴)
188 3776 213 3835 1.
233 3769 358 3837 Corinth.
376 3774 402 3833 i.
440 3772 489 3845 *Ἴ
509 3770 606 3829 Hueeh.
627 3771 669 3828 14.
