2392 4170
320 249 433 311 &llam
451 253 538 308 Leon.
557 253 591 308 X.
609 253 732 308 damnet.
748 269 774 307 a
794 253 873 312 1520.
995 249 1060 316 ml

217 404 323 482 Quare
354 408 485 489 impiam.
512 415 544 468 et
575 407 799 469 intolerabilem
838 407 1059 488 blasphemiam

133 507 205 550 esse
223 490 314 569 dieo,
343 510 398 572 per
418 498 554 571 petram,
586 509 647 570 qna
666 491 752 553 eolus
775 490 929 568 Christus,
950 491 982 550 id
1003 497 1060 569 est,

134 571 263 637 vanum
284 580 315 636 et
334 573 411 636 fides
433 576 500 635 eius
521 573 734 655 insuperabilis
754 573 952 656 significatur,
974 574 1061 635 intel·

130 655 230 734 ligere
251 663 437 737 potestatem
449 658 533 718 illem
545 658 773 719 monarohionm
792 667 919 719 satanae
940 676 1060 718 servam

132 745 165 799 et
186 738 352 803 offininam.
396 740 563 802 Solaenim
586 739 663 802 fides
684 743 716 801 in
727 741 879 802 Christum
903 747 959 819 est,
982 759 1061 821 quae

130 822 227 883 nullis
247 824 336 885 inferi
357 826 455 905 portis
483 824 522 884 ad
550 824 644 886 ullum
676 832 836 904 pedentim
867 831 970 905 potest
992 824 1060 884 snb·

104 906 222 969 xreati

218 987 306 1050 Patet
326 990 412 1070 ergo,
435 1009 526 1070 quam
541 991 651 1070 insigni
674 989 866 1071 blesphemia
887 991 973 1050 multi
985 1007 1061 1071 pon·

134 1070 233 1133 tiliees
255 1073 287 1132 in
309 1074 372 1132 suis
403 1072 534 1134 decretis
554 1081 672 1153 petram
697 1073 891 1135 detorserunt
911 1073 950 1133 sd
973 1092 1060 1134 auam

133 1155 323 1236 potentiam,
347 1164 376 1216 et
399 1157 544 1230 verbnm,
566 1155 746 1233 aedificare,
775 1156 814 1217 ad
836 1157 987 1217 eeclesiae
1009 1175 1061 1217 ex·

133 1248 253 1300 terum
283 1239 518 1301 subiectionem.
562 1239 592 1301 Si
622 1238 712 1300 enim'
734 1239 937 1301 aedificantur
967 1259 1061 1320 snpra

134 1330 263 1402 petram,
288 1324 340 1401 qni
361 1342 463 1403 papae
486 1323 695 1401 monarchiam
717 1324 839 1401 nolunt,
857 1342 985 1384 neeesse
1003 1330 1061 1402 est,

134 1410 168 1466 nt
188 1411 298 1486 portae
330 1406 418 1466 inferi
447 1405 521 1466 nihil
549 1407 580 1466 in
608 1424 664 1467 eos
690 1407 819 1487 possint
871 1405 948 1466 Cum
970 1424 1061 1466 ¹vern

134 1495 245 1569 portae
266 1487 354 1548 inferi
375 1491 406 1549 in
433 1488 698 1550 nullosshomines
726 1490 795 1570 plus
821 1491 941 1570 possint
969 1507 1060 1569 quam

133 1574 164 1631 in
187 1589 253 1649 eos,
276 1572 328 1650 qui
348 1572 579 1652 religiosissime
601 1592 701 1653 papae
728 1573 856 1633 snbieoti
878 1582 950 1632 sant
973 1575 1063 1654 (sunt
1158 1572 1162 1581 ‘

133 1656 216 1721 enim
241 1656 387 1734 omnium,
409 1656 528 1735 qnosl)
553 1656 702 1735 videmus,
724 1655 951 1717 sceleratissimi
965 1657 1061 1715 etim-

134 1738 277 1818 piissimi,
301 1740 437 1798 omnium
461 1739 646 1801 daemonnm
667 1745 702 1799 et
722 1739 864 1799 vitiorem
883 1741 985 1817 semi)
1006 1758 1061 1819 pn·

134 1829 193 1901 tet,
216 1820 300 1899 quod
326 1822 401 1882 nihil
431 1823 531 1882 minus
559 1829 697 1904 potestas
719 1821 774 1882 illa
795 1823 833 1880 eit
861 1841 952 1901 quam
973 1829 1062 1902 petra

134 1907 209 1983 ista,
240 1904 336 1965 atilli
355 1905 431 1965 nihil
455 1907 553 1967 minas
581 1907 642 1967 sint
671 1924 762 1986 qnam
785 1903 939 1966 aedifloati
969 1924 1062 1986 super

133 1988 215 2049 dana
236 1994 365 2068 petram.

218 2070 334 2132 Adeste
362 2090 436 2152 ergo
464 2071 524 2132 huo
556 2091 639 2153 papa
663 2079 695 2132 et
726 2090 832 2132 omnes
859 2072 1002 2152 papistee
1029 2071 1061 2130 in
1107 2137 1109 2144 ¹

135 2174 240 2233 unum,
264 2153 398 2215 conflate
419 2154 634 2216 studioveetra
656 2158 760 2215 omnia
774 2156 804 2214 in
817 2174 920 2233 unum,
943 2156 968 2214 si
978 2155 1061 2215 ⁴iorte

135 2239 261 2318 possitis
284 2238 346 2298 hoo
371 2239 524 2299 vinculum
548 2239 726 2299 dissolvere.
769 2238 885 2299 Saltem
909 2239 986 2297 haee
1007 2257 1061 2298 au·

135 2325 241 2382 toritas
264 2331 372 2381 eontra
395 2340 450 2382 vos
475 2323 574 2382 eviota
591 2322 837 2402 triumphalesque
852 2329 908 2382 est.
952 2321 1062 2394 Nomio

135 2405 214 2467 haee
236 2405 384 2464 autoritas
406 2405 556 2465 haetenus
578 2406 634 2465 init
662 2412 795 2466 vestrum
824 2406 944 2464 unienm
974 2423 1061 2485 prae·

134 2487 267 2548 sidium?
288 2485 401 2550 Nonne
413 2507 468 2568 per
490 2490 595 2549 omnia
616 2488 742 2549 decreta
762 2489 946 2548 iactataoeu
968 2507 1060 2568 rupes

134 2573 249 2632 insiste
271 2572 360 2631 huius
382 2572 565 2652 potestatis?
588 2573 715 2632 Prorsus
737 2573 767 2630 in
790 2571 874 2631 nullo
888 2571 948 2632 alio
967 2571 1060 2633 verbo
1141 2625 1145 2634 ,

136 2655 225 2717 vobis
248 2654 410 2732 oredimus,
433 2654 535 2716 donee
551 2655 814 2716 hoamendaeium
839 2661 870 2714 et
886 2655 966 2714 hano
982 2655 1062 2715 blas·

134 2739 289 2820 phemiam
312 2738 469 2802 dilueritis.
512 2739 663 2819 despecti,
685 2739 823 2817 inquam,
844 2739 927 2797 eritis
945 2738 974 2797 in
998 2757 1061 2797 om-

134 2823 223 2883 nibus
246 2822 330 2901 aliis,
365 2822 460 2882 semel
480 2822 673 2902 ¹deprehensi
704 2823 733 2881 in
757 2829 945 2882 temerasse
969 2827 1062 2881 teme·

134 2907 224 2968 ritate
247 2904 436 2985 depravandi
457 2906 541 2967 verbi
564 2906 630 2970 Dei.
674 2905 774 2965 Mitius
794 2923 872 2965 eane
893 2905 1061 2982 amassetis,

135 2991 160 3050 si
182 2995 378 3070 perpetrem
401 2988 630 3050 intellexissetis
653 2997 791 3049 sanetum
814 2987 947 3064 Petrum,
969 3006 1060 3068 quem

136 3074 254 3154 aliquot
275 3073 374 3132 sanoti
392 3072 499 3134 Patres
519 3072 750 3134 fundamentum
774 3071 984 3149 ecelesiarum,
1007 3070 1061 3132 ssd

133 3164 261 3238 propter
282 3155 373 3216 fidem
402 3176 503 3231 snam,
533 3177 594 3217 non
622 3163 749 3237 propter
769 3156 939 3237 potentiam
962 3163 1062 3216 exter·

133 3261 206 3303 nam
230 3241 380 3301 dixerunt.
424 3239 494 3301 Non
516 3242 596 3301 enim
619 3241 700 3301 idem
723 3247 770 3300 est
801 3246 926 3299 sanetus
954 3239 1061 3300 Petrus

133 3332 261 3406 propter
281 3323 373 3384 fidem
396 3324 480 3385 verbi
502 3323 627 3403 Christi,
656 3330 686 3384 et
708 3329 845 3404 potestas
867 3341 967 3403 papae
994 3324 1062 3384 sine

132 3412 195 3474 lide
214 3419 249 3473 et
270 3409 374 3489 verbo,
396 3408 575 3491 superabilis
597 3427 653 3490 per
672 3415 778 3488 portas
799 3405 897 3470 inieri.

219 3494 309 3572 Quod
333 3494 360 3553 si
380 3495 472 3554 etiam
492 3494 608 3574 aliquot
617 3493 722 3555 Patres
743 3493 938 3553 insanientis
960 3497 1062 3554 vestra

189 3762 223 3832 1]
245 3761 275 3817 ln
294 3763 336 3817 ed.
355 3765 439 3834 origo
458 3761 541 3833 qnod.
