2392 4170
144 204 188 277 80
487 206 577 270 Ludus
597 208 707 271 Luthori

143 389 302 461 strenuos,
347 389 395 444 est
442 385 666 446 contumeliosa
713 392 744 446 at
791 387 906 465 piarum
950 384 1066 447 aurimo

44 506 51 517 -
145 464 304 528 offensiva.

186 611 189 615 -
228 563 264 647 3)
287 565 366 641 Quid
390 568 565 627 animastis
589 569 646 627 nisi
669 568 789 629 Sorba?

227 649 312 709 Haeo
332 649 505 730 Propositio
530 657 577 710 est
598 653 708 711 vitiosa
732 653 822 711 utiam
841 651 1066 715 eontraGmm-

143 734 303 812 motioam,
328 734 400 812 quia
421 741 526 794 nostra
549 733 664 795 Schola
686 754 746 794 nou
771 736 884 809 Sorba,
918 737 972 804 sed
996 735 1066 798 Sor·

142 815 225 879 bona
247 815 364 879 dieitur.
400 815 439 875 Et
461 836 516 895 pro
540 825 655 896 quanto
679 819 741 877 vult
755 819 939 880 detruncare
953 838 1064 879 nomen

143 899 244 961 almae
265 899 354 959 huius
375 897 517 979 Sohnlae,
540 912 587 960 eat
608 902 764 963 iniuriosa.

224 998 262 1082 4)
287 999 314 1060 Ο
337 1019 393 1061 vos
416 999 506 1059 rudes
529 1010 559 1060 et
582 1020 653 1060 vere
676 1001 846 1063 Sorhouioi.

225 1083 310 1144 Haeo
332 1083 506 1163 propositio
529 1103 583 1163 pro
607 1086 704 1164 prima
726 1093 811 1164 parte
835 1095 881 1146 est
915 1086 1065 1146 offensiva

141 1169 258 1248 piarum
281 1168 415 1244 aurium,
438 1177 468 1226 et
489 1185 544 1246 pro
568 1176 682 1247 quanto
711 1186 765 1247 per
799 1169 889 1229 rudes
922 1169 1066 1250 intelligit

141 1252 257 1331 spissos
279 1250 350 1311 illos
376 1259 515 1329 trunoos,
539 1270 577 1309 ex
602 1251 710 1328 quihus
746 1249 822 1311 fiunt
856 1252 961 1312 lintres
998 1270 1063 1332 por-

141 1352 257 1409 corum,
281 1342 328 1394 est
347 1334 436 1392 nimis
460 1333 684 1393 contumeliosa
729 1334 758 1393 si
782 1342 884 1395 autem
903 1334 1064 1414 perrudes

140 1418 283 1498 intelligit
304 1416 455 1494 indoctos,
475 1426 521 1475 est
535 1417 729 1495 scandaloso,
750 1427 779 1476 et
796 1418 949 1499 Magistris
964 1419 1063 1479 Theo·

141 1501 242 1581 logias
264 1501 444 1581 derogativa
466 1508 496 1559 et
518 1499 697 1561 detractiva.
740 1500 779 1560 Et
801 1520 856 1581 pro
880 1511 994 1580 quanto
1021 1502 1061 1562 di·

118 1587 192 1660 'oit,
216 1604 286 1645 vere
309 1582 480 1662 Sorbonioi,
504 1583 612 1644 volens
635 1582 717 1662 quod
748 1585 831 1663 prius
858 1583 929 1645 fiete
952 1585 1061 1646 Borbo-

139 1668 199 1728 nioi
225 1667 346 1744 fuimus,
369 1675 419 1726 est
452 1666 611 1726 manifeste
644 1667 721 1726 falsa
753 1676 784 1728 et
817 1687 961 1750 erronea,
992 1688 1061 1729 oum

61 1800 64 1805 .
138 1750 233 1812 simus
254 1752 285 1811 in
308 1749 417 1811 eadem
441 1769 563 1829 semper
584 1748 734 1813 Sorbona.

222 1854 258 1927 5)
284 1851 402 1912 Lutetia
423 1851 483 1911 iam
507 1869 568 1911 non
592 1849 834 1932 philosophatur,
852 1851 906 1912 sed
922 1859 1061 1933 nugatur,

220 1935 307 1996 Haeo
329 1934 501 2014 Propositio
525 1941 573 1993 est
593 1934 777 1994 scandaloso
805 1935 895 1995 valde
923 1944 954 1996 et
974 1935 1062 1999 falsa.

137 2020 178 2081 Et
199 2020 229 2079 iu
253 2037 301 2099 eo,
325 2018 407 2097 quod
430 2016 570 2096 intendit,
592 2017 794 2098 Theologiam
820 2017 900 2098 apud
919 2039 975 2080 nos
992 2039 1061 2082 esse

137 2123 246 2183 nugas,
270 2108 317 2161 est
339 2100 521 2180 blasphema
542 2103 572 2160 in
596 2101 740 2180 Spiritum
771 2109 920 2165 sanetum.
964 2102 1003 2161 m
1031 2105 1060 2162 in

138 2206 187 2264 eo,
210 2183 292 2264 qnod
313 2184 463 2244 Lutetiam
498 2203 554 2244 nos
589 2184 739 2265 appellat,
774 2186 914 2265 deturpat
949 2186 1060 2246 famam

138 2268 239 2331 almae
261 2268 484 2346 Universitatis,
506 2285 561 2348 pro
590 2275 704 2347 quanto
734 2267 864 2328 intendit
895 2288 964 2328 eam
997 2268 1060 2329 luto

138 2359 169 2413 et
192 2353 317 2412 stercori
351 2370 548 2432 comparare,
581 2353 611 2410 in
646 2370 707 2430 quo
739 2371 809 2412 sues
844 2359 875 2412 et
905 2355 991 2433 porei
1028 2372 1061 2412 se

138 2434 307 2500 mmmm

219 2534 257 2618 6)
294 2532 329 2596 In
363 2535 440 2597 libro
474 2533 620 2597 Iohannis
654 2535 776 2595 Maioris
815 2545 885 2595 sunt
922 2536 1060 2615 plaustra

137 2628 299 2701 nugarum.

219 2703 303 2765 Haeo
325 2701 499 2782 Propositio
524 2710 571 2762 est
592 2701 683 2760 stulte
706 2710 737 2763 et
760 2703 920 2762 temerarie
944 2712 1060 2763 asserta

134 2789 164 2847 in
188 2788 260 2866 hoo,
282 2784 364 2866 quod
386 2784 533 2864 intendit,
568 2803 664 2865 nugas
693 2785 836 2864 plaustris
866 2786 952 2865 vehi,
990 2805 1058 2846 oum

137 2890 237 2952 nugae
260 2872 322 2929 sint
340 2888 388 2928 res
411 2869 583 2948 spirituales
607 2878 637 2928 at
659 2868 794 2947 plaustra
812 2888 861 2928 res
877 2871 1059 2949 corporalia.

134 2955 166 3016 ln
191 2954 251 3015 hoo
268 2956 381 3032 autem,
404 2951 487 3030 quod
505 2953 577 3013 dioit
592 2971 690 3031 nugas
710 2971 778 3011 esse
795 2952 875 3012 illius
891 2951 1059 3013 doctissimi

135 3037 190 3097 viri
212 3038 335 3116 scripta,
359 3042 406 3096 est
427 3035 612 3096 detractoria
635 3044 665 3094 et
686 3036 832 3095 iniuriosa
863 3037 892 3094 iu
924 3036 1059 3097 notabile

134 3119 302 3181 membrum
326 3120 414 3178 huius
436 3119 657 3179 Universitatis.

216 3218 250 3301 7)
274 3220 358 3282 Haeo
381 3227 429 3280 est
449 3220 503 3279 illa
525 3219 653 3295 Helena,
678 3238 732 3299 pro
756 3238 816 3298 qua
840 3219 975 3300 Magistri
1006 3239 1059 3280 no·

133 3305 186 3366 stri
210 3304 376 3368 decertant.
426 3312 435 3326 '

216 3387 302 3448 Haeo
333 3386 526 3467 Propositio,
561 3408 615 3468 pro
650 3394 764 3465 quanto
799 3385 941 3464 denotat,
975 3385 1057 3465 quod

131 3469 270 3553 Magistri
293 3472 388 3531 nostri
414 3471 588 3532 meretrices
611 3476 725 3546 aurant,
749 3479 796 3530 est
818 3467 909 3530 valde
939 3470 1055 3530 detrao·

132 3555 221 3629 toria,
242 3553 431 3631 infamativa,
455 3553 695 3634 oontumeliosa,
730 3573 785 3635 pro
809 3562 924 3633 quanto
953 3563 1055 3614 autam

132 3635 197 3699 vult
217 3644 353 3697 nostram
370 3635 574 3718 Theologiam
603 3637 752 3700 Helenam
788 3637 862 3716 dini,
896 3641 943 3699 est
977 3637 1055 3697 blas·

130 3722 244 3808 phama
265 3722 294 3782 in
318 3723 454 3803 spiritum
478 3729 628 3784 sanetum.
