2392 4170
388 251 426 310 ad
444 251 587 326 prinsipes
605 250 782 313 Gmmaniae.
992 252 1056 322 466

133 422 325 505 peratoribns
352 423 432 485 latas
453 431 545 505 atque
566 425 645 488 adeo
667 446 775 490 reeens
806 432 940 489 vestrum
962 445 1055 508 super

134 508 193 568 bae
214 526 247 568 re
268 507 427 588 imperiale
452 508 585 570 edietum
617 512 786 572 severitatis
809 510 896 591 virga
917 510 1054 572 animad-

134 591 271 652 vertatis.

216 672 310 735 Novit
332 673 399 749 ilie,
431 674 479 734 oni
510 673 567 735 soli
591 693 704 736 aroana
725 676 927 739 humanorum
950 682 1053 758 poeto

133 775 198 816 rum
212 763 319 836 aperta
340 763 422 835 sunt,
445 775 535 836 qnam
559 777 616 818 uos
629 758 669 818 'et
691 778 746 839 pro
764 768 869 821 nostra
884 765 994 821 natura
1011 761 1053 819 in·

132 840 299 919 stitutoque
326 846 357 900 et
384 857 441 920 pro
476 841 621 921 postorali
630 889 637 920 ‚
661 842 743 922 qnod
767 844 915 922 gerimus,
938 841 1054 924 offusio,

132 921 171 982 ad
193 921 415 1004 ignoseendom
438 925 554 1002 potius,
587 943 678 1004 mam
715 925 754 986 ad
788 926 994 988 uleisoendum
1017 928 1053 986 si-

133 1024 199 1065 mus
221 1007 377 1086 propensi.
420 1004 482 1068 Sed
505 1003 557 1068 ubi
577 1007 658 1069 istud
680 1026 792 1070 oauoer
813 1009 857 1070 ite
879 1009 1052 1071 nioerosnm

133 1097 229 1168 esset,
261 1097 294 1149 nt
326 1089 445 1151 blandis
479 1088 660 1171 lenibusque
691 1091 922 1155 medicamentis
954 1093 1053 1154 onrari

133 1189 194 1233 non
217 1171 339 1253 posset,
374 1191 484 1253 aspera
516 1179 604 1234 erunt
636 1180 668 1236 et
696 1176 793 1255 ignita
814 1175 950 1237 oenteria
969 1174 1053 1237 adbi-

133 1255 233 1315 beuda
263 1263 293 1316 et
324 1255 500 1317 abalienata
529 1255 666 1318 membra
697 1259 736 1319 ab
768 1260 889 1340 integro
923 1276 1054 1340 eorpore

133 1340 254 1419 penitus
275 1337 454 1404 reseeauda
984 1344 986 1348 ’
1016 1414 1018 1420 y

178 1485 181 1491 ,
216 1422 266 1484 Sie
292 1422 375 1482 Deus
404 1423 599 1504 omnipotens
626 1423 839 1487 sobismatioos
858 1424 968 1487 iratres
994 1424 1053 1496 ua-

132 1505 205 1565 than
239 1516 271 1566 et
299 1504 415 1567 Abiron
442 1507 474 1566 in
496 1512 595 1567 terrae
621 1504 797 1569 barathrum
828 1508 916 1570 vivos
937 1506 1054 1569 demer-

132 1589 173 1649 sit
192 1595 224 1650 et
256 1589 396 1650 notantes
420 1588 547 1650 obedire
567 1587 743 1651 Sacerdotis
764 1590 893 1671 imperio
926 1590 1052 1672 ospitati

131 1671 282 1751 suppiioio
306 1673 404 1752 puniri
424 1673 523 1734 iussit.
1034 1726 1038 1731 .

215 1753 266 1815 Sia
291 1754 501 1835 apostotorum
534 1761 678 1836 prinoeps
700 1755 806 1817 Petrus
837 1756 988 1817 Ananiam
1023 1763 1054 1816 st

132 1836 291 1917 Saphirem
314 1836 371 1898 sibi
393 1839 423 1898 in
441 1840 535 1899 Deum
552 1839 735 1901 mentientes
756 1837 858 1901 subito
889 1840 1052 1901 morituros

133 1919 340 1984 denunciavit.

214 2005 264 2067 Sia
291 2009 411 2065 veteres
441 2009 472 2064 et
505 2004 546 2084 pii
567 2001 774 2086 Imperatores
797 2005 990 2066 lovinienum
1023 2010 1055 2067 st

130 2087 353 2149 Priseiliinuum
375 2087 547 2147 haeretioos
570 2087 675 2168 gladio
697 2088 792 2150 seeuli
816 2087 1011 2152 sustulerunt.

213 2171 264 2233 sia
286 2170 373 2233 divus
396 2169 601 2252 Hieronymus
624 2170 823 2253 Vigilantiam
853 2172 925 2233 item
947 2170 1054 2233 haere·

134 2255 226 2314 tieum
250 2273 268 2316 o
292 2260 338 2316 tat
358 2256 388 2314 in
417 2253 571 2316 interitum
610 2256 710 2316 earnis
744 2253 832 2335 tradi,
866 2261 898 2315 nt
931 2255 1053 2335 spiritns

134 2336 237 2398 solvus
281 2345 322 2402 at.

216 2414 267 2482 Sia
288 2419 419 2500 deniqne
441 2421 574 2483 Maiores
595 2422 690 2484 vestri
710 2419 750 2482 de
771 2421 909 2482 iohanne
931 2416 1056 2483 Hnssita

133 2512 165 2568 et
185 2502 375 2584 Hieronymo
396 2503 552 2585 Prageusi,
573 2505 625 2586 qui
647 2523 729 2566 nuno
750 2506 780 2565 in
801 2503 934 2565 Lnthsro
956 2504 1055 2565 revix-

95 2663 97 2666 .
133 2592 195 2652 isse
224 2585 380 2666 videntur,
412 2603 432 2646 a
457 2605 519 2667 quo
542 2595 573 2650 et
592 2589 624 2648 in
646 2607 765 2649 summa
791 2586 941 2650 habentur
963 2605 1054 2648 serre¹

133 2674 268 2750 ratione,
290 2671 320 2731 in
341 2667 570 2733 Constantiensi
593 2670 733 2733 Gouoilio
755 2670 874 2733 debitas
897 2689 1055 2753 sumpsere

133 2774 261 2836 poenas.
295 2752 431 2830 Quorum
454 2761 561 2815 saneta
583 2760 615 2815 et
627 2755 784 2836 praestana
804 2762 902 2834 gesta,
923 2754 949 2814 si
961 2753 1054 2815 stiam

132 2842 164 2900 in
185 2840 244 2901 hae
267 2844 364 2920 parte,
388 2835 438 2897 ubi
461 2835 550 2897 aliter
562 2835 627 2897 deri
644 2844 786 2919 nequeat,
800 2837 915 2899 fueritis
933 2836 1053 2917 imitati,

133 2941 194 2985 non
218 2920 432 2998 dubitabimus,
454 2920 526 2999 quin
549 2918 653 2980 divina
675 2920 840 2982 elementia
861 2918 1054 2982 adeundum

135 3025 207 3067 mox
228 3005 387 3086 suppetias
414 3002 565 3064 ecelesiae
588 3000 665 3081 Dei,
698 3022 777 3084 quae
809 3004 848 3066 ab
880 3001 1055 3064 infidelibus
1089 3072 1092 3078 ¹

134 3094 246 3151 vexata
268 3090 298 3149 in
321 3088 478 3149 nationem
500 3092 650 3163 vestram,
682 3084 793 3148 bettiea
815 3088 928 3148 virtute
950 3093 980 3147 et
1002 3086 1055 3146 ho·

134 3174 248 3234 minum
270 3189 398 3233 numero
430 3170 521 3232 fenile
555 3175 779 3251 praestantem,
815 3189 851 3232 os
885 3169 1055 3249 oeulosque
1088 3181 1090 3185 ’

131 3254 309 3317 iamdudum
332 3253 471 3333 intendit,
493 3272 602 3315 seusus
624 3258 656 3314 et
678 3252 896 3315 cordavestra
917 3253 1057 3334 inspiret,

134 3337 214 3399 uude
236 3338 454 3418 omnipotentis
477 3336 533 3397 Dei
556 3343 586 3399 et
608 3336 643 3400 B.
662 3336 742 3397 Petri
765 3325 979 3397 benedietione
1002 3354 1057 3417 per

135 3440 191 3483 nos
219 3429 348 3502 aooepta
387 3426 418 3479 et
450 3419 489 3481 ds
521 3419 706 3501 triumphato
735 3419 870 3481 draeoue
900 3425 931 3480 et
962 3419 1055 3481 leone

133 3503 269 3582 diabolo,
290 3501 321 3564 id
346 3509 403 3581 est,
424 3501 552 3564 sublatis
573 3501 659 3564 domi
679 3503 858 3565 haeresibus
880 3509 911 3564 et
927 3500 1056 3563 deviatis

131 3588 206 3652 ioris
227 3586 299 3649 fidei
321 3584 459 3648 hostibus
482 3584 650 3664 gloriosam
673 3588 832 3650 viatorium
855 3593 885 3648 et
906 3587 937 3647 iu
954 3584 1056 3647 futuro

132 3673 239 3738 aeonio
261 3677 405 3734 aeternna
427 3667 534 3729 salotis
557 3671 694 3750 praemia
715 3671 889 3752 reportetis.

216 3750 284 3819 Nos
298 3772 383 3832 vero,
404 3769 461 3833 pro
477 3752 721 3833 eompertissimo
733 3752 882 3832 habeatis,
904 3748 1052 3833 quidquid

160 3869 252 3913 uoueri
267 3879 320 3922 opp.
333 3870 359 3912 v.
376 3868 403 3910 s.
417 3868 446 3909 aa
474 3867 517 3913 ror.
534 3866 584 3908 aut.
597 3867 612 3908 r.
627 3877 648 3919 p.
666 3866 716 3908 vor.
731 3865 762 3908 vn
920 3839 961 3907 30
