<?xml version="1.0" encoding="UTF-8"?>
<!DOCTYPE html PUBLIC "-//W3C//DTD XHTML 1.0 Transitional//EN"
    "http://www.w3.org/TR/xhtml1/DTD/xhtml1-transitional.dtd">
<html xmlns="http://www.w3.org/1999/xhtml" xml:lang="en" lang="en">
 <head>
  <title>
</title>
<meta http-equiv="Content-Type" content="text/html;charset=utf-8" />
  <meta name='ocr-system' content='tesseract 3.04.00' />
  <meta name='ocr-capabilities' content='ocr_page ocr_carea ocr_par ocr_line ocrx_word'/>
</head>
<body>
  <div class='ocr_page' id='page_1' title='image "./dmartinilutheri03luthgoog_0172.png"; bbox 0 0 2392 4170; ppageno 0'>
   <div class='ocr_carea' id='block_1_1' title="bbox 277 250 1046 319">
    <p class='ocr_par' dir='ltr' id='par_1_1' title="bbox 277 250 1046 319">
     <span class='ocr_line' id='line_1_1' title="bbox 277 250 1046 319; baseline 0.017 -14"><span class='ocrx_word' id='word_1_1' title='bbox 277 251 390 305; x_wconf 73' lang='lat' dir='ltr'><strong>uuum</strong></span> <span class='ocrx_word' id='word_1_2' title='bbox 408 251 497 306; x_wconf 63' lang='lat' dir='ltr'>uon„</span> <span class='ocrx_word' id='word_1_3' title='bbox 519 251 551 306; x_wconf 87' lang='lat' dir='ltr'>x.</span> <span class='ocrx_word' id='word_1_4' title='bbox 587 251 711 306; x_wconf 61' lang='lat' dir='ltr'>omna</span> <span class='ocrx_word' id='word_1_5' title='bbox 731 268 758 307; x_wconf 64' lang='lat' dir='ltr'>a</span> <span class='ocrx_word' id='word_1_6' title='bbox 779 252 858 310; x_wconf 72' lang='lat' dir='ltr'>ioco.</span> <span class='ocrx_word' id='word_1_7' title='bbox 985 250 1046 319; x_wconf 77' lang='lat'>161</span> 
     </span>
    </p>
   </div>
   <div class='ocr_carea' id='block_1_2' title="bbox 93 405 1122 3818">
    <p class='ocr_par' dir='ltr' id='par_1_2' title="bbox 93 405 1122 3818">
     <span class='ocr_line' id='line_1_2' title="bbox 133 405 1043 486; baseline 0.001 -19"><span class='ocrx_word' id='word_1_8' title='bbox 133 405 176 467; x_wconf 81' lang='lat' dir='ltr'>iao</span> <span class='ocrx_word' id='word_1_9' title='bbox 194 412 258 483; x_wconf 76' lang='lat' dir='ltr'>cci,</span> <span class='ocrx_word' id='word_1_10' title='bbox 287 413 320 467; x_wconf 84' lang='lat' dir='ltr'>ut</span> <span class='ocrx_word' id='word_1_11' title='bbox 347 407 387 466; x_wconf 80' lang='lat' dir='ltr'>aii</span> <span class='ocrx_word' id='word_1_12' title='bbox 413 406 483 486; x_wconf 83' lang='lat' dir='ltr'>ipaa</span> <span class='ocrx_word' id='word_1_13' title='bbox 510 424 566 486; x_wconf 86' lang='lat' dir='ltr'>per</span> <span class='ocrx_word' id='word_1_14' title='bbox 587 425 657 466; x_wconf 79' lang='lat' dir='ltr'>oasa</span> <span class='ocrx_word' id='word_1_15' title='bbox 678 407 864 484; x_wconf 66' lang='lat' dir='ltr'>actussima,</span> <span class='ocrx_word' id='word_1_16' title='bbox 887 407 1043 486; x_wconf 79' lang='lat' dir='ltr'>facillima,</span> 
     </span>
     <span class='ocr_line' id='line_1_3' title="bbox 132 489 1042 571; baseline 0.002 -22"><span class='ocrx_word' id='word_1_17' title='bbox 132 491 323 570; x_wconf 59' lang='lat' dir='ltr'>maimo,</span> <span class='ocrx_word' id='word_1_18' title='bbox 345 489 392 549; x_wconf 79' lang='lat' dir='ltr'>aui</span> <span class='ocrx_word' id='word_1_19' title='bbox 405 489 502 568; x_wconf 78' lang='lat' dir='ltr'>ipsius</span> <span class='ocrx_word' id='word_1_20' title='bbox 514 490 674 569; x_wconf 77' lang='lat' dir='ltr'>interpres,</span> <span class='ocrx_word' id='word_1_21' title='bbox 697 491 834 550; x_wconf 89' lang='lat' dir='ltr'>omnium</span> <span class='ocrx_word' id='word_1_22' title='bbox 847 491 952 551; x_wconf 82' lang='lat' dir='ltr'>omnia</span> <span class='ocrx_word' id='word_1_23' title='bbox 973 509 1042 571; x_wconf 83' lang='lat' dir='ltr'>pro·</span> 
     </span>
     <span class='ocr_line' id='line_1_4' title="bbox 132 571 1044 654; baseline 0.005 -23"><span class='ocrx_word' id='word_1_24' title='bbox 132 573 201 651; x_wconf 74' lang='lat' dir='ltr'>ium,</span> <span class='ocrx_word' id='word_1_25' title='bbox 212 573 355 633; x_wconf 74' lang='lat' dir='ltr'>iudicans</span> <span class='ocrx_word' id='word_1_26' title='bbox 368 571 593 648; x_wconf 69' lang='lat' dir='ltr'>catillaminum,</span> <span class='ocrx_word' id='word_1_27' title='bbox 608 574 842 654; x_wconf 80' lang='lat' dir='ltr'>aicutsoriptum</span> <span class='ocrx_word' id='word_1_28' title='bbox 858 581 914 652; x_wconf 70' lang='lat' dir='ltr'>asi,</span> <span class='ocrx_word' id='word_1_29' title='bbox 932 573 1044 638; x_wconf 76' lang='lat' dir='ltr'>Pauim.</span> 
     </span>
     <span class='ocr_line' id='line_1_5' title="bbox 133 654 1048 737; baseline -0.002 -19"><span class='ocrx_word' id='word_1_30' title='bbox 133 656 190 720; x_wconf 75' lang='lat'><strong>119:</strong></span> <span class='ocrx_word' id='word_1_31' title='bbox 213 654 391 717; x_wconf 79' lang='lat' dir='ltr'>Declaratio</span> <span class='ocrx_word' id='word_1_32' title='bbox 407 673 464 717; x_wconf 77' lang='lat' dir='ltr'>cau</span> <span class='ocrx_word' id='word_1_33' title='bbox 486 654 680 730; x_wconf 75' lang='lat' dir='ltr'>(uiEbraeus</span> <span class='ocrx_word' id='word_1_34' title='bbox 694 657 819 737; x_wconf 83' lang='lat' dir='ltr'>propria</span> <span class='ocrx_word' id='word_1_35' title='bbox 830 656 940 729; x_wconf 85' lang='lat' dir='ltr'>habet)</span> <span class='ocrx_word' id='word_1_36' title='bbox 958 676 1048 737; x_wconf 83' lang='lat' dir='ltr'>apar-</span> 
     </span>
     <span class='ocr_line' id='line_1_6' title="bbox 131 738 1044 816; baseline 0 -17"><span class='ocrx_word' id='word_1_37' title='bbox 131 745 181 799; x_wconf 82' lang='lat' dir='ltr'>iuu</span> <span class='ocrx_word' id='word_1_38' title='bbox 200 757 254 799; x_wconf 81' lang='lat' dir='ltr'>aaa</span> <span class='ocrx_word' id='word_1_39' title='bbox 275 738 389 800; x_wconf 76' lang='lat' dir='ltr'>ostium</span> <span class='ocrx_word' id='word_1_40' title='bbox 412 738 576 799; x_wconf 85' lang='lat' dir='ltr'>verborum</span> <span class='ocrx_word' id='word_1_41' title='bbox 597 746 719 800; x_wconf 77' lang='lat' dir='ltr'><strong>tuorum</strong></span> <span class='ocrx_word' id='word_1_42' title='bbox 734 738 895 816; x_wconf 79' lang='lat' dir='ltr'>illuminat,</span> <span class='ocrx_word' id='word_1_43' title='bbox 916 749 946 799; x_wconf 82' lang='lat' dir='ltr'>et</span> <span class='ocrx_word' id='word_1_44' title='bbox 960 740 1044 799; x_wconf 79' lang='lat' dir='ltr'>intol-</span> 
     </span>
     <span class='ocr_line' id='line_1_7' title="bbox 132 820 1044 903; baseline -0.002 -20"><span class='ocrx_word' id='word_1_45' title='bbox 132 821 225 883; x_wconf 69' lang='lat' dir='ltr'>ouium</span> <span class='ocrx_word' id='word_1_46' title='bbox 249 820 304 883; x_wconf 83' lang='lat' dir='ltr'>dut</span> <span class='ocrx_word' id='word_1_47' title='bbox 317 821 465 903; x_wconf 81' lang='lat' dir='ltr'>parvulis.</span> <span class='ocrx_word' id='word_1_48' title='bbox 486 820 545 881; x_wconf 88' lang='lat' dir='ltr'>Hic</span> <span class='ocrx_word' id='word_1_49' title='bbox 558 821 641 882; x_wconf 86' lang='lat' dir='ltr'>clarc</span> <span class='ocrx_word' id='word_1_50' title='bbox 662 823 785 902; x_wconf 77' lang='lat' dir='ltr'>spiritua</span> <span class='ocrx_word' id='word_1_51' title='bbox 809 822 915 882; x_wconf 79' lang='lat' dir='ltr'><strong>tribuit</strong></span> <span class='ocrx_word' id='word_1_52' title='bbox 936 821 1044 882; x_wconf 85' lang='lat' dir='ltr'>illumi·</span> 
     </span>
     <span class='ocr_line' id='line_1_8' title="bbox 135 903 1048 988; baseline -0.002 -22"><span class='ocrx_word' id='word_1_53' title='bbox 135 904 282 984; x_wconf 71' lang='lat' dir='ltr'>ationem,</span> <span class='ocrx_word' id='word_1_54' title='bbox 304 912 336 966; x_wconf 83' lang='lat' dir='ltr'>at</span> <span class='ocrx_word' id='word_1_55' title='bbox 356 904 546 966; x_wconf 78' lang='lat' dir='ltr'>intellectum</span> <span class='ocrx_word' id='word_1_56' title='bbox 569 905 634 965; x_wconf 87' lang='lat' dir='ltr'>dari</span> <span class='ocrx_word' id='word_1_57' title='bbox 657 903 748 965; x_wconf 81' lang='lat' dir='ltr'>docet</span> <span class='ocrx_word' id='word_1_58' title='bbox 776 923 832 988; x_wconf 84' lang='lat' dir='ltr'>par</span> <span class='ocrx_word' id='word_1_59' title='bbox 863 905 931 964; x_wconf 84' lang='lat' dir='ltr'>aoia</span> <span class='ocrx_word' id='word_1_60' title='bbox 953 904 1048 965; x_wconf 82' lang='lat' dir='ltr'>verba</span> 
     </span>
     <span class='ocr_line' id='line_1_9' title="bbox 136 984 1044 1069; baseline -0.006 -18"><span class='ocrx_word' id='word_1_61' title='bbox 136 984 185 1067; x_wconf 73' lang='lat' dir='ltr'>iiii,</span> <span class='ocrx_word' id='word_1_62' title='bbox 202 994 351 1069; x_wconf 72' lang='lat' dir='ltr'>tanquam</span> <span class='ocrx_word' id='word_1_63' title='bbox 371 1008 427 1069; x_wconf 83' lang='lat' dir='ltr'>per</span> <span class='ocrx_word' id='word_1_64' title='bbox 443 988 555 1049; x_wconf 80' lang='lat' dir='ltr'>octium</span> <span class='ocrx_word' id='word_1_65' title='bbox 579 996 610 1048; x_wconf 86' lang='lat' dir='ltr'>ei</span> <span class='ocrx_word' id='word_1_66' title='bbox 622 993 760 1068; x_wconf 84' lang='lat' dir='ltr'><strong>apertum</strong></span> <span class='ocrx_word' id='word_1_67' title='bbox 783 1006 837 1047; x_wconf 81' lang='lat' dir='ltr'>cau</span> <span class='ocrx_word' id='word_1_68' title='bbox 860 987 1044 1068; x_wconf 84' lang='lat' dir='ltr'>principium</span> 
     </span>
     <span class='ocr_line' id='line_1_10' title="bbox 139 1068 1046 1153; baseline -0.003 -21"><span class='ocrx_word' id='word_1_69' title='bbox 139 1068 219 1153; x_wconf 76' lang='lat' dir='ltr'>[quod</span> <span class='ocrx_word' id='word_1_70' title='bbox 240 1070 364 1150; x_wconf 78' lang='lat' dir='ltr'>dicuni)</span> <span class='ocrx_word' id='word_1_71' title='bbox 388 1072 528 1153; x_wconf 84' lang='lat' dir='ltr'>primum,</span> <span class='ocrx_word' id='word_1_72' title='bbox 551 1091 569 1132; x_wconf 90' lang='lat' dir='ltr'>a</span> <span class='ocrx_word' id='word_1_73' title='bbox 592 1088 653 1149; x_wconf 90' lang='lat' dir='ltr'>quo</span> <span class='ocrx_word' id='word_1_74' title='bbox 664 1071 758 1151; x_wconf 89' lang='lat' dir='ltr'>incipi</span> <span class='ocrx_word' id='word_1_75' title='bbox 771 1076 914 1151; x_wconf 78' lang='lat' dir='ltr'>oporteat</span> <span class='ocrx_word' id='word_1_76' title='bbox 928 1071 1046 1149; x_wconf 78' lang='lat' dir='ltr'>ingras-</span> 
     </span>
     <span class='ocr_line' id='line_1_11' title="bbox 139 1153 683 1217; baseline -0.004 -2"><span class='ocrx_word' id='word_1_77' title='bbox 139 1172 221 1215; x_wconf 76' lang='lat' dir='ltr'>iuum</span> <span class='ocrx_word' id='word_1_78' title='bbox 243 1154 284 1217; x_wconf 75' lang='lat' dir='ltr'>ad</span> <span class='ocrx_word' id='word_1_79' title='bbox 307 1153 410 1215; x_wconf 86' lang='lat' dir='ltr'>lucam</span> <span class='ocrx_word' id='word_1_80' title='bbox 432 1160 463 1215; x_wconf 82' lang='lat' dir='ltr'>ct</span> <span class='ocrx_word' id='word_1_81' title='bbox 484 1153 683 1215; x_wconf 82' lang='lat' dir='ltr'>intellectum.</span> 
     </span>
     <span class='ocr_line' id='line_1_12' title="bbox 199 1234 1044 1318; baseline -0.004 -20"><span class='ocrx_word' id='word_1_82' title='bbox 199 1237 322 1299; x_wconf 77' lang='lat' dir='ltr'><strong>lterum:</strong></span> <span class='ocrx_word' id='word_1_83' title='bbox 344 1238 526 1318; x_wconf 84' lang='lat' dir='ltr'>principium</span> <span class='ocrx_word' id='word_1_84' title='bbox 547 1256 602 1298; x_wconf 86' lang='lat' dir='ltr'>acu</span> <span class='ocrx_word' id='word_1_85' title='bbox 625 1243 719 1316; x_wconf 84' lang='lat' dir='ltr'>caput</span> <span class='ocrx_word' id='word_1_86' title='bbox 740 1234 901 1296; x_wconf 85' lang='lat' dir='ltr'>verborum</span> <span class='ocrx_word' id='word_1_87' title='bbox 923 1244 1044 1296; x_wconf 81' lang='lat' dir='ltr'><strong>tuorum</strong></span> 
     </span>
     <span class='ocr_line' id='line_1_13' title="bbox 142 1317 1047 1398; baseline -0.006 -16"><span class='ocrx_word' id='word_1_88' title='bbox 142 1321 239 1382; x_wconf 61' lang='lat' dir='ltr'>vous.</span> <span class='ocrx_word' id='word_1_89' title='bbox 261 1320 357 1381; x_wconf 77' lang='lat' dir='ltr'>Video</span> <span class='ocrx_word' id='word_1_90' title='bbox 378 1328 409 1381; x_wconf 81' lang='lat' dir='ltr'>at</span> <span class='ocrx_word' id='word_1_91' title='bbox 430 1321 480 1381; x_wconf 89' lang='lat' dir='ltr'>hic</span> <span class='ocrx_word' id='word_1_92' title='bbox 501 1321 662 1381; x_wconf 78' lang='lat' dir='ltr'>veritatem</span> <span class='ocrx_word' id='word_1_93' title='bbox 676 1317 768 1379; x_wconf 82' lang='lat' dir='ltr'>tribui</span> <span class='ocrx_word' id='word_1_94' title='bbox 789 1335 852 1378; x_wconf 89' lang='lat' dir='ltr'>non</span> <span class='ocrx_word' id='word_1_95' title='bbox 879 1318 937 1377; x_wconf 81' lang='lat' dir='ltr'>uiui</span> <span class='ocrx_word' id='word_1_96' title='bbox 950 1319 1047 1398; x_wconf 83' lang='lat' dir='ltr'>capiti</span> 
     </span>
     <span class='ocr_line' id='line_1_14' title="bbox 142 1400 1045 1481; baseline -0.007 -16"><span class='ocrx_word' id='word_1_97' title='bbox 142 1402 279 1465; x_wconf 66' lang='lat' dir='ltr'>ruborum</span> <span class='ocrx_word' id='word_1_98' title='bbox 295 1404 362 1481; x_wconf 79' lang='lat' dir='ltr'>Dei,</span> <span class='ocrx_word' id='word_1_99' title='bbox 385 1403 445 1465; x_wconf 91' lang='lat' dir='ltr'>hoo</span> <span class='ocrx_word' id='word_1_100' title='bbox 466 1410 522 1481; x_wconf 78' lang='lat' dir='ltr'>aot,</span> <span class='ocrx_word' id='word_1_101' title='bbox 545 1404 571 1464; x_wconf 83' lang='lat' dir='ltr'>ai</span> <span class='ocrx_word' id='word_1_102' title='bbox 592 1402 687 1463; x_wconf 81' lang='lat' dir='ltr'>varba</span> <span class='ocrx_word' id='word_1_103' title='bbox 707 1400 767 1462; x_wconf 88' lang='lat' dir='ltr'>Dci</span> <span class='ocrx_word' id='word_1_104' title='bbox 788 1402 888 1481; x_wconf 88' lang='lat' dir='ltr'>primo</span> <span class='ocrx_word' id='word_1_105' title='bbox 908 1400 979 1461; x_wconf 84' lang='lat' dir='ltr'>ioco</span> <span class='ocrx_word' id='word_1_106' title='bbox 1002 1400 1045 1459; x_wconf 91' lang='lat' dir='ltr'>di·</span> 
     </span>
     <span class='ocr_line' id='line_1_15' title="bbox 143 1483 1045 1568; baseline -0.007 -21"><span class='ocrx_word' id='word_1_107' title='bbox 143 1484 237 1564; x_wconf 80' lang='lat' dir='ltr'>iiucria,</span> <span class='ocrx_word' id='word_1_108' title='bbox 257 1494 290 1547; x_wconf 87' lang='lat' dir='ltr'>at</span> <span class='ocrx_word' id='word_1_109' title='bbox 309 1487 355 1547; x_wconf 81' lang='lat' dir='ltr'>aia</span> <span class='ocrx_word' id='word_1_110' title='bbox 378 1486 461 1547; x_wconf 79' lang='lat' dir='ltr'>valui</span> <span class='ocrx_word' id='word_1_111' title='bbox 481 1487 632 1568; x_wconf 83' lang='lat' dir='ltr'>principio</span> <span class='ocrx_word' id='word_1_112' title='bbox 655 1486 754 1565; x_wconf 88' lang='lat' dir='ltr'>primo</span> <span class='ocrx_word' id='word_1_113' title='bbox 777 1503 850 1544; x_wconf 76' lang='lat' dir='ltr'><strong>usus</strong></span> <span class='ocrx_word' id='word_1_114' title='bbox 864 1483 966 1561; x_wconf 67' lang='lat' dir='ltr'>maria,</span> <span class='ocrx_word' id='word_1_115' title='bbox 989 1502 1045 1563; x_wconf 86' lang='lat' dir='ltr'>pro</span> 
     </span>
     <span class='ocr_line' id='line_1_16' title="bbox 144 1567 1044 1647; baseline -0.006 -18"><span class='ocrx_word' id='word_1_116' title='bbox 144 1570 253 1630; x_wconf 81' lang='lat' dir='ltr'>ouoium</span> <span class='ocrx_word' id='word_1_117' title='bbox 277 1568 441 1631; x_wconf 83' lang='lat' dir='ltr'>verborum</span> <span class='ocrx_word' id='word_1_118' title='bbox 463 1570 587 1633; x_wconf 85' lang='lat' dir='ltr'>iudicio.</span> <span class='ocrx_word' id='word_1_119' title='bbox 628 1568 670 1628; x_wconf 78' lang='lat' dir='ltr'>Et</span> <span class='ocrx_word' id='word_1_120' title='bbox 683 1567 755 1647; x_wconf 90' lang='lat' dir='ltr'>quid</span> <span class='ocrx_word' id='word_1_121' title='bbox 771 1567 845 1627; x_wconf 85' lang='lat' dir='ltr'>iacit</span> <span class='ocrx_word' id='word_1_122' title='bbox 866 1567 1044 1628; x_wconf 79' lang='lat' dir='ltr'>octonarius</span> 
     </span>
     <span class='ocr_line' id='line_1_17' title="bbox 94 1649 1044 1734; baseline -0.004 -23"><span class='ocrx_word' id='word_1_123' title='bbox 94 1690 97 1699; x_wconf 86' lang='lat'><strong>·</strong></span> <span class='ocrx_word' id='word_1_124' title='bbox 144 1650 180 1711; x_wconf 85' lang='lat' dir='ltr'>iiia</span> <span class='ocrx_word' id='word_1_125' title='bbox 195 1660 290 1728; x_wconf 75' lang='lat' dir='ltr'>tomo,</span> <span class='ocrx_word' id='word_1_126' title='bbox 303 1671 396 1734; x_wconf 86' lang='lat' dir='ltr'>quam</span> <span class='ocrx_word' id='word_1_127' title='bbox 411 1661 444 1714; x_wconf 80' lang='lat' dir='ltr'>ut</span> <span class='ocrx_word' id='word_1_128' title='bbox 457 1653 658 1734; x_wconf 78' lang='lat' dir='ltr'>pctvaraitata</span> <span class='ocrx_word' id='word_1_129' title='bbox 673 1651 769 1712; x_wconf 84' lang='lat' dir='ltr'>nostri</span> <span class='ocrx_word' id='word_1_130' title='bbox 783 1650 876 1711; x_wconf 79' lang='lat' dir='ltr'>aiudii</span> <span class='ocrx_word' id='word_1_131' title='bbox 899 1649 1044 1710; x_wconf 80' lang='lat' dir='ltr'>damnata</span> 
     </span>
     <span class='ocr_line' id='line_1_18' title="bbox 94 1731 1042 1815; baseline -0.002 -21"><span class='ocrx_word' id='word_1_132' title='bbox 94 1745 98 1782; x_wconf 65' lang='grc' dir='ltr'><strong>ἐ</strong></span> <span class='ocrx_word' id='word_1_133' title='bbox 145 1751 184 1794; x_wconf 78' lang='lat' dir='ltr'>ica</span> <span class='ocrx_word' id='word_1_134' title='bbox 200 1745 323 1797; x_wconf 83' lang='lat' dir='ltr'>ravooat</span> <span class='ocrx_word' id='word_1_135' title='bbox 343 1734 383 1797; x_wconf 82' lang='lat' dir='ltr'>ad</span> <span class='ocrx_word' id='word_1_136' title='bbox 405 1735 532 1815; x_wconf 82' lang='lat' dir='ltr'>iontem,</span> <span class='ocrx_word' id='word_1_137' title='bbox 556 1743 588 1796; x_wconf 86' lang='lat' dir='ltr'>at</span> <span class='ocrx_word' id='word_1_138' title='bbox 610 1734 723 1795; x_wconf 80' lang='lat' dir='ltr'>doceat</span> <span class='ocrx_word' id='word_1_139' title='bbox 745 1734 876 1814; x_wconf 88' lang='lat' dir='ltr'>primum</span> <span class='ocrx_word' id='word_1_140' title='bbox 894 1742 924 1793; x_wconf 83' lang='lat' dir='ltr'>ci</span> <span class='ocrx_word' id='word_1_141' title='bbox 942 1731 1042 1793; x_wconf 80' lang='lat' dir='ltr'><strong>solum</strong></span> 
     </span>
     <span class='ocr_line' id='line_1_19' title="bbox 94 1816 1045 1898; baseline -0.005 -18"><span class='ocrx_word' id='word_1_142' title='bbox 94 1842 99 1850; x_wconf 95' lang='lat'><strong>·</strong></span> <span class='ocrx_word' id='word_1_143' title='bbox 146 1818 221 1879; x_wconf 71' lang='lat' dir='ltr'>rubis</span> <span class='ocrx_word' id='word_1_144' title='bbox 234 1819 292 1880; x_wconf 86' lang='lat' dir='ltr'>Dai</span> <span class='ocrx_word' id='word_1_145' title='bbox 302 1816 485 1880; x_wconf 73' lang='lat' dir='ltr'><strong>studendum</strong></span> <span class='ocrx_word' id='word_1_146' title='bbox 499 1837 579 1896; x_wconf 78' lang='lat' dir='ltr'>ausc,</span> <span class='ocrx_word' id='word_1_147' title='bbox 594 1819 734 1898; x_wconf 78' lang='lat' dir='ltr'>spiritum</span> <span class='ocrx_word' id='word_1_148' title='bbox 747 1825 850 1876; x_wconf 83' lang='lat' dir='ltr'><strong>autem</strong></span> <span class='ocrx_word' id='word_1_149' title='bbox 865 1834 922 1878; x_wconf 85' lang='lat' dir='ltr'>aua</span> <span class='ocrx_word' id='word_1_150' title='bbox 933 1822 1045 1896; x_wconf 75' lang='lat' dir='ltr'>sponte</span> 
     </span>
     <span class='ocr_line' id='line_1_20' title="bbox 94 1898 1046 1983; baseline -0.004 -21"><span class='ocrx_word' id='word_1_151' title='bbox 94 1912 100 1949; x_wconf 58' lang='grc' dir='ltr'><strong>ἱ</strong></span> <span class='ocrx_word' id='word_1_152' title='bbox 145 1907 278 1963; x_wconf 73' lang='lat' dir='ltr'><strong>vuumm</strong></span> <span class='ocrx_word' id='word_1_153' title='bbox 300 1910 333 1962; x_wconf 86' lang='lat' dir='ltr'>ct</span> <span class='ocrx_word' id='word_1_154' title='bbox 353 1911 491 1964; x_wconf 74' lang='lat' dir='ltr'>nostrum</span> <span class='ocrx_word' id='word_1_155' title='bbox 515 1903 652 1983; x_wconf 80' lang='lat' dir='ltr'>spiritum</span> <span class='ocrx_word' id='word_1_156' title='bbox 676 1899 891 1980; x_wconf 77' lang='lat' dir='ltr'><strong>expulsurum,</strong></span> <span class='ocrx_word' id='word_1_157' title='bbox 919 1907 953 1959; x_wconf 79' lang='lat' dir='ltr'>ut</span> <span class='ocrx_word' id='word_1_158' title='bbox 980 1898 1046 1958; x_wconf 82' lang='lat' dir='ltr'>sina</span> 
     </span>
     <span class='ocr_line' id='line_1_21' title="bbox 94 1984 1047 2066; baseline -0.005 -20"><span class='ocrx_word' id='word_1_159' title='bbox 94 1996 101 2031; x_wconf 55' lang='grc' dir='ltr'><strong>ἰ</strong></span> <span class='ocrx_word' id='word_1_160' title='bbox 146 1985 255 2061; x_wconf 72' lang='lat' dir='ltr'>paiaiio</span> <span class='ocrx_word' id='word_1_161' title='bbox 277 1985 530 2066; x_wconf 80' lang='lat' dir='ltr'>theologiscmua.</span> <span class='ocrx_word' id='word_1_162' title='bbox 551 1984 621 2046; x_wconf 86' lang='lat' dir='ltr'>Hoc</span> <span class='ocrx_word' id='word_1_163' title='bbox 646 2003 721 2044; x_wconf 82' lang='lat' dir='ltr'>sana</span> <span class='ocrx_word' id='word_1_164' title='bbox 744 2002 848 2042; x_wconf 85' lang='lat' dir='ltr'><strong>varum</strong></span> <span class='ocrx_word' id='word_1_165' title='bbox 865 1989 921 2061; x_wconf 80' lang='lat' dir='ltr'>ast,</span> <span class='ocrx_word' id='word_1_166' title='bbox 943 2000 1047 2062; x_wconf 78' lang='lat' dir='ltr'><strong>supcr-</strong></span> 
     </span>
     <span class='ocr_line' id='line_1_22' title="bbox 94 2065 1045 2150; baseline -0.003 -23"><span class='ocrx_word' id='word_1_167' title='bbox 94 2078 101 2149; x_wconf 68' lang='lat'>,³</span> <span class='ocrx_word' id='word_1_168' title='bbox 147 2065 177 2127; x_wconf 72' lang='lat' dir='ltr'>iu</span> <span class='ocrx_word' id='word_1_169' title='bbox 192 2076 221 2131; x_wconf 80' lang='lat' dir='ltr'>ct</span> <span class='ocrx_word' id='word_1_170' title='bbox 240 2070 342 2150; x_wconf 81' lang='lat' dir='ltr'>impiis</span> <span class='ocrx_word' id='word_1_171' title='bbox 363 2067 552 2150; x_wconf 67' lang='lat' dir='ltr'>scripturam</span> <span class='ocrx_word' id='word_1_172' title='bbox 565 2075 703 2128; x_wconf 82' lang='lat' dir='ltr'>sanciam</span> <span class='ocrx_word' id='word_1_173' title='bbox 727 2085 850 2147; x_wconf 84' lang='lat' dir='ltr'>semper</span> <span class='ocrx_word' id='word_1_174' title='bbox 862 2084 932 2126; x_wconf 80' lang='lat' dir='ltr'>csse</span> <span class='ocrx_word' id='word_1_175' title='bbox 951 2066 1045 2126; x_wconf 85' lang='lat' dir='ltr'>maio·</span> 
     </span>
     <span class='ocr_line' id='line_1_23' title="bbox 94 2149 1047 2233; baseline 0 -24"><span class='ocrx_word' id='word_1_176' title='bbox 94 2160 101 2197; x_wconf 67' lang='grc' dir='ltr'>’τ</span> <span class='ocrx_word' id='word_1_177' title='bbox 146 2149 340 2215; x_wconf 78' lang='lat' dir='ltr'>iaoaecitatio</span> <span class='ocrx_word' id='word_1_178' title='bbox 363 2154 572 2233; x_wconf 77' lang='lat' dir='ltr'>occasionem,</span> <span class='ocrx_word' id='word_1_179' title='bbox 595 2151 649 2211; x_wconf 81' lang='lat' dir='ltr'>aad</span> <span class='ocrx_word' id='word_1_180' title='bbox 668 2168 748 2229; x_wconf 88' lang='lat' dir='ltr'>quaa</span> <span class='ocrx_word' id='word_1_181' title='bbox 761 2150 918 2209; x_wconf 88' lang='lat' dir='ltr'>homiuum</span> <span class='ocrx_word' id='word_1_182' title='bbox 932 2149 1047 2228; x_wconf 80' lang='lat' dir='ltr'>scripta</span> 
     </span>
     <span class='ocr_line' id='line_1_24' title="bbox 94 2233 1122 2315; baseline -0.002 -22"><span class='ocrx_word' id='word_1_183' title='bbox 94 2243 100 2279; x_wconf 72' lang='lat'>2¹</span> <span class='ocrx_word' id='word_1_184' title='bbox 146 2235 258 2315; x_wconf 74' lang='lat' dir='ltr'>apathia</span> <span class='ocrx_word' id='word_1_185' title='bbox 281 2237 373 2296; x_wconf 78' lang='lat' dir='ltr'>ctiam</span> <span class='ocrx_word' id='word_1_186' title='bbox 396 2255 458 2297; x_wconf 87' lang='lat' dir='ltr'>non</span> <span class='ocrx_word' id='word_1_187' title='bbox 481 2243 553 2297; x_wconf 80' lang='lat' dir='ltr'>aunt</span> <span class='ocrx_word' id='word_1_188' title='bbox 575 2235 701 2295; x_wconf 75' lang='lat' dir='ltr'>occasio</span> <span class='ocrx_word' id='word_1_189' title='bbox 730 2233 880 2294; x_wconf 84' lang='lat' dir='ltr'>maiorum</span> <span class='ocrx_word' id='word_1_190' title='bbox 910 2233 1047 2292; x_wconf 82' lang='lat' dir='ltr'>tenebra·</span> <span class='ocrx_word' id='word_1_191' title='bbox 1113 2289 1122 2297; x_wconf 81' lang='grc'>,</span> 
     </span>
     <span class='ocr_line' id='line_1_25' title="bbox 94 2314 1047 2400; baseline -0.005 -21"><span class='ocrx_word' id='word_1_192' title='bbox 94 2336 97 2359; x_wconf 83' lang='lat'><strong>¹</strong></span> <span class='ocrx_word' id='word_1_193' title='bbox 147 2318 283 2381; x_wconf 75' lang='lat' dir='ltr'><strong>minut</strong></span> <span class='ocrx_word' id='word_1_194' title='bbox 306 2337 387 2400; x_wconf 83' lang='lat' dir='ltr'>quaa</span> <span class='ocrx_word' id='word_1_195' title='bbox 408 2339 457 2379; x_wconf 82' lang='lat' dir='ltr'>res</span> <span class='ocrx_word' id='word_1_196' title='bbox 480 2317 647 2399; x_wconf 79' lang='lat' dir='ltr'><strong>quamlibet</strong></span> <span class='ocrx_word' id='word_1_197' title='bbox 669 2318 787 2397; x_wconf 73' lang='lat' dir='ltr'>optima</span> <span class='ocrx_word' id='word_1_198' title='bbox 799 2314 936 2396; x_wconf 80' lang='lat' dir='ltr'>superbit</span> <span class='ocrx_word' id='word_1_199' title='bbox 950 2325 981 2375; x_wconf 80' lang='lat' dir='ltr'>ct</span> <span class='ocrx_word' id='word_1_200' title='bbox 993 2317 1047 2375; x_wconf 88' lang='lat' dir='ltr'>im·</span> 
     </span>
     <span class='ocr_line' id='line_1_26' title="bbox 94 2397 1046 2483; baseline -0.006 -20"><span class='ocrx_word' id='word_1_201' title='bbox 94 2419 96 2427; x_wconf 76' lang='grc'>’</span> <span class='ocrx_word' id='word_1_202' title='bbox 148 2402 238 2464; x_wconf 73' lang='lat' dir='ltr'>nudis</span> <span class='ocrx_word' id='word_1_203' title='bbox 260 2421 324 2463; x_wconf 89' lang='lat' dir='ltr'>uon</span> <span class='ocrx_word' id='word_1_204' title='bbox 347 2415 533 2483; x_wconf 84' lang='lat' dir='ltr'>cooperatur</span> <span class='ocrx_word' id='word_1_205' title='bbox 543 2402 573 2461; x_wconf 90' lang='lat' dir='ltr'>in</span> <span class='ocrx_word' id='word_1_206' title='bbox 587 2399 722 2461; x_wconf 84' lang='lat' dir='ltr'><strong>malum?</strong></span> <span class='ocrx_word' id='word_1_207' title='bbox 746 2399 810 2461; x_wconf 82' lang='lat' dir='ltr'>Hos</span> <span class='ocrx_word' id='word_1_208' title='bbox 825 2399 889 2461; x_wconf 84' lang='lat' dir='ltr'>fleri</span> <span class='ocrx_word' id='word_1_209' title='bbox 901 2400 931 2458; x_wconf 91' lang='lat' dir='ltr'>in</span> <span class='ocrx_word' id='word_1_210' title='bbox 946 2397 1046 2478; x_wconf 83' lang='lat' dir='ltr'>Scrip-</span> 
     </span>
     <span class='ocr_line' id='line_1_27' title="bbox 150 2482 1047 2560; baseline -0.004 -15"><span class='ocrx_word' id='word_1_211' title='bbox 150 2485 196 2545; x_wconf 59' lang='grc' dir='ltr'><strong>ᾗ</strong></span> <span class='ocrx_word' id='word_1_212' title='bbox 214 2486 389 2547; x_wconf 79' lang='lat' dir='ltr'>hacreticus</span> <span class='ocrx_word' id='word_1_213' title='bbox 411 2487 484 2546; x_wconf 90' lang='lat' dir='ltr'>nihil</span> <span class='ocrx_word' id='word_1_214' title='bbox 514 2485 632 2560; x_wconf 80' lang='lat' dir='ltr'><strong>mirum,</strong></span> <span class='ocrx_word' id='word_1_215' title='bbox 656 2503 760 2544; x_wconf 82' lang='lat' dir='ltr'><strong>verum</strong></span> <span class='ocrx_word' id='word_1_216' title='bbox 783 2483 910 2544; x_wconf 84' lang='lat' dir='ltr'>cosdem</span> <span class='ocrx_word' id='word_1_217' title='bbox 932 2482 963 2543; x_wconf 90' lang='lat' dir='ltr'>in</span> <span class='ocrx_word' id='word_1_218' title='bbox 994 2483 1047 2541; x_wconf 90' lang='lat' dir='ltr'>hu·</span> 
     </span>
     <span class='ocr_line' id='line_1_28' title="bbox 94 2563 1047 2677; baseline -0.005 -48"><span class='ocrx_word' id='word_1_219' title='bbox 94 2600 98 2677; x_wconf 55' lang='grc' dir='ltr'><strong><em>Ῑ</em></strong></span> <span class='ocrx_word' id='word_1_220' title='bbox 149 2570 218 2630; x_wconf 70' lang='lat' dir='ltr'>nuic</span> <span class='ocrx_word' id='word_1_221' title='bbox 238 2570 361 2650; x_wconf 73' lang='lat' dir='ltr'>scriptia</span> <span class='ocrx_word' id='word_1_222' title='bbox 390 2568 459 2650; x_wconf 84' lang='lat' dir='ltr'>piua</span> <span class='ocrx_word' id='word_1_223' title='bbox 489 2570 580 2629; x_wconf 83' lang='lat' dir='ltr'>utiam</span> <span class='ocrx_word' id='word_1_224' title='bbox 610 2586 703 2648; x_wconf 84' lang='lat' dir='ltr'>quam</span> <span class='ocrx_word' id='word_1_225' title='bbox 733 2565 847 2627; x_wconf 75' lang='lat' dir='ltr'>bestias</span> <span class='ocrx_word' id='word_1_226' title='bbox 873 2564 938 2626; x_wconf 85' lang='lat' dir='ltr'>flari</span> <span class='ocrx_word' id='word_1_227' title='bbox 972 2563 1047 2624; x_wconf 87' lang='lat' dir='ltr'>nihii</span> 
     </span>
     <span class='ocr_line' id='line_1_29' title="bbox 145 2666 244 2714; baseline 0.03 -3"><span class='ocrx_word' id='word_1_228' title='bbox 145 2666 244 2714; x_wconf 71' lang='lat' dir='ltr'>novum.</span> 
     </span>
     <span class='ocr_line' id='line_1_30' title="bbox 203 2731 1047 2816; baseline -0.008 -19"><span class='ocrx_word' id='word_1_229' title='bbox 203 2734 271 2797; x_wconf 83' lang='lat' dir='ltr'>sint</span> <span class='ocrx_word' id='word_1_230' title='bbox 291 2753 367 2816; x_wconf 80' lang='lat' dir='ltr'>crgo</span> <span class='ocrx_word' id='word_1_231' title='bbox 390 2735 630 2797; x_wconf 79' lang='lat' dir='ltr'>Christianorum</span> <span class='ocrx_word' id='word_1_232' title='bbox 662 2733 761 2813; x_wconf 88' lang='lat' dir='ltr'>prima</span> <span class='ocrx_word' id='word_1_233' title='bbox 789 2731 957 2813; x_wconf 80' lang='lat' dir='ltr'>principia,</span> <span class='ocrx_word' id='word_1_234' title='bbox 984 2749 1047 2791; x_wconf 89' lang='lat' dir='ltr'>non</span> 
     </span>
     <span class='ocr_line' id='line_1_31' title="bbox 141 2814 1050 2897; baseline -0.004 -19"><span class='ocrx_word' id='word_1_235' title='bbox 141 2815 183 2878; x_wconf 71' lang='lat' dir='ltr'>uini</span> <span class='ocrx_word' id='word_1_236' title='bbox 194 2819 287 2881; x_wconf 84' lang='lat' dir='ltr'>verba</span> <span class='ocrx_word' id='word_1_237' title='bbox 300 2819 415 2897; x_wconf 85' lang='lat' dir='ltr'>divina,</span> <span class='ocrx_word' id='word_1_238' title='bbox 437 2820 573 2880; x_wconf 89' lang='lat' dir='ltr'>omnium</span> <span class='ocrx_word' id='word_1_239' title='bbox 586 2825 687 2879; x_wconf 84' lang='lat' dir='ltr'><strong>autem</strong></span> <span class='ocrx_word' id='word_1_240' title='bbox 701 2816 858 2876; x_wconf 87' lang='lat' dir='ltr'>hominum</span> <span class='ocrx_word' id='word_1_241' title='bbox 871 2814 966 2875; x_wconf 82' lang='lat' dir='ltr'>verba</span> <span class='ocrx_word' id='word_1_242' title='bbox 978 2832 1050 2875; x_wconf 86' lang='lat' dir='ltr'>coo·</span> 
     </span>
     <span class='ocr_line' id='line_1_32' title="bbox 141 2896 1048 2963; baseline -0.002 -2"><span class='ocrx_word' id='word_1_243' title='bbox 141 2896 274 2963; x_wconf 71' lang='lat' dir='ltr'>uniones</span> <span class='ocrx_word' id='word_1_244' title='bbox 295 2902 368 2962; x_wconf 87' lang='lat' dir='ltr'>hino</span> <span class='ocrx_word' id='word_1_245' title='bbox 389 2901 520 2963; x_wconf 78' lang='lat' dir='ltr'>eductae</span> <span class='ocrx_word' id='word_1_246' title='bbox 538 2911 568 2962; x_wconf 83' lang='lat' dir='ltr'>et</span> <span class='ocrx_word' id='word_1_247' title='bbox 581 2899 779 2962; x_wconf 74' lang='lat' dir='ltr'>rursus&#39;iiluc</span> <span class='ocrx_word' id='word_1_248' title='bbox 801 2898 996 2959; x_wconf 75' lang='lat' dir='ltr'><strong>reducendae</strong></span> <span class='ocrx_word' id='word_1_249' title='bbox 1017 2905 1048 2959; x_wconf 79' lang='lat' dir='ltr'>ai</span> 
     </span>
     <span class='ocr_line' id='line_1_33' title="bbox 141 2981 1050 3066; baseline -0.002 -21"><span class='ocrx_word' id='word_1_250' title='bbox 141 2982 310 3064; x_wconf 72' lang='lat' dir='ltr'>probandae,</span> <span class='ocrx_word' id='word_1_251' title='bbox 332 2985 386 3045; x_wconf 86' lang='lat' dir='ltr'>iila</span> <span class='ocrx_word' id='word_1_252' title='bbox 408 2987 507 3066; x_wconf 87' lang='lat' dir='ltr'>primo</span> <span class='ocrx_word' id='word_1_253' title='bbox 531 2986 666 3047; x_wconf 88' lang='lat' dir='ltr'>omnium</span> <span class='ocrx_word' id='word_1_254' title='bbox 680 2981 874 3043; x_wconf 80' lang='lat' dir='ltr'>dabcniesac</span> <span class='ocrx_word' id='word_1_255' title='bbox 888 2983 1050 3043; x_wconf 77' lang='lat' dir='ltr'>notissima</span> 
     </span>
     <span class='ocr_line' id='line_1_34' title="bbox 141 3065 1049 3149; baseline -0.002 -22"><span class='ocrx_word' id='word_1_256' title='bbox 141 3066 254 3148; x_wconf 66' lang='lat' dir='ltr'>cuilibet,</span> <span class='ocrx_word' id='word_1_257' title='bbox 277 3087 339 3130; x_wconf 89' lang='lat' dir='ltr'>non</span> <span class='ocrx_word' id='word_1_258' title='bbox 363 3077 464 3129; x_wconf 84' lang='lat' dir='ltr'>autam</span> <span class='ocrx_word' id='word_1_259' title='bbox 486 3087 542 3149; x_wconf 83' lang='lat' dir='ltr'>per</span> <span class='ocrx_word' id='word_1_260' title='bbox 562 3068 703 3130; x_wconf 78' lang='lat' dir='ltr'>homines</span> <span class='ocrx_word' id='word_1_261' title='bbox 716 3067 821 3145; x_wconf 84' lang='lat' dir='ltr'>quaeri</span> <span class='ocrx_word' id='word_1_262' title='bbox 845 3065 972 3148; x_wconf 81' lang='lat' dir='ltr'>etdioci,</span> <span class='ocrx_word' id='word_1_263' title='bbox 994 3065 1049 3127; x_wconf 76' lang='lat' dir='ltr'>scd</span> 
     </span>
     <span class='ocr_line' id='line_1_35' title="bbox 141 3144 1048 3233; baseline 0.001 -24"><span class='ocrx_word' id='word_1_264' title='bbox 141 3144 261 3214; x_wconf 71' lang='lat' dir='ltr'>honines</span> <span class='ocrx_word' id='word_1_265' title='bbox 284 3171 340 3233; x_wconf 83' lang='lat' dir='ltr'>par</span> <span class='ocrx_word' id='word_1_266' title='bbox 362 3152 430 3232; x_wconf 77' lang='lat' dir='ltr'>ipsa</span> <span class='ocrx_word' id='word_1_267' title='bbox 452 3149 589 3214; x_wconf 80' lang='lat' dir='ltr'>iudicari.</span> <span class='ocrx_word' id='word_1_268' title='bbox 635 3149 725 3225; x_wconf 76' lang='lat' dir='ltr'>Quod</span> <span class='ocrx_word' id='word_1_269' title='bbox 748 3150 773 3209; x_wconf 82' lang='lat' dir='ltr'>ai</span> <span class='ocrx_word' id='word_1_270' title='bbox 785 3150 902 3209; x_wconf 87' lang='lat' dir='ltr'>nonita</span> <span class='ocrx_word' id='word_1_271' title='bbox 914 3157 970 3226; x_wconf 81' lang='lat' dir='ltr'>est,</span> <span class='ocrx_word' id='word_1_272' title='bbox 994 3167 1048 3210; x_wconf 87' lang='lat' dir='ltr'>cur</span> 
     </span>
     <span class='ocr_line' id='line_1_36' title="bbox 142 3229 1048 3315; baseline 0.003 -24"><span class='ocrx_word' id='word_1_273' title='bbox 142 3229 312 3315; x_wconf 71' lang='lat' dir='ltr'>Augustinus</span> <span class='ocrx_word' id='word_1_274' title='bbox 334 3245 365 3296; x_wconf 89' lang='lat' dir='ltr'>ct</span> <span class='ocrx_word' id='word_1_275' title='bbox 388 3236 485 3294; x_wconf 75' lang='lat' dir='ltr'>sancii</span> <span class='ocrx_word' id='word_1_276' title='bbox 508 3234 623 3312; x_wconf 80' lang='lat' dir='ltr'>Patras,</span> <span class='ocrx_word' id='word_1_277' title='bbox 646 3231 826 3313; x_wconf 74' lang='lat' dir='ltr'>quotiesval</span> <span class='ocrx_word' id='word_1_278' title='bbox 844 3232 1048 3313; x_wconf 74' lang='lat' dir='ltr'>pugnantia!</span> 
     </span>
     <span class='ocr_line' id='line_1_37' title="bbox 144 3311 1049 3398; baseline 0.001 -21"><span class='ocrx_word' id='word_1_279' title='bbox 144 3311 245 3397; x_wconf 67' lang='lat' dir='ltr'>docent,</span> <span class='ocrx_word' id='word_1_280' title='bbox 267 3317 308 3379; x_wconf 87' lang='lat' dir='ltr'>ad</span> <span class='ocrx_word' id='word_1_281' title='bbox 318 3336 422 3378; x_wconf 77' lang='lat' dir='ltr'>sacrae</span> <span class='ocrx_word' id='word_1_282' title='bbox 443 3318 547 3378; x_wconf 77' lang='lat' dir='ltr'>literas</span> <span class='ocrx_word' id='word_1_283' title='bbox 563 3337 619 3378; x_wconf 90' lang='lat' dir='ltr'>cau</span> <span class='ocrx_word' id='word_1_284' title='bbox 632 3320 730 3398; x_wconf 83' lang='lat' dir='ltr'>prima</span> <span class='ocrx_word' id='word_1_285' title='bbox 747 3317 898 3396; x_wconf 85' lang='lat' dir='ltr'>principia</span> <span class='ocrx_word' id='word_1_286' title='bbox 913 3319 1049 3378; x_wconf 73' lang='lat' dir='ltr'>veritatis</span> 
     </span>
     <span class='ocr_line' id='line_1_38' title="bbox 144 3398 1050 3463; baseline 0.001 -2"><span class='ocrx_word' id='word_1_287' title='bbox 144 3409 383 3463; x_wconf 75' lang='lat' dir='ltr'>ucuauntetsua</span> <span class='ocrx_word' id='word_1_288' title='bbox 394 3399 440 3461; x_wconf 86' lang='lat' dir='ltr'>vel</span> <span class='ocrx_word' id='word_1_289' title='bbox 453 3400 584 3462; x_wconf 78' lang='lat' dir='ltr'>obscura</span> <span class='ocrx_word' id='word_1_290' title='bbox 593 3402 640 3462; x_wconf 88' lang='lat' dir='ltr'>vel</span> <span class='ocrx_word' id='word_1_291' title='bbox 654 3398 776 3460; x_wconf 84' lang='lat' dir='ltr'>infirma</span> <span class='ocrx_word' id='word_1_292' title='bbox 796 3399 916 3461; x_wconf 87' lang='lat' dir='ltr'>illarum</span> <span class='ocrx_word' id='word_1_293' title='bbox 929 3399 1000 3462; x_wconf 88' lang='lat' dir='ltr'>lucc</span> <span class='ocrx_word' id='word_1_294' title='bbox 1018 3409 1050 3462; x_wconf 83' lang='lat' dir='ltr'>at</span> 
     </span>
     <span class='ocr_line' id='line_1_39' title="bbox 93 3475 1048 3565; baseline 0 -19"><span class='ocrx_word' id='word_1_295' title='bbox 93 3486 95 3491; x_wconf 82' lang='lat'>&#39;</span> <span class='ocrx_word' id='word_1_296' title='bbox 146 3475 266 3546; x_wconf 71' lang='lat' dir='ltr'>firmitate</span> <span class='ocrx_word' id='word_1_297' title='bbox 283 3484 436 3545; x_wconf 80' lang='lat' dir='ltr'>illustrant</span> <span class='ocrx_word' id='word_1_298' title='bbox 457 3492 489 3544; x_wconf 82' lang='lat' dir='ltr'>et</span> <span class='ocrx_word' id='word_1_299' title='bbox 510 3482 715 3545; x_wconf 83' lang='lat' dir='ltr'>confirmant?</span> <span class='ocrx_word' id='word_1_300' title='bbox 738 3482 808 3558; x_wconf 75' lang='lat' dir='ltr'>Quo</span> <span class='ocrx_word' id='word_1_301' title='bbox 830 3483 976 3565; x_wconf 82' lang='lat' dir='ltr'>exemplo</span> <span class='ocrx_word' id='word_1_302' title='bbox 993 3487 1048 3546; x_wconf 79' lang='lat' dir='ltr'>uii-</span> 
     </span>
     <span class='ocr_line' id='line_1_40' title="bbox 93 3567 1050 3646; baseline 0.004 -20"><span class='ocrx_word' id='word_1_303' title='bbox 93 3588 95 3597; x_wconf 93' lang='lat'>·</span> <span class='ocrx_word' id='word_1_304' title='bbox 147 3578 188 3639; x_wconf 82' lang='lat' dir='ltr'>qua</span> <span class='ocrx_word' id='word_1_305' title='bbox 207 3568 332 3646; x_wconf 83' lang='lat' dir='ltr'>docent,</span> <span class='ocrx_word' id='word_1_306' title='bbox 356 3567 450 3628; x_wconf 82' lang='lat' dir='ltr'>verba</span> <span class='ocrx_word' id='word_1_307' title='bbox 471 3568 575 3628; x_wconf 81' lang='lat' dir='ltr'>divina</span> <span class='ocrx_word' id='word_1_308' title='bbox 595 3587 664 3630; x_wconf 84' lang='lat' dir='ltr'>asse</span> <span class='ocrx_word' id='word_1_309' title='bbox 687 3567 844 3646; x_wconf 75' lang='lat' dir='ltr'>apertiora</span> <span class='ocrx_word' id='word_1_310' title='bbox 865 3575 898 3630; x_wconf 85' lang='lat' dir='ltr'>at</span> <span class='ocrx_word' id='word_1_311' title='bbox 918 3570 1050 3631; x_wconf 77' lang='lat' dir='ltr'>certiora</span> 
     </span>
     <span class='ocr_line' id='line_1_41' title="bbox 93 3651 1048 3732; baseline 0.003 -22"><span class='ocrx_word' id='word_1_312' title='bbox 93 3680 95 3689; x_wconf 90' lang='grc'><em>·</em></span> <span class='ocrx_word' id='word_1_313' title='bbox 148 3652 259 3712; x_wconf 73' lang='lat' dir='ltr'>iunium</span> <span class='ocrx_word' id='word_1_314' title='bbox 282 3652 449 3727; x_wconf 75' lang='lat' dir='ltr'>hominum,</span> <span class='ocrx_word' id='word_1_315' title='bbox 462 3652 554 3713; x_wconf 86' lang='lat' dir='ltr'>etiam</span> <span class='ocrx_word' id='word_1_316' title='bbox 566 3653 628 3712; x_wconf 82' lang='lat' dir='ltr'>auis</span> <span class='ocrx_word' id='word_1_317' title='bbox 642 3651 773 3732; x_wconf 80' lang='lat' dir='ltr'>propriis</span> <span class='ocrx_word' id='word_1_318' title='bbox 790 3651 901 3732; x_wconf 73' lang='lat' dir='ltr'>verbis,</span> <span class='ocrx_word' id='word_1_319' title='bbox 923 3661 956 3712; x_wconf 81' lang='lat' dir='ltr'>ut</span> <span class='ocrx_word' id='word_1_320' title='bbox 968 3671 1048 3732; x_wconf 83' lang='lat' dir='ltr'>quaa</span> 
     </span>
     <span class='ocr_line' id='line_1_42' title="bbox 93 3733 1048 3818; baseline 0.007 -28"><span class='ocrx_word' id='word_1_321' title='bbox 93 3766 95 3777; x_wconf 89' lang='lat'>·</span> <span class='ocrx_word' id='word_1_322' title='bbox 149 3743 191 3792; x_wconf 70' lang='lat' dir='ltr'>too</span> <span class='ocrx_word' id='word_1_323' title='bbox 208 3755 261 3816; x_wconf 85' lang='lat' dir='ltr'>par</span> <span class='ocrx_word' id='word_1_324' title='bbox 281 3736 440 3797; x_wconf 88' lang='lat' dir='ltr'>hominum</span> <span class='ocrx_word' id='word_1_325' title='bbox 463 3733 574 3816; x_wconf 82' lang='lat' dir='ltr'>verba,</span> <span class='ocrx_word' id='word_1_326' title='bbox 599 3735 655 3796; x_wconf 77' lang='lat' dir='ltr'>aad</span> <span class='ocrx_word' id='word_1_327' title='bbox 683 3734 841 3797; x_wconf 88' lang='lat' dir='ltr'>homiuum</span> <span class='ocrx_word' id='word_1_328' title='bbox 871 3735 966 3799; x_wconf 83' lang='lat' dir='ltr'>verba</span> <span class='ocrx_word' id='word_1_329' title='bbox 992 3755 1048 3818; x_wconf 83' lang='lat' dir='ltr'>par</span> 
     </span>
    </p>
   </div>
   <div class='ocr_carea' id='block_1_3' title="bbox 93 3848 987 3927">
    <p class='ocr_par' dir='ltr' id='par_1_3' title="bbox 93 3848 987 3927">
     <span class='ocr_line' id='line_1_43' title="bbox 93 3848 987 3927; baseline -0.001 -13"><span class='ocrx_word' id='word_1_330' title='bbox 93 3858 98 3927; x_wconf 56' lang='lat' dir='ltr'>i</span> <span class='ocrx_word' id='word_1_331' title='bbox 167 3869 240 3916; x_wconf 68' lang='lat' dir='ltr'>bauan</span> <span class='ocrx_word' id='word_1_332' title='bbox 253 3887 304 3927; x_wconf 79' lang='lat' dir='ltr'>opp.</span> <span class='ocrx_word' id='word_1_333' title='bbox 318 3876 345 3918; x_wconf 71' lang='lat' dir='ltr'>V,</span> <span class='ocrx_word' id='word_1_334' title='bbox 359 3875 387 3915; x_wconf 82' lang='grc' dir='ltr'>Δ.</span> <span class='ocrx_word' id='word_1_335' title='bbox 402 3875 431 3914; x_wconf 77' lang='lat' dir='ltr'>ad</span> <span class='ocrx_word' id='word_1_336' title='bbox 445 3875 486 3915; x_wconf 77' lang='lat' dir='ltr'>rai.</span> <span class='ocrx_word' id='word_1_337' title='bbox 500 3873 552 3914; x_wconf 75' lang='lat' dir='ltr'>hini.</span> <span class='ocrx_word' id='word_1_338' title='bbox 564 3875 579 3918; x_wconf 82' lang='lat' dir='ltr'>i.</span> <span class='ocrx_word' id='word_1_339' title='bbox 591 3885 615 3925; x_wconf 75' lang='grc' dir='ltr'>ι).</span> <span class='ocrx_word' id='word_1_340' title='bbox 631 3875 678 3918; x_wconf 83' lang='lat' dir='ltr'>Vol.</span> <span class='ocrx_word' id='word_1_341' title='bbox 694 3875 719 3919; x_wconf 83' lang='lat' dir='ltr'>V.</span> <span class='ocrx_word' id='word_1_342' title='bbox 948 3848 987 3914; x_wconf 68' lang='lat' dir='ltr'>ss</span> 
     </span>
    </p>
   </div>
   <div class='ocr_carea' id='block_1_4' title="bbox 0 0 1213 4170">
    <p class='ocr_par' dir='ltr' id='par_1_4' title="bbox 0 0 1213 4170">
     <span class='ocr_line' id='line_1_44' title="bbox 0 0 1213 4170; baseline 0 0"><span class='ocrx_word' id='word_1_343' title='bbox 0 0 1213 4170; x_wconf 95' lang='lat' dir='ltr'> </span> 
     </span>
    </p>
   </div>
  </div>
 </body>
</html>
