2392 4170
363 258 499 314 llbrurum
517 260 586 313 iuris
605 260 732 314 cernulat
751 265 801 314 ete.
991 254 1053 324 281

132 431 226 493 quam
248 413 278 474 in
304 415 392 476 terris
414 412 554 475 iudicare
571 420 683 494 potest,
704 414 772 496 ipse
792 432 868 476 varo
890 432 972 495 papa
992 432 1055 475 orn·

135 515 190 559 nes
213 496 354 559 homiues
375 496 505 572 iudicat·
524 500 552 562 9.
576 516 605 577 q.
628 496 656 562 3.
679 517 707 562 e.
729 498 857 561 Cuncta.

218 579 275 640 Hie
295 581 439 641 articulus
472 587 519 642 ast
533 581 680 661 ospitalis
702 580 906 659 artiuulus¹)‚
934 581 1002 660 qui,
1023 588 1057 642 ut

132 663 213 725 bene
244 663 364 725 radices
398 671 517 746 ageret,
545 663 717 744 permulta
740 665 874 745 sapitula
902 669 1057 744 espaene

131 765 188 827 per
201 753 307 810 :tolum
330 749 376 807 ius
393 749 574 808 eununieum
587 765 708 828 semper
722 749 869 828 repetitus
880 752 936 824 est,
957 753 992 807 ut
1014 747 1057 808 la·

133 830 193 895 eila
215 838 372 911 apparent,
385 832 442 893 ,ius
464 831 647 891 euuunieum
669 832 700 890 in
722 830 887 892 hoeuuum
904 848 1057 891 essenon-

134 915 263 990 viutnm,
299 920 338 975 ut
358 933 441 994 papa
469 913 567 974 libere
595 922 702 994 posset
722 923 754 974 et
776 914 877 976 lauare
899 921 929 975 et
959 912 1057 974 deliu-

133 1016 228 1076 quera
249 996 395 1076 quidquid
420 997 519 1073 vellet,
531 996 747 1077 licentiamque
763 997 836 1058 dare
855 996 1015 1079 pensandi,
1027 1003 1058 1057 st

132 1080 284 1160 impedire
315 1080 405 1142 bona.
455 1080 562 1142 Stante
595 1083 674 1141 enim
707 1080 1059 1158 hoa1artisulo,.iauel

133 1161 315 1244 profligatus
338 1163 475 1226 Christus
498 1172 527 1224 et
550 1165 615 1224 eius
637 1163 772 1224 verbum.
818 1164 865 1225 Eo
893 1182 967 1224 veru
994 1182 1057 1224 nun

132 1255 244 1323 stante,
266 1248 346 1308 lauet
368 1254 464 1310 tutum
486 1248 533 1307 ius
555 1249 747 1323 oenomaum,
763 1267 824 1308 una
838 1266 912 1308 uum
934 1251 1059 1328 pupast

133 1331 202 1392 eius
224 1329 374 1406 Sede.²);
399 1330 458 1390 Sed
481 1339 563 1391 stare
585 1350 645 1391 nun
668 1337 781 1410 potest,
802 1349 875 1392 nam
897 1329 931 1392 8.
950 1327 1058 1391 Petrus

133 1413 295 1494 praeeipit,
319 1420 345 1489 l,
367 1413 431 1475 Pet.
453 1415 487 1476 2:
509 1413 625 1476 Omnes
647 1415 814 1491 honorute3
840 1419 873 1474 et
894 1412 924 1478 S.
945 1412 1059 1474 Paulus

136 1497 173 1558 ad
197 1495 287 1558 Rom.
303 1499 356 1560 12:
379 1497 513 1557 Invicem
526 1495 643 1557 honore
662 1498 913 1578 praevenientem
934 1495 1059 1557 stGluiss

135 1586 203 1647 stus
224 1599 319 1660 saepe
346 1580 439 1641 ¹dixit:
474 1579 532 1655 Qui
555 1580 619 1640 vult
641 1581 739 1641 maior
767 1598 853 1655 esse,
868 1608 871 1617 ·
887 1581 928 1641 sit
949 1580 1058 1642 minor.

135 1663 281 1725 Similiter
299 1663 344 1724 fl.
366 1663 480 1725 Paulus
517 1663 547 1724 8.
571 1663 698 1726 Petrum
717 1663 757 1724 ad
786 1661 888 1725 Galat.
909 1663 939 1726 2.
960 1681 1060 1743 repra·

135 1744 251 1824 uendit,
274 1766 335 1806 non
359 1746 564 1806 ambulantem
588 1745 756 1806 seeundum
776 1745 988 1827 Evangelium.
1012 1744 1072 1806 ed·

135 1828 236 1901 hoel>
266 1829 296 1890 S.
320 1830 425 1890 Petrus
449 1850 509 1890 una
530 1848 598 1890 aum
621 1829 652 1890 8.
674 1828 871 1891 Iohanneab
892 1829 960 1890 aliis
988 1847 1060 1909 apo·

136 1912 394 1992 stoliszunquum
416 1913 570 1973 subiectus
593 1913 777 1974 mittebatur.

218 1991 355 2074 Ideoque
377 1994 514 2074 neque⁴l
540 2003 586 2055 est
606 2015 706 2076 neque
728 2002 922 2076 potestesse
944 2013 1060 2070 varum,

135 2097 251 2160 papam
275 2080 387 2140 nemini
412 2079 581 2138 subiectum
605 2099 674 2140 esse
701 2077 770 2162 et⁵)
798 2099 817 2139 a
845 2075 1062 2139 numine-ludi·

136 2164 332 2242 nari-posse,
355 2162 478 2241 quande
502 2163 568 2241 ipse
579 2181 739 2242 supremus
761 2163 896 2236 omnium
909 2180 979 2221 asse
990 2178 1062 2221 uon·

137 2244 245 2307 tendit
288 2245 394 2305 Elius
417 2247 609 2321 oenomaum,
634 2264 703 2306 eum
725 2245 847 2306 haesit
869 2245 933 2304 eius
955 2243 1063 2304 funda*

137 2334 275 2389 mentum
298 2336 328 2388 et
349 2335 413 2388 tota
434 2331 523 2400 ratio„
545 2334 698 2408 repugnat
713 2329 745 2387 in
769 2326 910 2388 omnibus
933 2328 996 2387 suis
1018 2345 1065 2386 ar·

138 2412 238 2475 tiaulis
271 2417 303 2472 et
328 2411 464 2492 partibus
486 2411 667 2491 Evangelio.
711 2410 779 2472 Hos
809 2410 1064 2491 quidamverum

138 2503 203 2570 est,
231 2491 449 2572 secularem)
480 2500 664 2574 potestatem
691 2495 754 2554 suis
781 2492 975 2555 inferioribus
1001 2510 1063 2553 nou

140 2597 210 2639 esse
233 2578 412 2639 subiectam.
456 2576 516 2638 Sed
540 2576 677 2638 Christus
704 2577 764 2638 hoe
787 2577 884 2637 vertit
902 2583 939 2637 et
969 2582 1066 2636 mutat

140 2663 260 2724 disens:
290 2661 355 2722 Vos
379 2669 479 2722 sulem
503 2680 564 2720 nou
589 2662 648 2736 sie,
678 2661 786 2723 volans
814 2662 988 2739 superiores
1018 2659 1088 2719 sui'

140 2745 248 2826 populi
277 2764 345 2805 esse
369 2744 509 2805 omnibus
538 2744 693 2804 subiectos
724 2751 754 2805 et
781 2743 820 2806 ab
849 2744 893 2803 eis
921 2742 1064 2803 iudicium

142 2831 215 2909 pati.
260 2828 347 2890 Siout
367 2827 443 2888 dicit
461 2827 534 2892 Lus.
557 2829 614 2889 21:
637 2827 738 2907 Reges
761 2828 897 2908 gentium
910 2825 1067 2887 dominan-

141 2919 189 2972 tur
210 2929 318 2973 eorum
338 2919 377 2972 et
398 2911 448 2990 qui
472 2917 655 2991 potestatem
675 2911 713 2969 in
737 2928 791 2971 eos
813 2909 943 2988 habent,
972 2911 1065 2968 bane·

142 2993 190 3054 fici
215 3000 373 3054 vocantur.
416 2994 481 3054 Vos
504 3012 577 3053 vero
601 3013 662 3053 non
686 2993 739 3072 sie,
761 2991 816 3053 sed
838 2993 1067 3072 qui-maiorem

142 3079 176 3141 in·
196 3077 294 3154 vobis,
316 3077 371 3137 fiat
391 3077 470 3136 sieut
491 3077 600 3155 minor,
613 3084 643 3137 et
655 3077 706 3155 qui
718 3094 899 3157 praesessor
921 3083 976 3155 est,
989 3075 1068 3134 sieut

144 3163 361 3223 ministratum·
385 3158 550 3234 Quomodo
573 3168 675 3220 autem
698 3166 801 3240 potest
816 3160 887 3240 ipse'
903 3176 971 3219 esse
992 3157 1067 3218 inle-

143 3246 223 3320 τίοι,
246 3246 270 3303 si
294 3264 313 3303 a
336 3245 457 3317 nemine
479 3245 592 3322 patitur
613 3240 807 3325 iudiuuri.¹)'
982 3233 985 3240 ’

201 3548 231 3615 1)
253 3546 284 3600 Ιιι
304 3546 347 3599 ed.
367 3543 443 3598 len:
470 3544 602 3597 articulus
622 3546 700 3614 regui
721 3543 932 3610 antichristiani,
952 3545 997 3610 qui
1017 3547 1067 3595 ate.

144 3618 178 3686 2)
199 3618 283 3672 lbld:t
304 3618 450 3686 pestilente
462 3616 540 3670 Sede.
578 3616 607 3678 3)
627 3615 714 3671 Ibin:
734 3615 812 3670 haee.
848 3614 881 3682 4)
901 3614 983 3669 lbra:
1005 3613 1069 3666 ldao
1176 3662 1182 3666 .

145 3705 244 3760 neque.
300 3691 332 3752 5)
354 3687 608 3757 lned.0rig.:1ut.
655 3687 687 3754 θ)
710 3684 794 3753 ibide
814 3690 844 3743 ut
862 3684 1015 3746 secularem
1036 3713 1069 3727 -

146 3777 203 3817 nou
223 3778 286 3818 assa
305 3763 468 3816 subiectam.
506 3761 534 3827 7)
553 3757 585 3814 ln
604 3759 647 3814 ed.
665 3757 787 3816 lemt's't
803 3756 928 3818 rudium.
987 3772 990 3776 ·
1055 3769 1057 3772 ’
