2392 4170
241 255 352 315 Bullarn
371 255 435 309 Leo.
455 255 489 315 X„
509 254 631 309 damnat.
652 272 678 313 a.
699 256 779 314 1520.
976 257 1038 322 157

194 410 370 484 lusiones,
398 409 549 485 Domine,
572 416 602 469 et
623 418 739 471 rectum
768 411 913 473 iudicium
943 419 1037 477 tuum.
1125 438 1129 445 ·

132 493 189 555 cra
211 489 289 575 erg'o
312 492 462 554 hactenus
485 492 580 552 multa
602 496 634 554 et
652 494 823 575 scripserim
847 502 877 553 et
900 494 1038 570 dixerim,

130 578 232 637 nescius
254 584 373 637 tantam
395 595 464 636 esse
484 577 515 635 in
536 574 710 654 pastoribus
723 577 815 637 lsrael
845 579 1037 656 caecitatem,

130 660 188 721 nihil
207 660 305 721 merui
328 667 443 735 tamen,
465 659 524 719 nisi
547 664 580 717 ut
600 659 888 739 detraherentmihi,
910 679 966 738 pro
990 680 1038 738 eo,

131 750 216 803 utne
236 743 415 822 diligerent,
439 749 468 801 et
489 761 546 820 pro
573 743 655 801 bono
673 741 836 801 redderent
848 742 972 821 malurn,
985 744 1037 804 do·

131 844 173 887 nac
193 844 230 886 eo
253 827 402 905 usquein
425 844 511 884 eoam
534 827 670 903 ipsorum
701 824 831 885 salutem
859 827 1040 905 insanirent,

133 917 156 968 at
169 909 283 970 libellos
307 927 395 969 meos
416 907 538 987 publice
560 907 742 968 damnarent
754 919 785 968 et
802 917 965 968 exurerent
979 908 1036 969 Co·

134 990 212 1054 laniae
234 1002 265 1052 et
284 991 424 1073 Lovanii,
446 1010 516 1059 nam
536 992 555 1050 ii
581 1009 656 1070 prae
670 992 780 1050 ceteris
806 991 920 1051 habent
937 992 1035 1053 zelum

135 1073 183 1151 ilai,
202 1074 257 1135 sed
278 1094 341 1136 non
365 1074 532 1134 secundum
546 1074 716 1134 scientiam.
746 1074 779 1133 ln
792 1092 852 1153 qua
875 1093 906 1132 re
920 1082 1036 1134 tantum

135 1156 210 1235 out,
232 1167 264 1218 ut
278 1177 416 1234 movear,
439 1166 471 1217 ut
493 1176 542 1217 me
565 1158 917 1217 vehementermisereat
939 1157 1036 1217 caeci·

136 1241 186 1301 tatis
205 1249 235 1301 et
257 1241 438 1321 perditionis
460 1240 591 1314 illorum,
615 1241 677 1299 imo
692 1249 723 1298 et
745 1241 867 1319 puerilis
880 1239 1035 1301 stultitiae.

137 1321 194 1398 Quid
216 1328 295 1385 enirn
319 1323 438 1384 lucilius
452 1332 508 1400 est,
530 1342 621 1403 quarn
635 1321 738 1396 libros,
763 1341 840 1400 quos
853 1323 1037 1401 redarguere

138 1425 179 1467 ron
198 1410 313 1488 possis,
338 1405 488 1467 exurere?
523 1407 652 1467 lixnssit
683 1407 794 1484 impius
831 1425 885 1464 ren
908 1406 1035 1465 loialrim

138 1488 206 1552 libros
224 1490 377 1552 Jaremiae
397 1490 583 1570 prophetae,
606 1487 740 1549 sednon
764 1490 794 1547 in
817 1488 877 1548 hoc
897 1486 1039 1549 iustifica-

197 1657 318 1734 Verum,
342 1663 375 1716 ut
404 1655 484 1734 dixi,
519 1656 650 1734 pertinet
680 1662 710 1714 et
746 1654 808 1714 hoo
841 1654 881 1713 ad
914 1673 1034 1732 perver-

139 1738 232 1801 sitatem
253 1747 390 1800 nostram
412 1746 443 1798 et
465 1757 588 1799 sensum
611 1737 786 1817 reprobum,
800 1738 838 1797 ‘in
862 1755 952 1816 quem
976 1756 1033 1796 nos

141 1822 208 1883 tradit
226 1823 325 1901 Deus,
348 1831 381 1882 ut
402 1821 504 1881 clerici
532 1823 691 1881 veritatem
716 1821 912 1897 damnemus,
945 1837 1036 1898 quarn

141 1901 187 1965 laici
206 1905 438 1986 amplectuntur,
460 1912 490 1965 et
512 1903 587 1964 fiant
609 1905 798 1981 sacerdotes,
821 1904 871 1982 qni
895 1902 1038 1962 sacerdo-

142 1994 171 2046 tes
186 2009 239 2049 non
262 1985 379 2068 sunt1),
402 1988 492 2065 laici,
515 1989 566 2067 qui
588 1987 659 2047 laici
681 2006 742 2047 non
767 1996 845 2046 sunt.
869 1984 970 2060 Quare
995 1989 1036 2045 vi·

141 2085 185 2130 run
205 2081 257 2151 est,
278 2072 426 2150 deinceps
449 2069 488 2131 ad
511 2090 567 2130 vos
590 2071 698 2145 laicos,
720 2089 833 2130 novum
857 2088 954 2148 genus
978 2068 1035 2129 cle·

142 2151 251 2234 duorum,
274 2153 419 2232 scribere,
442 2160 473 2214 et
494 2153 550 2213 sub
563 2154 695 2214 nominis
708 2155 749 2212 tui
767 2153 909 2212 felicitate
936 2152 1035 2230 (quod

143 2231 199 2298 llens
217 2239 311 2314 faxit)
336 2235 466 2298 feliciter
488 2236 592 2314 ordiri,
614 2245 785 2296 asserturus
808 2254 845 2295 ac
867 2238 1034 2295 munit-urus

95 2394 98 2405 Ι
145 2323 214 2383 mnia
234 2322 302 2398 illa,
327 2339 407 2400 quae
427 2320 607 2380 incendiarii
634 2320 677 2379 illi
700 2339 754 2399 per
776 2319 894 2379 Bullam
918 2318 975 2378 sibi
998 2320 1035 2378 ai·

147 2401 267 2465 dimam
290 2404 524 2466 damnaverunt.
557 2402 604 2463 Tu
626 2405 728 2482 itaque
751 2403 811 2463 hoc
835 2411 1034 2462 monumento

149 2499 182 2562 us,
193 2488 250 2549 imo
273 2487 477 2549 Christianam
502 2487 671 2547 doctrinam
695 2485 748 2546 tibi
764 2495 794 2545 et
808 2486 968 2545 universae
980 2504 1033 2545 no·

96 2586 99 2593 ·
149 2559 220 2631 liliati
248 2579 371 2633 restrae
398 2571 646 2631 commendatam
670 2569 773 2646 facito,
794 2587 832 2628 aa
853 2568 932 2628 vale.

95 2622 101 2733 l
165 2734 169 2745 1
197 2654 448 2733 Vnittenbergae,
471 2673 552 2715 anno
576 2655 614 2718 M.
637 2653 673 2714 D'.
696 2653 760 2713 XX.
785 2653 881 2733 prima
908 2653 1034 2719 Decem·

145 2727 190 2796 lua

144 2933 303 3004 Assertio
325 2941 486 3003 omnium
513 2943 769 3002 articulorum
793 2941 947 3002 Martini
973 2941 1033 3002 Lu·

144 3038 217 3108 llari
254 3040 321 3130 per
354 3047 504 3109 Bullam
536 3047 677 3110 Leonis
706 3049 744 3112 X.
777 3050 1030 3122 novissimam

418 3153 731 3236 damnatorum.²)

200 3319 378 3401 Quanquam
401 3310 521 3396 abunde
543 3324 617 3382 satis
638 3312 789 3403 prioribus
818 3323 928 3383 libellis
958 3325 1032 3383 meis

145 3399 261 3466 utonem
284 3403 466 3465 reddiderim
489 3404 526 3464 de
549 3406 684 3466 articulis
697 3407 761 3466 istis
778 3407 1032 3468 novissimaLea·

149 3551 535 3574 &W-

95 3640 101 3707 ἶ
147 3721 151 3730 ,
180 3659 204 3729 1)
222 3663 249 3719 ln
268 3665 310 3718 ed.
332 3667 416 3734 orig.:
436 3667 498 3718 sint.
542 3665 574 3728 2)
596 3667 670 3720 Haec
686 3670 846 3736 inscriptio,
864 3683 936 3736 qnae
955 3667 1033 3720 deest

146 3731 280 3791 uaiinone
297 3736 435 3806 originali,
454 3739 570 3806 repetita
589 3744 632 3792 est
651 3755 688 3793 ex
706 3739 771 3794 edit.
789 3738 851 3794 Jen.
