2392 4170
132 229 196 321 416
234 310 237 314 .
339 231 445 288 Conna
462 230 610 288 Henrioum
628 248 720 303 regam
739 230 863 304 Angliae

133 412 167 466 ut
188 405 213 464 sl
238 404 368 479 diceret,
400 402 570 463 Iohannem
594 402 764 482 Baptistam
794 422 857 465 non
880 423 951 464 esse
972 422 1058 483 prae-

135 506 301 566 cursorem,
324 487 396 565 quis
416 484 523 546 Jetbro
547 485 702 546 consuluit
724 486 848 565 llosi*)
870 486 992 548 civilem
1005 505 1059 566 po-

134 571 229 631 litiam
251 570 420 645 instituere,
442 569 520 629 torte
543 569 634 629 etiam
647 569 716 630 Rex
738 570 886 631 mensbic
908 568 957 629 vel
978 569 1060 631 ride-

133 663 182 713 ret
204 653 251 712 vel
276 653 469 712 misereretur
491 652 624 713 hominis
649 653 791 714 maniam.

217 735 277 796 Sed
315 736 398 795 nulla
429 741 477 795 est
512 738 702 815 comparatio
736 736 823 795 buius
861 738 984 796 manius
1019 737 1056 795 ed

132 820 261 899 Regium
290 821 434 879 maniam.
476 814 555 880 Nem
579 820 605 878 si
626 818 852 897 impertinentia
874 827 981 898 potest
1002 820 1059 879 all-

134 903 205 981 quid
239 902 279 962 de
302 901 465 981 Scripturis
488 911 622 980 mutare,
660 903 772 963 rectius
805 900 865 962 boc
886 901 980 963 societ
1003 905 1059 962 im·

133 988 289 1066 pertinens
312 985 468 1064 Scriptura
489 983 529 1044 ad
551 1004 585 1044 se
607 986 720 1064 ipsam,
743 1003 834 1063 qnam
858 987 1060 1065 impertinens

132 1069 245 1129 lactum
269 1078 355 1129 extra
376 1067 570 1146 scripturam.
614 1067 692 1127 Nam
706 1068 808 1127 vinum
832 1069 951 1128 misceri
978 1087 1060 1147 equa

134 1162 180 1212 est
202 1153 314 1211 lectum
338 1169 463 1230 prorsus
486 1157 574 1211 extra
595 1149 783 1230 Scriptorum
808 1158 839 1210 et
858 1152 1061 1230 impertinens

134 1236 173 1296 ad
197 1243 314 1315 partem
338 1233 537 1296 sacramenti.
581 1233 621 1293 Et
643 1245 744 1293 tamen
768 1252 853 1294 meus
874 1234 955 1309 Rex,
978 1238 1059 1303 testi-

133 1317 191 1381 bus
213 1317 380 1397 Sophistis,
408 1316 468 1376 hoc
496 1317 678 1396 syllogismo
709 1318 872 1396 prostravit
891 1316 1059 1378 Lutberum

135 1403 277 1461 miserum
300 1409 330 1459 et
361 1399 565 1480 indulgentias
588 1401 697 1481 meruit
716 1399 848 1477 donare,
878 1399 1060 1480 dignissime

135 1492 217 1545 certe
239 1483 440 1544 retributione
477 1501 533 1563 pro
568 1482 621 1542 tali
654 1483 814 1562 supientia.
857 1481 957 1563 Igitur
986 1485 1059 1545 nihil

133 1569 271 1648 peccoris
293 1568 450 1646 deinceps,
467 1567 493 1625 si
512 1567 557 1626 sic
578 1568 731 1644 argueris:
752 1565 904 1628 Henricns
927 1574 977 1628 est
1008 1587 1060 1628 rex

136 1652 278 1731 Angliae‚
300 1657 331 1709 et
352 1656 455 1711 tomen
477 1648 628 1710 necDeus
650 1650 807 1729 coguovit,
829 1668 886 1710 nec
903 1649 1060 1732 Scriptura

135 1733 290 1809 meminit,
323 1750 398 1813 ergo
421 1730 560 1791 Christus
596 1750 654 1792 nec
675 1739 723 1792 est
748 1741 837 1792 natus
859 1752 918 1792 nec
939 1754 1059 1814 pessus,

134 1819 196 1878 imo
220 1822 285 1876 tote
296 1815 453 1895 Scriptura
467 1814 541 1874 nihil
556 1825 620 1894 est3
642 1834 747 1876 verum
770 1834 828 1896 ego
852 1815 902 1875 hic
924 1817 965 1877 ad
982 1837 1059 1878 mar·

134 1900 238 1982 ginem
261 1898 334 1961 mihi
356 1899 469 1978 signari
492 1898 580 1961 nolo:
619 1898 675 1958 Hic
697 1900 777 1959 iacet
797 1907 969 1979 prostratus
1008 1920 1060 1962 rex

125 1984 281 2064 ‚Angliem
317 1983 388 2061 quia
408 1980 511 2042 verbis
534 1981 607 2043 nolo
629 1989 829 2062 prostratum,
853 1983 909 2042 sed
932 1986 978 2044 rei
1003 1987 1058 2045 evi·

134 2068 245 2128 dentis.

218 2149 297 2225 Quid
320 2149 411 2228 igitur
442 2167 481 2207 ex
510 2149 547 2207 iis
575 2149 715 2208 omnibus
744 2149 950 2229 colligemus?
996 2151 1059 2212 Hoc

135 2233 267 2312 scilicet,
299 2233 379 2312 quod
404 2233 608 2309 cogitationes
630 2234 792 2312 implorum
816 2232 952 2293 cordium
979 2255 1058 2296 reve·

133 2318 232 2376 lantur
254 2318 314 2375 boo
344 2317 433 2393 signo
457 2314 724 2395 contradictionis,
754 2335 823 2375 nam
847 2316 917 2378 ideo
942 2318 1059 2378 cecide·

131 2409 201 2459 runt
221 2402 252 2459 in
275 2399 352 2458 haec
376 2397 518 2457 barathra
531 2397 725 2459 absurditatis
738 2408 769 2458 et
789 2398 946 2461 horribilis
972 2421 1056 2463 mon·

131 2491 208 2563 stra,
243 2482 323 2561 quod
362 2481 495 2540 divinam
519 2480 706 2560 Scripturam
739 2502 778 2542 ex
812 2484 915 2543 animo
945 2484 1058 2546 babent

132 2585 188 2647 pro
211 2587 243 2626 re
266 2565 396 2644 quadam
420 2563 563 2644 humana,
586 2565 677 2643 quale
698 2573 744 2625 est
781 2567 888 2625 mixtio
908 2586 1010 2646 aquae
1032 2580 1059 2627 et

134 2652 210 2729 vini,
233 2669 291 2709 nec
312 2650 340 2708 ei
364 2648 457 2708 ullum
478 2647 594 2707 hebent
615 2650 762 2708 maiorem
787 2648 954 2726 bonorem,
989 2651 1057 2712 ideo

133 2737 178 2793 sic
200 2737 268 2811 ipsa
292 2729 450 2792 confundit
472 2750 543 2805 eos,
578 2734 628 2810 qni
652 2751 720 2791 eam
743 2750 805 2792 non
829 2731 1059 2794 honoraverunt

133 2825 164 2876 et
186 2814 437 2896 glorificaverunt
458 2816 536 2874 sicut
558 2814 692 2875 divinam
715 2810 912 2895 Scriptorum.

216 2899 345 2975 Verum,
380 2896 453 2977 quid
475 2898 576 2978 porcis
599 2900 664 2958 istis
699 2916 768 2957 curn
791 2897 978 2978 Scripturis?
1012 2900 1058 2961 de·

133 2982 317 3043 scendamus
351 2980 390 3041 ad
413 2981 809 3060 ipsorummet-diatribam
833 2990 865 3041 et
886 3003 944 3042 sua
967 2980 1057 3044 etiam

130 3068 273 3145 ignorare
304 3083 357 3124 eos
393 3066 622 3128 convincamus.
668 3064 756 3123 Dicat
783 3083 858 3144 ergo
882 3064 973 3127 nobis
996 3067 1056 3146 glo-

131 3152 230 3209 riosus
254 3160 388 3208 assertor
400 3144 680 3225 Sacramentornm,
705 3147 785 3208 unde
808 3149 967 3227 probatur,
992 3151 1056 3210 blis-

131 3251 197 3291 sam
210 3232 384 3291 necessario
398 3249 486 3289 mane
502 3230 717 3292 celebrandam
732 3251 811 3309 esse,
835 3241 888 3291 aut
902 3232 1058 3311 quomodo

131 3314 192 3374 hoc
213 3316 252 3374 sit
274 3322 383 3374 contra
405 3313 515 3374 Christi
538 3316 724 3393 institutum,
760 3316 786 3374 si
811 3335 902 3375 mane
924 3316 1058 3377 celebre·

133 3404 189 3476 tur,
212 3397 294 3476 quod
317 3397 369 3456 ille
393 3399 514 3476 vesperi
540 3398 631 3458 fecit?
673 3397 758 3457 ldem
788 3417 904 3477 quaero
945 3399 985 3459 de
1010 3401 1057 3460 mi-

131 3479 246 3539 scenda
268 3498 349 3558 aqua
366 3483 395 3539 in
411 3481 493 3555 vino,
516 3483 584 3560 quis
602 3482 673 3541 fecit
694 3480 776 3541 hunc
788 3482 949 3542 articulum
968 3481 1059 3544 fidei?

133 3565 200 3641 quis
223 3562 315 3623 audet
338 3562 439 3624 dicere
462 3573 623 3644 peccatum
646 3585 724 3645 esse,
747 3567 772 3625 si
795 3566 862 3625 sine
884 3584 967 3645 aqna
985 3570 1058 3628 cele·

138 3687 242 3695 ———.-

204 3744 238 3819 ’)
260 3743 348 3802 Exod.
367 3747 409 3803 ta.
