2392 4170
411 272 674 346 nnaspnvaun.
694 272 779 333 nu.
1005 267 1069 341 tut.

140 448 317 531 fugiendum
351 447 627 528 detestandumque
660 466 745 526 esse,
785 452 878 528 etque
908 448 1066 530 speciosos

139 537 230 598 huius
252 532 415 598 ssoerdotii
436 533 548 607 torves,
569 532 688 612 Missos,
712 531 862 610 culturus,
884 534 1014 614 pietates
1035 539 1067 595 st

140 621 316 702 religiones,
338 617 488 699 siquidem
502 622 648 696 praestat,
669 615 824 696 pubiioum
847 617 990 678 lenonem
1013 621 1067 680 sut

141 705 293 767 latronem
318 722 396 776 esse,
419 692 509 782 quam
532 699 621 760 huius
644 700 764 779 generis
787 700 989 767 ssoerdotem.
1057 713 1070 776 j

226 785 288 850 Sed
312 804 475 868 pergemus
495 791 608 863 temen,
632 787 664 845 et
684 784 773 844 huius
787 786 949 864 singularis
966 803 1066 848 saner·

141 871 299 953 dotiiipsn
316 890 435 932 summo
457 868 570 929 deeora
592 875 622 929 et
641 868 795 929 oolumins
816 870 931 948 videre,
954 888 1066 950 nempe

145 957 326 1038 episeopus,
355 959 497 1034 equestre
523 950 598 1011 iliud
628 958 659 1012 et
684 951 841 1014 heroioum
870 951 1065 1016 sacerdotum

144 1059 263 1122 genus,
293 1037 375 1120 quod
416 1056 449 1098 se
482 1035 636 1116 principes
670 1036 870 1099 eoelesierum
905 1038 1066 1100 nominare

143 1122 253 1202 sudet,
277 1142 337 1203 quo
360 1126 458 1182 totum
482 1138 593 1199 eorpus
617 1118 966 1182 abominationis'huius
999 1141 1065 1200 per·

143 1208 320 1289 spinismus.
365 1208 464 1285 Atque
492 1205 600 1264 iterum
631 1202 681 1262 hio
706 1203 896 1266 fundamenti
919 1205 989 1266 looo
1022 1207 1065 1266 in·

143 1309 295 1354 oonousse
333 1296 517 1363 teneamus,
550 1286 632 1365 quod
667 1287 728 1347 ism
760 1290 851 1349 toties
888 1289 1064 1370 posuimus:

143 1373 298 1454 Quidquid
321 1375 397 1435 citro
414 1372 590 1451 Soripturse
612 1371 807 1432 autoritatem
819 1371 863 1446 nt,
887 1374 1065 1449 praesertim

140 1460 170 1520 in
193 1460 246 1539 iis,
273 1476 352 1538 quse
373 1457 527 1536 pertinent
548 1453 586 1513 ad
608 1453 723 1532 Deum,
751 1454 783 1515 id
811 1455 1004 1517 menifestum
1027 1458 1067 1518 sit

141 1540 180 1603 sb
208 1543 277 1622 ipso
300 1540 416 1603 setene
444 1540 614 1616 proiectum
635 1557 713 1600 esse.
758 1538 838 1601 Satis
869 1541 950 1600 enim
980 1559 1066 1603 mou·

140 1627 248 1688 stravit
270 1625 353 1686 Deus
375 1625 405 1683 in
428 1620 536 1683 Nadab
560 1628 589 1681 et
614 1620 724 1701 Abina,
748 1622 819 1684 dum
841 1623 939 1684 nollet
960 1624 1065 1704 ignem

140 1708 276 1771 alienum
298 1709 410 1786 offerri,
433 1725 524 1786 quam
548 1704 746 1768 vehementer
779 1705 947 1770 detestetur
967 1709 998 1768 iu
1021 1727 1066 1770 rs·

139 1792 197 1854 bns
220 1794 314 1855 enoris
336 1790 418 1852 eliud
441 1790 521 1870 geri,
552 1789 644 1867 qnam
669 1808 687 1849 s
709 1792 833 1871 seipso
856 1797 938 1852 esset
960 1789 1065 1853 defini-

139 1884 214 1937 tum.
257 1873 480 1938 Senotiiioabor
509 1870 644 1952 (rnqurt)
674 1892 705 1931 un
728 1873 800 1949 his,
829 1875 879 1953 qui
901 1876 1065 1955 appropin-

140 1967 235 2040 quent
258 1959 339 2020 mihi.
368 1957 490 2034 Quanto
514 1957 611 2034 magis
633 1961 722 2035 putas
732 1957 975 2038 indignationem
999 1960 1065 2021 eius

139 2042 288 2123 nocendi,
311 2040 435 2122 quondo
459 2059 521 2101 non
544 2039 642 2100 sotum
666 2047 804 2119 praeter,
827 2040 881 2101 sed
905 2046 935 2102 et
957 2048 1066 2103 eonius

139 2127 361 2207 praescriptum
385 2125 450 2186 eius
472 2123 636 2204 quidquem
659 2125 691 2184 in
714 2125 810 2186 saeris
832 2126 1012 2205 innovatur,
1035 2131 1066 2187 et

138 2231 227 2271 snum
250 2211 421 2270 institutum
445 2214 620 2281 evacuetur,
642 2206 693 2269 ubi
716 2209 827 2289 impius
841 2209 946 2271 thnu
967 2208 1064 2271 altere

138 2313 261 2355 aereum
285 2298 383 2354 mutet
403 2293 434 2351 in
456 2290 651 2371 horologium
675 2297 705 2351 et
727 2292 823 2354 nitore
845 2292 988 2354 Damasei
1010 2313 1064 2373 po·

138 2378 183 2437 nit
204 2379 235 2438 in
261 2376 408 2457 templum
433 2375 566 2451 Domini.
687 2450 693 2460 ‚

219 2460 296 2520 Tale
318 2466 365 2520 est
386 2457 469 2538 qnod
489 2457 589 2537 egitur
609 2457 640 2516 in
664 2457 819 2536 episeopis
841 2459 906 2519 istis
919 2459 1063 2539 gloriosis

137 2543 342 2622 stimulatis,
367 2560 445 2621 quos
469 2546 585 2601 tentum
609 2538 716 2616 abest,
739 2546 773 2600 ut
794 2539 877 2602 Deus
903 2549 1063 2623 ognosost‚

137 2631 171 2687 ut
192 2627 306 2689 nulium
330 2644 427 2706 genus
445 2624 603 2685 hominum
627 2622 657 2682 in
671 2629 751 2683 terre
774 2623 897 2686 divinoe
910 2627 1063 2688 maiestati

136 2711 237 2791 magis
260 2710 421 2771 adversum
440 2727 508 2769 esse
532 2705 640 2787 possit.
675 2705 745 2767 Non
768 2707 850 2768 euim
872 2707 974 2769 solum
988 2710 1064 2770 uitro

137 2794 194 2855 Dei
216 2795 447 2875 prsesoriptum,
471 2790 524 2850 sed
547 2794 577 2850 et
597 2788 713 2850 directe
726 2795 833 2851 eontra
845 2790 946 2852 Deum
970 2793 1064 2854 ereoti

136 2883 209 2937 sunt
230 2883 261 2937 et
281 2882 421 2958 regnant,
444 2873 526 2954 quod
550 2878 581 2933 et
602 2871 761 2934 evidenter
789 2881 821 2935 et
841 2875 955 2936 inviote
977 2895 1065 2937 mon·

136 2961 241 3022 strsbo
265 2961 324 3035 iis,
348 2960 398 3040 qui
421 2958 598 3037 Scriptnrue
621 2955 757 3021 eredunt.
800 2954 881 3019 Nam
901 2959 976 3040 ipsis
998 2957 1062 3021 ido·

136 3043 198 3116 lis,
233 3044 283 3123 qui
316 3042 502 3123 fleriptursm
533 3045 662 3119 negent,
693 3041 755 3100 suis
783 3046 900 3103 tuntum
923 3043 1063 3104 Deoretis

135 3127 274 3204 eredunt,
298 3123 548 3187 nihilverisimile
571 3123 695 3198 dixeris,
717 3124 776 3184 nisi
790 3125 959 3205 mendacin,
982 3145 1063 3207 quos
1142 3192 1145 3198 ,

134 3212 166 3271 in
190 3209 334 3272 cordibus
358 3228 464 3270 eorum
486 3213 654 3287 versantur,
677 3205 774 3270 dions.

135 3335 367 3402 Antithesis
390 3336 667 3483 episcoporum
690 3333 844 3402 Christi
877 3341 917 3400 et
939 3355 1062 3402 saner·

367 3418 501 3484 dotum
557 3416 828 3506 epistioorum.

217 3551 330 3611 Paulus
353 3548 426 3609 dieit
447 3549 504 3611 Tit.
530 3551 561 3612 t:
593 3548 689 3608 Huius
722 3550 823 3630 gretie
844 3549 953 3630 reliqui
975 3554 1006 3610 te
1027 3550 1060 3611 in

135 3632 270 3696 Gundio¹
282 3636 306 3710 )‚
329 3639 362 3694 ut
383 3631 502 3712 reliquo
522 3630 657 3711 periente
672 3632 818 3714 corrigas,
837 3639 869 3695 st
890 3633 1061 3695 eonstituns

135 3743 394 3755 ...e—ffl—

212 3797 243 3869 1)
264 3798 294 3852 In
312 3797 356 3857 ed.
376 3798 448 3854 len:
470 3793 561 3864 (treta,
