2392 4170
301 286 412 343 Bullam
431 287 519 344 Leon.
539 289 576 346 X.
597 288 720 345 damnat.
741 306 765 346 a.
788 274 867 351 1520.
1004 292 1066 359 163

150 442 335 585 ittprpretari,
356 443 411 503 sed
436 462 490 524 per
512 463 545 504 se
568 446 666 526 ipsam
690 449 721 504 et
742 462 799 505 suo
814 447 923 527 spiritu
935 446 1064 528 intelligi

92 552 97 583 r
149 538 214 588 too.

195 608 347 689 loquare,
358 628 399 669 ne
408 610 488 670 iuste
499 610 661 671 videantur
675 610 847 691 vociferari,
858 611 1063 692 praeclarissi-

150 710 214 751 num
238 691 417 774 exemplum
440 692 541 754 habeo
564 694 741 774 Augustini,
763 711 854 774 quem
868 696 990 776 saepius
1013 695 1063 757 ad.-

150 772 218 853 dnri,
239 777 357 855 etquis
378 775 471 836 surda
494 795 563 836 eum
586 796 659 837 aure
681 782 849 854 transeunt,
873 796 926 838 sae
949 779 997 837 ius
1020 781 1062 838 in·

151 856 255 918 calcare
275 865 410 943 oportet,
431 859 483 920 ubi
506 859 579 922 dicit
600 863 631 920 in
646 859 777 941 epistola
799 860 838 921 ad
861 861 898 922 D.
941 862 1061 941 ierony-

153 942 228 1002 nutr:
270 940 341 1021 Ego
369 942 443 1002 solis
466 942 510 1002 eis
539 942 639 1022 libris,
667 944 717 1023 qui
747 944 890 1004 canonici
913 943 1063 1020 dicuntur,

154 1030 206 1084 tm
226 1023 345 1085 deterre
366 1025 517 1087 honorem
540 1020 641 1103 didici,
664 1024 824 1086 utnullum
840 1034 945 1087 eorum
969 1026 1062 1107 scrip·

155 1112 235 1167 tarem
255 1116 375 1169 arram
395 1104 522 1173 firmiter
544 1109 679 1189 credam,
695 1116 814 1170 ceteros
828 1124 912 1189 vero,
935 1116 1063 1188 quanta-

92 1208 94 1257 ;
155 1186 211 1249 lta
237 1190 401 1252 sanctitate
429 1190 629 1272 doctrinaque
660 1191 890 1272 praepolleant,
912 1193 956 1251 ita
978 1192 1059 1272 le'go,

156 1278 252 1334 rtn'on
272 1270 344 1335 ideo
367 1292 472 1335 verum
497 1275 633 1354 credam,
655 1276 727 1355 quia
742 1276 801 1356 ipsi
823 1276 868 1335 sic
890 1280 1063 1352 senserunt,

92 1360 101 1370 '
157 1354 195 1415 ssd
213 1357 236 1416 si
249 1374 304 1438 per
320 1359 487 1418 canonicas
500 1357 673 1439 Scripturas
696 1365 749 1419 aut
770 1359 889 1418 ratio'ne
912 1356 1063 1438 probabili

92 1458 95 1465 ·
161 1437 217 1498 dili
234 1439 425 1521 persuadere
441 1448 614 1523 potuerunt.
659 1441 721 1502 Cur
741 1459 803 1501 non
827 1447 858 1500 et
870 1440 1062 1521 huncAugu·

92 1590 101 1605 ,
162 1521 252 1583 dnum
274 1525 470 1604 arrogantiae
492 1524 646 1606 arguunt?
667 1526 718 1604 qui
740 1541 865 1605 prorsus
893 1540 1002 1584 omnes
1024 1523 1062 1583 ad

161 1618 233 1665 mum
254 1612 437 1668 tractatores
460 1607 635 1690 Scripturae
658 1614 856 1668 contemnere
868 1605 970 1685 audet,
992 1602 1064 1686 irua-

94 1742 101 1747 .
160 1688 227 1749 ltunt
238 1687 403 1770 Scripturis
421 1696 452 1751 et
473 1691 642 1752 rationibus
654 1694 715 1751 no'n
732 1691 917 1772 persuadent
931 1691 1062 1751 etnobis

92 1826 96 1834 .
158 1766 219 1832 iiim
236 1772 410 1834 iaciendum
432 1773 525 1835 docet
554 1774 606 1838 lib.
628 1772 656 1839 3.
684 1773 722 1833 de
744 1772 891 1834 Trinitatis
937 1772 1058 1833 dicens:

158 1848 210 1914 lali
229 1856 304 1916 meis
328 1856 425 1917 literis
447 1857 532 1918 velut
548 1858 706 1919 canonicis
728 1856 876 1917 inservire
898 1862 956 1917 etc.

92 1922 107 1964 ⁵
217 1938 256 1999 m
275 1938 412 2001 Hilarius
434 1939 482 2001 iel
504 1941 583 2001 inter
604 1942 720 2024 primos
742 1938 866 2000 Pa'trum
888 1940 919 1999 in
942 1944 999 1998 stro
1022 1937 1061 2000 de

100 2074 103 2081 .
158 2014 283 2084 nnete
306 2021 358 2086 lib.
383 2027 410 2086 1.
434 2023 521 2084 dicit:
546 2023 688 2106 Optimus
701 2025 851 2105 interpret
866 2022 916 2083 hio
928 2024 984 2100 stt,
1009 2023 1061 2103 qui

156 2112 254 2166 amum
280 2124 298 2166 a
321 2105 478 2188 Scriptura
499 2108 601 2189 potius
630 2108 766 2168 retulerit
796 2112 887 2186 quam
918 2104 1061 2184 attulerit,

155 2192 195 2247 tec
213 2197 306 2270 cogat
326 2188 388 2250 hoc
408 2190 439 2249 in
464 2190 551 2251 dictis
565 2197 744 2252 contentum
757 2190 863 2265 videri,
887 2189 970 2268 quod
989 2197 1061 2249 ante

155 2266 365 2354 intelligentiam
389 2271 500 2334 dooere
522 2275 747 2355 praesumserit.
769 2273 853 2334 Ecce
866 2270 916 2333 llic
932 2273 1060 2353 insigliis

103 2422 106 2427 ,
155 2356 221 2416 iiior
239 2355 321 2432 vult,
344 2354 537 2437 ascripturis
560 2358 683 2435 referri,
706 2376 767 2417 non
791 2356 893 2418 afferri
915 2356 946 2416 in
960 2354 1060 2436 Scrip-

92 2420 100 2537 Γ
156 2438 215 2499 luis
234 2439 483 2520 intelligentiam.
506 2440 575 2501 Nou
598 2459 672 2522 ergo
694 2441 755 2501 hoc
777 2450 823 2500 est
846 2439 1001 2500 elucidare
1015 2440 1061 2498 ia·

94 2584 97 2589 ,
155 2518 276 2597 uanam
309 2521 367 2597 (de
390 2532 452 2602 q'uo
474 2523 683 2604 gloriantur),
706 2522 801 2583 multa
823 2522 946 2583 Patrum
979 2522 1060 2582 dicta

92 2598 97 2663 l
153 2618 300 2687 congerere
323 2613 354 2666 et
383 2625 423 2666 ex
444 2607 481 2666 iis
505 2602 691 2688 scripturam
721 2606 907 2666 intellectam
937 2610 1059 2687 praesd-

147 2696 223 2770 nere,
245 2688 302 2751 sed
326 2708 345 2749 e
366 2688 523 2771 Scriptura
544 2690 748 2772 intelligentia
770 2690 868 2769 relata
891 2695 920 2749 et
942 2700 997 2770 p'er
1013 2689 1058 2748 sni

145 2770 226 2833 sclina
248 2771 449 2834 collationem
472 2772 645 2854 elucidata,
668 2773 788 2834 illorum
812 2772 894 2832 dicta
915 2772 1059 2833 iudicare.

141 2849 183 2915 tic
203 2862 235 2917 et
255 2855 348 2917 beata
371 2857 457 2937 virgo
481 2857 658 2918 conterebat
680 2857 773 2918 verba
796 2856 900 2917 omnia
918 2857 950 2916 in‘
965 2854 1059 2917 c'or'de

140 2952 198 2999 sno.

213 3019 306 3098 Quod
329 3022 365 3101 si,
387 3029 420 3081 ut
441 3022 502 3083 hoc
525 3023 708 3084 auderemus
731 3030 762 3083 et
783 3022 975 3103 deberemda,
998 3025 1059 3085 Au·

134 3106 272 3249 gpstinm
294 3110 326 3166 et
346 3104 479 3165 Hilarius
501 3106 614 3187 aliique
643 3126 705 3167 non
733 3106 925 3186 docuissent,
956 3104 1059 3170 nonde

173 3188 258 3249 ulum
280 3187 430 3250 habemus
458 3188 497 3248 ad
527 3188 818 3252 Thessalonicenses
852 3188 1054 3274 dicentem:

133 3268 242 3333 Omnia
276 3271 415 3352 probate,
448 3272 531 3352 quod
565 3273 677 3334 bonum
712 3282 757 3335 est
790 3281 904 3354 tenete,
937 3282 967 3336 et
999 3275 1058 3338 Ga-

133 3353 181 3418 lat.
217 3359 244 3419 1.
289 3354 410 3434 Siquis
442 3355 524 3416 aliud
559 3357 832 3441 evangelisaverit,
869 3356 990 3441 praeter
1016 3360 1058 3443 id,

131 3437 213 3519 qnod
239 3439 414 3519 accepistis,
429 3439 592 3500 anathema
607 3442 655 3519 sit,
670 3449 700 3500 et
712 3446 740 3504 1.
752 3440 859 3506 lohan.
882 3440 911 3506 4.
921 3445 963 3520 ¹):
986 3438 1058 3507 Pio-

131 3520 200 3583 bate
222 3521 358 3600 spiritus,
382 3529 480 3582 utrum
504 3542 544 3583 ex
566 3523 632 3584 Deo
655 3525 725 3586 sint.
749 3524 814 3586 Has
838 3533 920 3588 certe
934 3538 1056 3610 aposto·

180 3788 215 3858 ‘J
236 3790 253 3846 1
273 3789 369 3844 Thess.
388 3791 414 3845 5.
452 3791 484 3856 1)
505 3791 536 3844 In
555 3791 598 3845 ed.
617 3792 704 3862 orig:
721 3792 746 3848 3³.
775 3861 839 3931 w
