2392 4170
135 217 176 285 56
341 304 347 319 ,
399 222 440 279 De
460 222 540 293 capt
558 222 657 293 Babyl.
676 223 817 281 dadosius

135 378 229 438 tuisse
266 384 296 439 et
323 379 387 438 eius
422 379 612 457 perseverari
645 380 739 440 virtus
773 386 804 441 et
831 380 948 462 gloria,
985 401 1060 462 prae

135 462 295 543 tyrannide
324 463 472 522 avaritiae
505 471 535 522 et
564 463 804 542 superstitionis,
838 483 919 544 quae
956 465 1062 527 omnia

136 545 239 606 divina
268 545 357 607 nobis
390 545 608 625 supplantavit,
664 547 836 615 Invenisset
869 548 934 609 aine
967 548 1061 609 dubio

135 636 166 690 et
186 628 236 690 hie
256 630 418 710 prudentia
445 631 545 688 narnis
574 649 645 690 suas
672 632 925 710 praeparationes
948 639 977 691 et
999 631 1062 712 dig-

133 713 255 782 nitates,
278 712 388 774 deinde
409 714 644 790 reservationes,
666 716 884 788 restrictiones,
901 723 931 775 et
954 717 978 775 si
1001 734 1061 795 qua

134 804 205 857 sunt
238 796 348 856 similia
379 797 456 856 retia
487 797 701 876 pecuniarum,
736 798 845 877 quibus
884 818 964 878 aqua
999 818 1061 860 nou

136 880 233 954 vilior,
257 899 348 960 quam
371 898 452 939 nune
474 879 670 941 membranae
693 880 883 944 venderetur.

217 963 347 1042 Verum,
370 961 421 1022 ubi
444 963 585 1023 virtutem
609 964 748 1043 baptismi
772 966 802 1024 in
833 963 967 1045 parvulis
999 983 1062 1024 non

133 1047 234 1126 putuit
261 1054 348 1106 satan
378 1047 589 1129 exstipguere,
620 1048 791 1127 praevaluit
822 1055 941 1123 tamen,
970 1054 1002 1106 ut
1032 1050 1062 1107 in

136 1129 278 1191 omnibus
302 1129 413 1190 adultis
436 1131 653 1210 exstingueret,
676 1139 709 1189 ut
731 1133 790 1190 iam
812 1132 875 1191 iere
898 1149 989 1190 nemo
1012 1134 1062 1207 sit,

135 1213 185 1292 qui
214 1232 283 1274 sese
315 1213 501 1293 baptisatam
538 1213 729 1287 recordetur,
766 1214 877 1275 nedum
906 1214 1063 1294 glorietur,

134 1303 181 1358 tot
202 1298 329 1378 repertis
351 1297 419 1357 aliis
448 1298 505 1357 viis
526 1297 778 1362 remittendorum
800 1304 999 1378 peecatorum
1032 1307 1063 1358 et

132 1381 164 1441 in
188 1379 308 1441 eoelum
331 1379 482 1443 veniendi.
527 1380 668 1440 Praebuit
680 1380 727 1441 his
751 1381 946 1461 opinionibus
970 1400 1063 1443 neos·

133 1464 251 1524 sionem
286 1463 411 1551 verbum
439 1463 512 1525 illud
541 1463 746 1543 periculosum
780 1464 841 1525 divi
873 1464 1063 1546 Hieronymi,

134 1548 199 1607 sive
221 1547 302 1608 male
323 1549 467 1629 positum,
490 1547 555 1607 sive
577 1546 657 1607 male
678 1548 883 1622 intellectum,
905 1567 967 1626 quo
990 1567 1064 1627 poe·

134 1632 293 1692 nitentium
317 1630 453 1711 appellat
483 1630 649 1691 secundam
672 1639 743 1710 post
764 1629 955 1710 naufragium
978 1630 1063 1691 tabu-

134 1713 212 1785 lam,
245 1715 333 1793 quasi
366 1712 537 1792 baptismus
566 1732 627 1773 non
658 1715 696 1773 sit
726 1715 925 1794 poenitentia,
983 1713 1064 1775 Hine

134 1798 225 1874 enim,
248 1796 350 1859 nbiin
373 1803 535 1876 peecatum
557 1796 634 1875 lapsi
652 1795 771 1874 fuerint,
794 1796 832 1857 de
847 1798 944 1877 prima
957 1796 1063 1858 tabula

134 1899 189 1942 seu
209 1899 288 1941 nare
311 1879 510 1958 desperantes
532 1880 615 1939 velut
627 1881 748 1957 amissa,
772 1879 927 1941 senundae
943 1887 1062 1941 tantum

133 1964 283 2043 incipiunt
304 1963 359 2023 niti
379 1970 410 2022 et
432 1961 527 2022 fidere
548 1961 687 2041 tabulae,
709 1963 739 2022 id
762 1971 822 2042 est,
845 1964 1064 2045 poenitentiae.

134 2045 214 2107 Hine
235 2053 308 2107 nata
330 2052 400 2106 sunt
421 2053 572 2122 votorum,
595 2045 795 2125 religionum,
818 2066 955 2126 operum,
977 2048 1065 2107 satia·

135 2128 320 2204 factionum,
341 2129 639 2208 peregrinationum,
662 2128 934 2208 indulgentiarum,
964 2136 1064 2191 senta·

135 2231 201 2272 rum
223 2211 343 2273 inlinita
363 2211 415 2272 illa
437 2230 542 2284 onera,
564 2218 594 2271 et
611 2211 649 2271 de
670 2213 708 2272 iis
732 2214 827 2273 maria
841 2212 893 2272 illa
906 2211 1063 2290 librorum,

136 2295 366 2375 quaestionum,
401 2295 598 2375 opinionum,
625 2294 821 2355 traditionum
850 2296 1063 2374 humanarum,

134 2397 211 2457 quas
234 2383 316 2438 totus
339 2376 469 2438 mundus
491 2379 551 2439 iam
574 2397 636 2438 uon
661 2379 758 2458 eupit,
782 2385 814 2439 ut
836 2378 1062 2459 ineomparabi-

135 2459 201 2521 liter
223 2463 310 2541 peius
333 2460 426 2522 habet
447 2461 609 2521 eeclesiam
632 2461 689 2522 Dei
718 2481 756 2521 ea
786 2463 939 2542 tyrannis,
970 2481 1062 2542 quam

135 2563 268 2622 unquam
290 2543 397 2606 habuit
417 2563 609 2624 synagogam
638 2550 691 2604 aut
712 2544 803 2605 ullam
827 2546 983 2606 nationem
1007 2543 1063 2606 sub

136 2626 236 2689 eaelo.

217 2709 259 2770 At
280 2709 458 2790 pontificum
481 2714 547 2770 erat
567 2709 644 2770 haee
667 2711 770 2770 omnia
793 2711 911 2790 tollere,
933 2715 964 2771 et
979 2709 1064 2771 ctri-

133 2794 250 2854 stianus
274 2793 357 2853 omni
380 2811 453 2853 eura
475 2791 514 2852 ad
525 2793 731 2853 sinceritatem
743 2793 886 2874 baptismi
904 2812 1062 2870 revocare,

133 2894 194 2955 quo
224 2875 428 2954 intelligerent
456 2875 528 2954 quid
557 2883 674 2954 essent,
702 2882 733 2935 et
760 2875 831 2955 quid
855 2875 956 2937 faeere
979 2875 1063 2939 chri-

132 2959 250 3020 stianos
273 2965 424 3037 oporteat.
479 2959 591 3018 Verum
621 2978 714 3035 unum
748 2965 795 3019 est
831 2959 923 3021 bodie
955 2979 1062 3021 eorum

134 3041 280 3118 officium,
303 3042 435 3121 populos
459 3061 550 3121 quam
573 3041 752 3121 longissime
774 3041 926 3104 abdnoere
948 3062 966 3103 a
989 3043 1061 3125 bap

36 3142 48 3155 “
133 3125 240 3204 tismn',
264 3130 294 3184 et
317 3123 431 3185 diluvio
454 3124 623 3205 tyrannidis
645 3143 720 3185 suae
743 3144 850 3186 omnes
871 3128 1063 3206 immergere,

133 3214 162 3267 et
190 3207 308 3285 faeere,
340 3215 373 3266 ut
400 3207 532 3288 populus
557 3207 666 3267 Christi
701 3207 797 3288 (sieut
826 3208 978 3288 propheta
999 3209 1058 3283 ait)

133 3289 332 3351 obliviscatur
354 3292 418 3351 eins
445 3291 476 3350 in
499 3297 691 3370 perpetuum.
735 3290 919 3352 Oiulelioes
942 3310 1062 3372 omnes,

131 3374 183 3452 qui
213 3373 306 3434 hodie
336 3372 514 3452 pontificum
544 3373 668 3433 nomine
702 3379 881 3450 censentur,
918 3375 968 3453 qui
999 3393 1060 3436 non

132 3456 225 3517 modo
251 3456 323 3517 nihil
347 3457 446 3516 sciunt
468 3475 526 3516 nea
547 3456 671 3533 faciunt,
693 3456 775 3536 quod
788 3456 949 3536 puntiiioes
963 3456 1061 3536 deaet,

131 3539 187 3600 sed
210 3540 355 3620 ignorant
376 3557 509 3619 quoque,
532 3538 603 3618 quid
616 3541 695 3600 seire
717 3548 747 3600 et
769 3539 869 3601 faeere
892 3558 946 3600 eus
970 3559 1061 3621 opor

132 3629 203 3684 teat.
248 3623 288 3683 Et
316 3622 446 3701 implent
471 3621 545 3683 iilud
574 3623 645 3685 Elea.
666 3626 720 3688 56:
749 3622 966 3704 Speoulatores
995 3625 1060 3686 eius

130 3706 214 3768 saeui
238 3724 356 3785 omnes,
377 3705 553 3769 nesoisrunt
570 3707 713 3784 universi,
736 3707 794 3787 ipsi
809 3712 950 3787 pastores
972 3707 1058 3789 igno-
