2392 4170
153 245 218 315 270
463 243 506 304 Da
524 242 596 304 notia
616 240 775 305 monaatioio

153 419 342 500 apostasiam
371 424 402 478 et
437 416 475 477 ad
506 417 668 494 thaam)
701 428 861 482 memorat.
929 417 987 480 Ubi
1029 425 1078 480 eat

154 509 257 563 autem
281 501 429 561 diaoeeaio
455 502 516 561 ieta
543 502 600 560 niai
629 502 680 563 ubi
702 502 862 584 adopera
882 504 957 582 itur,
985 510 1021 563 et'
1044 502 1076 563 tu

155 584 301 666 operibus
322 583 470 663 tribuitur,
492 583 576 666 quod
596 583 670 646 fidei
692 586 760 648 eat?

237 665 464 748 interrogemus
487 686 568 727 nono
589 684 696 730 omnen
719 670 855 731 votarioo
883 669 977 745 iatoe,
1014 686 1077 747 qna

156 752 303 831 opinione
326 757 469 815 voveant.
513 751 553 810 Et
573 751 712 812 invenies
745 771 801 813 eoe
833 753 893 813 lrao
925 752 1076 830 opinione

154 834 249 913 impia
271 852 444 913 poaeessoe,
468 833 549 912 quod
572 835 755 897 arbitrentur
776 837 907 916 gratiam
929 834 1075 914 baptismi

152 918 266 978 irritam
289 916 414 993 factam,
437 926 470 976 et
488 918 549 977 iam
573 917 709 979 seonnda
732 918 837 979 tabula
863 918 1077 998 poenitentiae

153 1001 343 1079 naufragium
367 998 557 1064 evadendum
581 1021 659 1074 eoae,
682 1001 753 1061 ideo
777 999 985 1080 quaerendum
1019 1020 1076 1081 per

154 1086 288 1143 votivum
312 1082 432 1143 vivendi
455 1102 551 1164 genos
573 1104 635 1146 non
659 1084 770 1160 solum,
794 1082 921 1145 utboni
944 1081 1020 1143 flant
1042 1091 1076 1148 et

150 1174 280 1246 peonata
302 1164 439 1247 deleant,
469 1166 522 1226 aed
546 1169 638 1228 etiam
660 1167 867 1229 abundantius
894 1167 1077 1248 poeniteant

151 1259 181 1310 et
203 1251 323 1310 oeterie
341 1250 519 1310 Christianis
548 1250 691 1312 meliores
719 1250 803 1312 fiant.
854 1249 939 1311 Haeo
967 1251 1076 1311 omnia

151 1333 222 1394 illoe
244 1352 390 1413 quaerere
411 1335 441 1393 in
464 1334 608 1413 operibns
631 1343 662 1395 et
685 1335 781 1415 votis,
803 1341 834 1393 et
856 1352 917 1394 noo
940 1333 970 1392 in
995 1331 1069 1412 lide,

151 1417 351 1476 oertieeimum
374 1424 430 1497 eet,
453 1418 539 1476 testie
564 1425 611 1477 eet
633 1437 738 1478 eorum
766 1430 838 1494 vox,
868 1416 919 1476 ubi
948 1415 1072 1480 dieunt:

86 1518 89 1523 ’
149 1498 181 1561 Si
202 1500 281 1563 haee
304 1519 364 1560 non
388 1518 565 1579 quaererem
587 1519 646 1560 neo
666 1501 852 1577 invenirem,
879 1498 950 1579 quid
975 1516 1068 1578 quae·

149 1602 247 1644 rerem
269 1585 299 1643 in
331 1583 539 1644 monasterio?
572 1582 645 1663 quid
677 1582 870 1646 laborarem?
916 1582 948 1644 Si
983 1584 1068 1643 eninr
1120 1604 1124 1615 ·

148 1668 271 1743 eoirent,
294 1665 363 1729 oola
384 1665 445 1726 lide
465 1666 543 1727 haeo
574 1668 722 1748 praestari
750 1673 781 1727 et
814 1667 932 1747 aooipi,
964 1667 1071 1744 utique

149 1750 307 1810 inferrent:
337 1747 417 1825 Quid
439 1768 514 1830 ergo
537 1768 665 1812 neeesse
688 1755 735 1811 eet
756 1768 870 1811 vovere
901 1756 929 1809 et
962 1766 1070 1809 mona·

148 1834 238 1894 ohnm
262 1832 350 1893 fieri?
371 1829 480 1894 Statim
504 1835 584 1894 enim
606 1831 792 1914 superfluum
816 1841 847 1893 et
869 1851 930 1893 non
959 1850 1070 1893 nenes-

147 1920 259 1978 earium
282 1935 352 1976 eoae
374 1916 434 1976 hoo
455 1917 536 1977 vitae
557 1936 654 1998 genoe
686 1916 893 1996 intelligerent
930 1923 992 1975 tam
1028 1917 1068 1976 ad

146 2001 290 2062 iustitiam
314 2019 405 2080 quam
427 1998 466 2060 ad
488 2000 712 2082 salntem,·imo
735 2018 847 2060 vanum
869 2007 899 2058 et
922 1997 1068 2059 adverae·

146 2085 232 2147 rium.
267 2083 366 2159 Quam
390 2083 518 2163 primurn
541 2082 613 2145 fidei
635 2084 763 2143 aoientia
779 2083 940 2160 revelatur,
963 2088 1070 2143 cetera

147 2170 250 2228 omnia
262 2187 323 2227 non
339 2169 513 2227 neoeoaaria
524 2167 563 2228 ad
576 2168 721 2227 iustitiam
744 2168 946 2227 inveniuntur.
981 2167 1022 2225 At
1041 2168 1068 2226 ai

146 2253 207 2312 hoo
228 2251 367 2329 ooieoent,
390 2270 543 2329 nunquam
568 2252 734 2330 vovissent,
753 2268 843 2310 nemo
866 2250 993 2310 enimin
1016 2253 1068 2309 via-

83 2354 88 2364 ·
148 2354 219 2395 num
243 2334 382 2394 laborare
405 2334 506 2413 vellet,
530 2336 663 2395 maxime
686 2340 773 2394 tanto
796 2335 889 2394 tot-ius
913 2335 994 2393 vitae
1024 2333 1065 2391 la·

147 2419 230 2491 bore.
264 2416 365 2493 Quare
381 2416 442 2477 hoo
457 2419 632 2479 testimonio
648 2418 880 2495 convineuntur,
902 2434 971 2475 sese
993 2414 1067 2476 ideo

148 2505 279 2581 vovisse,
302 2500 384 2580 quod
398 2503 532 2561 votivum
556 2501 616 2561 hon
638 2521 735 2580 genno
759 2503 840 2560 vitae
864 2499 936 2559 utile
959 2505 989 2559 et
1012 2519 1066 2560 ne·

146 2587 310 2646 oeeearium
336 2586 477 2644 duxerint
499 2583 538 2645 ad
561 2586 706 2645 iustitiam
737 2604 792 2644 eeu
823 2580 943 2644 bonam'
961 2584 1066 2662 vitam,

146 2671 207 2729 imo
232 2669 304 2729 nibil
325 2669 428 2729 utilius
451 2673 483 2728 et
505 2668 612 2728 melius
636 2667 785 2730 duxerint.
831 2669 871 2726 At
894 2687 931 2727 en
957 2668 1066 2745 opinio

147 2762 194 2814 est
215 2753 317 2832 impia,
341 2751 501 2832 sacrilega,
524 2752 699 2812 adversaria
721 2750 801 2827 fidet,
825 2769 904 2830 quae
925 2750 993 2809 sola
1014 2769 1065 2811 na·

146 2838 281 2897 cessaria
303 2842 334 2895 et
355 2834 446 2912 utilis,
468 2835 603 2915 nihilque
626 2855 663 2896 ea
686 2835 788 2896 utilius
811 2842 841 2894 et
856 2834 1065 2893 neceesarium

147 2922 243 3001 magia
267 2926 314 2980 est
336 2917 373 2979 ad
396 2919 553 2980 iustitiam.

155 3030 158 3035 ·
226 3002 261 3065 Id
285 3021 357 3063 vero
381 3001 476 3063 multo
498 3001 606 3063 fortius
629 3010 659 3061 et
682 3002 793 3062 oer'tius
815 2999 971 3060 oonvinoit
999 3019 1066 3082 eoo,

147 3106 207 3148 non
231 3086 293 3146 alia
316 3105 406 3165 quam
429 3085 487 3149 hac
508 3084 624 3146 infideli
647 3093 677 3145 et
702 3086 797 3165 impia
831 3085 977 3164 opinione
1012 3103 1065 3144 vo·

145 3189 216 3230 vere
238 3181 269 3228 et
292 3173 403 3248 vivere,
427 3169 508 3250 quod
531 3169 711 3250 principium
740 3167 884 3248 perfidiae
912 3185 985 3227 snae
1012 3186 1067 3247 pa·

144 3252 203 3313 lam
237 3252 350 3311 donent
378 3258 409 3312 et
430 3253 550 3332 dieunt,
573 3253 726 3312 hominem
750 3270 842 3331 posse
874 3250 936 3310 suia
965 3252 1066 3330 operi·

144 3335 200 3395 bno
223 3335 411 3396 naturalibus
433 3337 562 3414 gratiam
586 3343 616 3394 et
636 3336 846 3394 remissionem
864 3342 1064 3413 pennatorum

143 3412 291 3480 obtinere.
320 3410 385 3479 ‘Sin
407 3420 486 3479 enim
511 3419 633 3497 sapiunt
655 3437 779 3496 omnes,
812 3416 884 3477 ideo
915 3418 995 3477 enim
1034 3425 1066 3478 et

144 3510 267 3583 vovent,
292 3509 324 3562 ut
345 3501 405 3562 boo
429 3503 510 3563 vitae
531 3520 645 3582 genera
666 3503 795 3582 gratiam
817 3500 875 3561 Dei
894 3500 1065 3583 obtineant,

144 3700 553 3716 W

204 3800 236 3873 ⁸)
261 3802 285 3861 2.
306 3793 430 3858 Thesea.
448 3797 478 3857 2.
