2392 4170
383 253 390 266 ⁸
411 275 449 338 ds
467 277 495 338 S.
516 281 783 341 suauissimus.
1001 282 1063 352 451

137 459 271 535 vocant)
296 461 471 533 senserunt,
503 456 621 516 eunetis
642 461 724 517 vitae
752 474 827 518 suae
854 455 961 518 diebrrs
983 459 1065 519 niatu

139 546 169 602 et
191 542 303 601 amiotu
324 541 448 602 aluntur
468 541 610 620 gratuito,
634 546 760 619 propter
778 541 924 621 pietatem
938 540 1062 603 onini-

139 643 229 684 anam
252 625 326 686 oitra
348 641 551 704 expensarum
569 622 766 687 refusionem.
810 623 956 700 illuceat,
981 625 1062 704 quod
1099 623 1102 628 ’

139 709 303 786 quotannis
326 708 391 769 eius
414 705 539 766 nomine
553 707 738 790 quaestuarii
758 724 812 786 per
834 706 948 788 oppida
971 726 1061 790 quaa·
1108 783 1110 787 ¹

139 791 208 850 dam
232 797 262 852 et
294 792 364 852 loos
400 797 557 867 totamque
578 789 841 850 Christianitutem
875 793 961 868 quasi
985 792 1063 852 eles—

139 893 285 954 mosynas
307 878 337 935 iu
360 891 528 956 pauperum
552 872 717 933 subsidium
742 873 901 952 coliigunt,
926 875 955 934 id
979 875 1061 955 quod

137 957 240 1038 palam
263 964 321 1027 est.
365 957 452 1018 Vale.

539 1134 659 1201 Iesus.

137 1292 348 1354 Dominioa
370 1291 487 1368 Quasi
509 1291 623 1353 modo
640 1291 1062 1370 genitiOhristianissi-

137 1396 203 1436 mus
227 1376 502 1438 Dootorlilartinus
523 1374 681 1451 liutherus,
694 1373 902 1455 Euangelioae
925 1380 1061 1439 veritatis

134 1467 330 1536 restaurator,
352 1461 382 1519 in
405 1459 541 1519 lavarem
563 1457 712 1538 Prinoipis
732 1457 894 1539 Friderioi,
919 1478 976 1522 neo
997 1479 1060 1523 nou

135 1543 259 1604 Domini
281 1543 427 1604 Dootoris
440 1540 632 1602 Reisenbaoh
647 1539 684 1620 ¹),
698 1541 909 1621 Praeceptoris
931 1545 962 1603 iu
976 1543 1061 1605 Lich-

134 1627 271 1707 maheng,
293 1622 482 1708 praedicavit
502 1623 584 1685 huno
605 1622 784 1686 Sermonem
807 1624 846 1685 ds
868 1624 898 1691 S.
913 1629 1059 1710 Antonio,

238 1727 299 1788 qua
319 1708 429 1769 festum
450 1706 652 1769 dedioationis
674 1707 728 1768 illo
753 1707 802 1768 die
825 1708 949 1773 ibidem.

216 1874 383 1935 Laetamini
405 1875 436 1934 in
459 1871 595 1937 Domino
618 1879 649 1934 et
669 1873 823 1935 exsultate
843 1876 924 1955 iusti,
947 1875 1059 1941 Psalm.

133 1961 182 2024 32.
226 1957 390 2033 Exsultent
421 1959 492 2019 iusti
526 1959 557 2018 in
594 1967 760 2037 oonspsotu
783 1957 854 2040 Dei,
877 1958 987 2023 Psalm.
1012 1961 1059 2025 68.

133 2042 294 2104 Exsultats
322 2043 393 2103 iusti
419 2043 450 2103 iu
474 2042 624 2120 Domino,
647 2039 759 2106 Psalm.
783 2043 832 2106 33.
876 2039 1059 2104 Senatorum
1175 2076 1179 2083 ·

132 2128 209 2186 vitas
231 2126 348 2208 populo
370 2123 594 2208 praedicandas
617 2123 709 2187 donet
729 2122 842 2186 Paulus
865 2123 904 2187 ad
928 2122 1058 2189 Hebros.

136 2213 183 2270 11.
206 2211 312 2287 sapit,
342 2208 393 2270 ubi
415 2209 511 2270 multa
530 2206 657 2270 Petrum
687 2209 831 2290 exempla
852 2212 997 2290 proponit
1019 2210 1058 2271 ad

133 2290 223 2350 tidem
241 2293 271 2351 in
295 2291 394 2352 Deum
417 2291 658 2370 provooaudam,
679 2298 714 2352 ut
734 2292 872 2354 Christus
894 2291 1004 2356 Matth.
1019 2295 1060 2359 22

132 2373 266 2455 invitatis
288 2372 327 2434 ad
349 2375 471 2455 nuptias
495 2373 584 2437 dioit:
624 2374 716 2434 Tauri
739 2377 798 2436 mei
820 2384 852 2436 et
873 2377 969 2437 altilia
990 2398 1060 2439 mea

134 2459 236 2518 oooisa
258 2465 337 2531 suut,
359 2456 390 2518 id
412 2464 472 2536 est,
496 2458 594 2518 saneti
616 2456 722 2517 Patres
746 2457 784 2518 ad
807 2461 944 2539 gentium
966 2459 1057 2522 iidem

133 2550 164 2602 et
187 2559 304 2602 morum
336 2538 613 2623 praedicationem,
644 2545 675 2600 et
695 2539 884 2620 Augustinus
907 2541 957 2604 lib.
982 2562 1059 2605 oon·

133 2626 203 2689 less.
227 2625 390 2687 confitetur
411 2643 445 2686 se
467 2624 616 2704 exemplis
638 2621 822 2685 Sanctorum
851 2624 961 2686 auditis
985 2644 1060 2687 oon·
1119 2688 1121 2693 .

134 2728 265 2791 versum,
289 2708 427 2789 allegans
449 2706 523 2768 illud
540 2706 651 2772 Psalm.
667 2708 743 2772 120:
767 2707 903 2788 Sagittae
924 2711 1059 2790 potentis

133 2799 241 2854 acutae
263 2811 332 2853 oum
355 2790 537 2853 carbonibus
561 2790 769 2868 desolatoriis,
798 2800 828 2851 et
853 2797 975 2853 vastant
996 2812 1058 2854 om-

133 2892 203 2936 nem
225 2877 425 2957 impietatem.
468 2874 536 2936 Hoo
564 2883 611 2935 est
632 2874 758 2936 verbum
780 2875 838 2936 Dei
862 2890 930 2936 oum
954 2875 1059 2938 exemss

133 2959 191 3041 plis
227 2957 418 3020 Senatorum.
461 2957 564 3021 Primo
594 2958 716 3039 quidem
752 2956 930 3020 desolantur
959 2960 1060 3039 malae

132 3040 330 3124 cupiditates,
361 3049 579 3107 convertuntur
614 3041 732 3104 fortiter
763 3049 954 3125 pensatores.
998 3040 1057 3104 Ex-

131 3126 234 3269 pmpflla
257 3125 440 3269 Sanctoruup
461 3125 515 3187 illa
536 3131 609 3271 sunbt
627 3124 764 3225 utiliora!
784 3127 815 3186 in
836 3125 948 3225 'quibus
972 3126 1059 3208 plura

131 3209 393 3372 qdiadlldeduddl
424 3209 1058 3374 pliodpdtnddsoedstadldrlrodhdpdldffmddrd

131 3394 151 3437 o
174 3395 228 3438 era
248 3375 313 3438 fleri
336 3385 468 3457 possunt
487 3377 609 3457 saepius
622 3377 689 3437 sins
710 3375 779 3442 ilde.
824 3374 964 3440 Christus
978 3380 1058 3439 enim

163 3459 237 3523 atth.
259 3459 301 3526 24
332 3458 487 3540 praedixit
508 3459 641 3539 tuturos,
672 3461 724 3539 qui
752 3459 894 3542 prodigia
917 3468 948 3522 st
970 3462 1068 3544 sigua.

132 3542 230 3606 daturi
252 3551 338 3622 suut,
371 3544 455 3604 utin
478 3542 764 3621 asserendorum,
796 3544 822 3605 si
855 3542 920 3607 fleri
942 3550 1058 3627 posset,

204 3809 235 3877 1)
258 3778 443 3866 laodien:
464 3806 662 3864 Reissubusoh.

772 3877 839 3944 ta*
