2392 4170
444 261 564 321 Adriani
581 263 677 334 Papae
695 264 744 322 VI.
990 260 1056 333 469

134 433 299 500 delendam
319 434 417 517 pareti
438 434 557 515 forent,
578 436 628 516 qui
651 434 748 498 libros
769 435 835 497 eius
857 435 985 514 eiusque
1001 453 1055 497 see

134 520 277 602 queoium
300 520 426 581 omnino
447 519 744 600 pernieiosissimos,
779 537 900 581 veneno
934 518 1055 600 plenos,¹

135 602 307 667 maledielis
339 601 564 686 redundantes,
598 603 768 683 epuroitiis,
810 601 1056 681 eourrilitetibne,

133 684 397 766 eontentionibue‚
442 684 696 748 amaritudinibus
739 685 852 767 ubique
888 691 1055 764 enatantes,

135 772 227 833 etiem
248 775 412 851 postquam
446 770 477 832 in
511 771 572 830 vim
603 770 776 832 sententioe
801 768 1003 850 Apostolleee
1020 769 1052 847 ι)

136 861 168 917 et
188 853 357 935 imperialis
381 851 471 914 edieti
494 871 588 934 saepe
612 855 643 914 in
666 852 804 934 pluribus
825 852 903 914 loeis
925 870 1056 914 uenere·

135 939 210 1000 meti
232 942 312 1016 sunt,
334 937 472 999 oertotim
495 943 649 1015 emerent,
671 935 761 998 avide
781 935 937 1017 legerent,
961 933 1055 998 libem

135 1028 182 1085 ter
202 1019 352 1083 audirent.
421 1056 424 1061 Δ
495 1058 498 1063 <
565 1072 568 1077 ,
697 1086 700 1092 ,
881 1070 884 1075 .

219 1104 295 1167 Cum
317 1109 421 1165 tamen
443 1102 491 1163 vel
513 1120 554 1165 ex
576 1101 637 1163 hoo
658 1103 743 1183 ipso,
776 1101 864 1183 quod>
882 1100 1056 1165 huiusmodi

135 1193 217 1269 sunt,
238 1186 345 1268 quales
367 1184 462 1248 modo
486 1183 628 1262 diximus,
650 1184 792 1247 omnibus
812 1186 923 1248 rationi
945 1193 976 1247 et
997 1185 1057 1266 spi·

134 1272 203 1333 ritui
225 1270 283 1333 Dei
318 1269 368 1332 vel
390 1268 548 1351 paululum
570 1269 814 1332 nusoultantibus
835 1268 927 1331 fenile
948 1268 1057 1331 fuisset

134 1354 317 1435 intelligere,
339 1352 470 1415 eundem
489 1353 627 1433 spiritum
646 1353 713 1432 Dei,
728 1372 865 1431 suavem,
879 1350 1056 1433 benignum,

136 1439 251 1518 mitem,
273 1436 411 1498 veritatis
427 1440 463 1498 ,et
482 1437 569 1517 peois
579 1442 751 1499 amatorem
768 1442 800 1498 et
814 1435 1057 1514 ooneiliatorem,

135 1519 368 1593 scandalorum,
397 1519 630 1581 contentionum
662 1529 693 1581 et
713 1517 932 1581 disoordiarum
955 1516 1058 1599 penid-

136 1611 288 1682 eatnrem,
317 1603 489 1664 novitatum
511 1601 730 1683 refugientem,
768 1602 807 1663 ab
833 1602 948 1664 eisdem
971 1600 1056 1662 libris

136 1705 305 1766 eorumque
326 1684 483 1747 autoribus
504 1684 600 1766 longe
622 1683 766 1760 obfuisse,
787 1687 850 1747 imo
874 1691 984 1747 eontra
997 1685 1057 1766 spi·

135 1772 224 1832 ritum
255 1768 421 1848 malignum
451 1767 561 1829 norum
595 1770 755 1831 eoutrariis
788 1769 990 1847 gaudentem,
1021 1784 1059 1828 ae

136 1852 237 1915 dietae
279 1852 412 1913 notionis
448 1868 600 1932 prospero
631 1853 663 1912 in
693 1852 744 1913 via
771 1851 932 1925 nominib)
958 1851 1059 1912 aursni

134 1934 332 2015 invidentem,
354 1935 491 2016 ipsorum
511 1933 658 1995 librorum
681 1942 806 1997 autores
827 1933 875 1995 ad.
888 1933 963 1995 telia
985 1950 1058 1995 ero·

135 2018 248 2083 menda
260 2019 448 2101 exagitasse,
461 2034 539 2098 quoe
556 2016 735 2082 astantibus
747 2036 853 2079 eorum
867 2034 1058 2097 eognoseen·

133 2113 180 2165 tas
204 2123 267 2180 una
289 2121 358 2164 eum
381 2102 535 2182 perversis
557 2100 754 2182 dogmatibus
785 2101 848 2162 suis
882 2101 961 2161 sieut
979 2118 1059 2161 uror·

138 2193 201 2248 tem
234 2186 340 2265 lugere
374 2193 405 2247 et
437 2185 607 2247 abominari
640 2183 819 2248 debuerunt
862 2182 941 2260 Quid
977 2183 1057 2244 enim

139 2265 223 2330 eliud
244 2267 293 2327 isti
314 2267 455 2328 homiues
468 2274 628 2347 quaerunt,
649 2286 740 2348 quem
755 2265 957 2329 soendelum?
979 2264 1060 2342 Quid

139 2348 222 2412 eliud
242 2349 626 2492 hominibusfersuadent,
648 2368 739 2430 qnam
758 2349 952 2427 rebelliones,
966 2348 1060 2411 soluis-

139 2438 230 2513 mata,
253 2431 404 2496 bonorum

139 2526 172 2578 ut
193 2534 255 2578 uno
283 2513 379 2578 verbo
407 2513 560 2591 dieamus,
580 2516 684 2576 suevis
712 2516 774 2594 iugi
801 2514 995 2587 dominere)
1020 2523 1060 2592 et,

139 2604 265 2661 mnetee
307 2597 459 2663 eoelesiae
503 2598 586 2659 omni
603 2593 637 2680 d)
673 2598 797 2660 victime
829 2596 1060 2677 preeetentioris

138 2680 360 2758 abieotinnem,
382 2679 476 2761 idque
495 2678 553 2741 sub
574 2681 679 2760 speeie
699 2680 866 2759 libertatis,
899 2699 968 2743 eum
1002 2679 1060 2762 ipsi

139 2765 344 2846 corruptionis
365 2764 445 2826 servi
468 2762 629 2824 manifeste
651 2763 898 2844 eomprobentur.

114 2877 117 2880 ·
222 2847 327 2928 seue)
350 2866 414 2910 nou
436 2854 497 2925 est,
518 2845 604 2922 Filii,
625 2845 729 2928 noni)
753 2846 899 2909 est'heeo
925 2844 1061 2927 libertas,

139 2949 231 3012 quom
254 2931 406 2993 Dominus
424 2930 535 2992 electis
557 2930 620 2989 suis
642 2931 672 2991 in
706 2928 870 3011 evangelio
901 2928 1061 3011 promittit,

139 3033 201 3094 que
228 3013 346 3076 seilioet
380 3012 441 3093 legi
474 3031 549 3073 suae
579 3018 610 3072 et
641 3014 704 3075 suis
731 3014 763 3075 in
786 3011 909 3088 terrae)
923 3010 1060 3073 ‚Vioeriis

139 3094 268 3159 subieeti
290 3095 383 3181 (qnos
406 3092 543 3173 etiemh)
568 3095 668 3159 malos
691 3098 722 3160 in
746 3094 893 3158 oethedra
913 3094 993 3157 ilasi
1014 3113 1060 3155 se·

140 3178 248 3242 dentes
271 3181 351 3242 sieut
372 3180 524 3262 seipsum
547 3176 645 3244 audiri
665 3179 781 3259 voluit)
797 3179 917 3261 peoeeti
932 3176 1058 3240 servitu·

442 2432 621 2513 ineptionee,
642 2433 771 2511 eaedes,
787 2431 1008 2495 aameiitatesi
1029 2438 1061 2492 et

210 3417 244 3480 a)
263 3413 466 3487 Argumentum
494 3413 532 3471 ab
555 3415 707 3471 autoritate
734 3417 878 3485 utriusque
903 3413 1060 3499 potestatis,

139 3501 207 3544 vere
224 3485 363 3572 profanae
379 3493 490 3573 etflvere
508 3501 616 3544 merae.
652 3485 688 3572 b)
707 3484 737 3542 S.
756 3487 853 3558 Pepaa
886 3489 958 3542 siem
979 3487 1061 3541 airus.

139 3560 172 3630 e)
183 3557 279 3627 Ideet,
298 3573 336 3631 pa
355 3563 428 3614 ratior
439 3558 719 3628 veldomluioestrmi,
734 3557 918 3615 aDominioo.
937 3555 971 3627 d)
987 3556 1062 3612 Rha·

139 3631 314 3760 ilidii
339 3631 530 3760 „idam”
544 3628 839 3760 tumulat
853 3627 1061 3773 tumim

138 3708 215 3832 ilua
231 3775 335 3839 mentio
355 3770 396 3833 dt
432 3774 467 3842 h)
488 3741 516 3832 0'
529 3789 614 3848 qnam
631 3773 793 3835 neeessaria
809 3772 969 3851 nummo.
1039 3790 1044 3811 ··
