2392 4170
128 231 192 298 384
364 236 521 303 Responsio
538 233 573 286 l),
591 233 626 287 Ι
645 234 674 286 L
695 233 732 286 ad
751 235 853 287 librum

131 388 272 467 papislee
295 406 371 446 voce
392 389 461 466 plus
487 406 578 465 quarn
600 389 717 467 tragica
739 397 770 446 et
783 395 951 463 stentorea,
972 385 1055 466 quod

130 472 329 530 indicantium
351 470 451 530 throni
472 470 511 529 ab
523 471 581 530 bac
603 471 678 530 sede
692 473 847 550 accipiunt
860 470 1055 532 sententiam

130 553 209 613 Hinc
229 554 260 613 in
282 553 422 612 Decretis
443 555 505 612 suis
535 555 636 612 multis
658 555 786 629 insanit,
819 552 903 633 qnod
931 552 1057 612 inferior

130 637 220 698 sedes
242 654 304 696 non
325 635 440 696 iudicet
453 636 651 715 superiorem.
695 636 762 695 Huc
783 637 857 696 illud
872 657 915 697 c.:
936 634 1057 696 Cuncta

132 738 188 800 per
210 718 354 779 mundum
377 721 463 779 novit
483 721 631 797 ecclesia,
653 720 736 799 quod
759 720 798 779 de
824 720 977 780 sententia
997 717 1046 779 Ro

132 821 242 863 manae
262 803 413 862 ecclesiae
434 821 495 862 non
519 803 626 863 liceat¹
635 819 647 879 p
669 802 813 863 iudicare.
857 803 958 881 Rogo,
980 792 1076 881 quid‘

133 883 369 949 abominabilius
387 884 445 944 dici
473 895 504 945 el
531 886 627 945 audiri
659 896 760 965 potest
787 887 846 946 bac
875 883 1058 964 blaspheme

130 977 162 1029 cl
193 970 343 1048 sacrilega
378 968 477 1028 voce?
515 969 584 1028 Hoc
616 978 680 1048 cst,
713 969 796 1048 quod
828 969 936 1028 Petrus
971 967 1057 1045 dicit,

130 1057 160 1115 2.
183 1051 246 1111 Pet.
268 1049 304 1115 2:
327 1051 470 1111 Audaces
492 1052 549 1111 sibi
572 1053 737 1132 placentes.
783 1052 894 1112 Nonne
922 1052 983 1110 boc
1010 1062 1060 1110 eet

131 1136 244 1196 endere
265 1136 427 1195 audaciam
449 1136 633 1211 inauditam,
667 1135 749 1214 quod
778 1155 856 1194 nnus
885 1135 979 1195 borno
1001 1135 1056 1194 im·

132 1221 199 1299 pius
229 1226 259 1278 et
285 1217 455 1298 sacrilegus
487 1219 691 1297 omnibusque
719 1219 886 1278 sceleribus
920 1218 1058 1290 obrutus,

80 1300 84 1307 '
132 1315 193 1361 tum
223 1309 254 1361 el
281 1300 509 1361 indoctissimus
543 1312 573 1360 et
602 1303 797 1378 rudissimns,
832 1310 1010 1381 praesumat
1037 1320 1056 1359 a

131 1385 215 1444 nullo
238 1384 375 1463 iudicari,
397 1386 426 1444 in
451 1385 534 1445 nullo
549 1405 660 1460 errare,
683 1405 790 1444 omnes
805 1383 963 1444 iudicare?
987 1383 1056 1445 Hoc

131 1477 179 1528 esl
207 1467 291 1547 quod
320 1468 496 1546 voluerunt,
531 1468 602 1528 dum
632 1470 886 1528 exsecratissimis
915 1466 1057 1546 blaspbe-

132 1553 200 1611 miis
223 1552 349 1612 docent:
371 1552 486 1631 Papam
509 1571 579 1610 csse
601 1571 692 1630 super
714 1551 897 1624 Concilium,
919 1551 986 1608 eius
1007 1568 1057 1609 so-

131 1636 188 1695 lius
211 1653 280 1695 esse
302 1636 493 1714 interpretari
515 1634 703 1713 Scripturas,
734 1637 801 1694 eius
822 1634 965 1692 indicium
990 1633 1053 1692 uni·

133 1713 241 1777 versae
262 1718 413 1778 ecclesiae
434 1718 689 1797 praeferendum?
711 1717 776 1776 Nec
800 1727 915 1776 tantum
940 1714 1056 1775 habent

132 1798 265 1876 cerebri,
295 1809 328 1860 ul
349 1801 483 1861 sentiant
506 1801 668 1860 ecclesiam
693 1804 852 1880 (quemvis
880 1799 1002 1858 fidelem
1024 1799 1055 1858 in

130 1881 273 1966 Obristo)
311 1885 450 1964 spiritum
486 1892 626 1943 sanctum
660 1884 790 1960 habere,
822 1884 909 1944 cuius
941 1881 1056 1942 iudicio

131 1972 221 2027 etiem
244 1968 373 2046 angelos
402 1967 512 2028 cedere
543 1975 703 2047 oporteat,
738 1968 849 2027 nedum
878 1967 1003 2045 impium
1026 1974 1057 2024 et

132 2052 289 2111 indoctum
318 2050 471 2111 bominem
504 2052 550 2110 sui
580 2058 696 2110 tantum
723 2050 870 2108 similibus
899 2052 1055 2128 stipatum.

235 2133 303 2192 Hoc
346 2141 415 2210 est,
458 2134 541 2212 quod
582 2136 689 2193 iterum
742 2134 845 2192 Petrus
892 2131 1056 2211 praedixit,

130 2223 159 2280 2.
182 2216 245 2279 Pet.
269 2219 315 2290 3.,
341 2228 501 2292 venturos,
536 2219 587 2295 qui
609 2217 776 2275 secuudum
813 2217 951 2295 proprias
985 2233 1058 2274 con·

132 2301 338 2380 cupiscentias
359 2300 559 2360 ambularent.
604 2300 683 2375 Quid
719 2312 765 2358 cst
798 2298 965 2358 secundum
989 2317 1057 2378 pro·

131 2384 213 2464 prise
246 2384 511 2462 concupiscentiae
546 2383 725 2458 ambulare,
758 2403 849 2462 quam
888 2381 970 2460 quod
1008 2381 1058 2440 hic

133 2465 241 2527 Daniel
265 2466 354 2547 dicit,
387 2467 573 2527 adsensum
603 2475 634 2525 et
661 2468 837 2546 opinionem
868 2474 898 2524 ct
919 2464 1058 2524 volunla-

132 2558 192 2610 tem
217 2569 303 2610 suam
326 2553 430 2609 omnin
451 2552 515 2630 geri
538 2550 576 2608 ab
607 2551 666 2608 hoc
695 2550 787 2628 rege?
815 2543 880 2636 '³32³
903 2551 984 2607 enim
1008 2548 1057 2607 he-

130 2656 242 2732 breice,
261 2656 292 2716 id
307 2655 389 2735 quod
404 2656 498 2716 latine
511 2675 606 2733 mens,
631 2674 749 2735 sensus,
761 2657 877 2734 opinio,
900 2654 1055 2713 arbitrium

131 2746 162 2799 el
192 2739 320 2800 affectus
350 2738 397 2799 sui
427 2758 535 2799 seusus
565 2739 688 2814 dicitur,
717 2739 799 2817 quod
830 2739 948 2798 Graece
979 2741 1057 2810 νοῦς

134 2825 180 2883 vel
209 2822 370 2907 πρόνοια,
402 2823 559 2901 quomodo
587 2823 625 2881 ad
658 2822 745 2881 lium.
768 2824 796 2885 8.
820 2822 907 2881 dicit:
943 2818 1003 2894 Qui
1025 2822 1055 2878 in

133 2916 317 2985 cernesunt,
342 2925 388 2981 ea,
412 2925 491 2985 quae
512 2906 702 2983 carnissunt,
727 2907 868 2985 sapiunt,
890 2905 1056 2963 etiterum:

133 2989 296 3050 Prudentia
317 2991 417 3050 earnis
445 3008 526 3050 mors
555 2999 610 3049 esl.
655 2988 722 3048 Hoc
745 3009 869 3068 sapere,
899 2989 960 3047 hoc
991 3006 1056 3046 sen·

133 3074 291 3133 timentum
317 3078 369 3147 (ut
391 3072 521 3154 vocant)
548 3071 656 3132 Daniel
687 3073 736 3131 hio
758 3074 868 3152 signat.
912 3069 1003 3145 Quod
1027 3071 1056 3128 in

131 3175 213 3236 pepe
235 3156 296 3216 talc
324 3156 477 3232 videmus,
511 3163 543 3215 ut
573 3157 664 3215 eliam
694 3163 869 3236 contempla
900 3154 1056 3232 Scriptura

132 3240 245 3299 audeat
268 3239 305 3298 de
328 3241 396 3300 solo
419 3259 475 3300 suo
500 3239 625 3299 cerebro
645 3242 845 3318 pronunciare
868 3248 898 3298 et
920 3236 1056 3315 definire,

132 3323 201 3383 sole
221 3323 314 3383 lrelus
339 3324 506 3403 tyrannidis
518 3325 735 3402 magnitudine.
770 3323 849 3382 Hinc
872 3321 955 3380 venit
971 3317 1054 3397 quod

133 3425 166 3465 se
188 3408 350 3468 ecclesiam
376 3418 475 3488 vocet,
498 3406 641 3466 iudicium
665 3427 726 3466 non
748 3408 877 3487 patitur,
901 3405 1057 3482 nragister,

132 3489 250 3568 doctor,
273 3499 366 3572 ceput
389 3491 586 3550 ecclesiarum
600 3511 668 3549 csse
685 3491 798 3567 nititur,
821 3489 958 3567 regulam
984 3483 1056 3544 fidei

144 3653 356 3663 ——-——--—·

186 3743 217 3814 1)
238 3744 268 3797 ln
287 3742 331 3798 ed.
349 3742 422 3796 deu:
442 3742 513 3796 lieet.
