2392 4170
180 245 244 314 256
410 251 529 305 Exustio
549 252 709 306 Antichrist.
730 254 918 307 Decretalinm.

182 403 358 480 tradixerit,
380 405 463 464 vitae
487 424 561 465 suae
584 405 746 485 dispendio
769 406 834 466 fieri
862 413 994 487 oportet.
1037 405 1106 484 Ego

181 497 296 567 autem,
318 489 426 567 inquit,
446 490 477 547 iu
499 488 559 548 hoc
581 489 686 550 seculo
714 490 876 568 periclitari
896 490 988 565 malo,
1012 507 1104 568 quam

183 579 299 631 tantam
322 570 436 631 silentii
459 573 627 646 rationem,
661 591 741 650 quae
772 572 839 632 Deo
872 584 919 632 est
939 571 1106 649 reddenda,

182 656 389 714 conscientiae
419 673 505 713 meae
534 657 700 735 imponere.
745 655 793 716 Ob
821 657 850 715 id
878 657 1037 717 Romanae
1064 655 1107 713 iu-

182 739 246 797 riae
281 738 342 796 iam
377 737 494 816 pridem
531 736 713 798 dissentiens
747 759 787 796 ex
821 739 914 800 corde
944 738 1108 799 abominor

182 820 271 879 istam
295 819 515 900 Babylonicam
540 832 667 900 pestem.
719 824 819 899 Atque
847 824 924 882 baec
952 821 1107 882 Fratribus

184 904 259 962 meis
295 904 505 982 annunciabo,
541 922 632 981 quam
657 905 707 964 diu
730 904 825 966 fuero.
870 905 900 965 si
936 906 1106 966 animarum

183 995 286 1046 tanme
309 987 453 1066 perniciei
475 988 617 1047 resistere
639 1006 699 1047 non
723 989 859 1066 possim,
881 988 1021 1049 servandi
1037 997 1109 1047 sunt

183 1077 284 1130 tamen
314 1071 450 1149 plerique
484 1079 653 1144 nostrates,
692 1090 730 1129 ue
765 1078 796 1130 et
829 1072 885 1150 ipsi
921 1072 959 1131 ad
992 1070 1107 1130 inferos

184 1154 430 1232 praecipitentur.
476 1152 600 1213 Faciant
621 1154 670 1213 aiii
694 1153 841 1234 quidquid
860 1153 964 1230 velint,
987 1161 1108 1234 tempus

182 1242 238 1313 est,
261 1243 293 1296 ut
312 1237 537 1316 resipiscamus.
1182 1239 1185 1244 ’

267 1317 351 1378 Haec
373 1319 494 1398 aliaque
516 1320 545 1378 in
580 1339 647 1379 eam
671 1322 854 1380 seutentiam
880 1320 979 1381 multa
999 1319 1109 1380 Lutbe·
1130 1361 1146 1373 e

183 1421 233 1462 rus
261 1402 335 1461 inibi
377 1420 446 1462 curn
475 1403 571 1462 multa
592 1402 752 1462 verborum
774 1403 843 1462 luce
865 1412 895 1463 et
917 1403 996 1464 felici
1019 1402 1108 1482 patrii
1159 1428 1164 1433 ·

183 1486 333 1545 sermonis
355 1485 508 1565 elegantia
528 1485 698 1563 recensuit,
732 1505 812 1565 quae
843 1505 903 1566 ego
937 1492 1044 1565 utpote
1066 1487 1109 1544 in-

185 1569 294 1630 doctus
316 1579 347 1628 et
372 1567 502 1649 elinguis
524 1567 635 1629 imitari
658 1588 719 1629 uon
743 1568 921 1648 possuml)
968 1569 1049 1628 Vera
1066 1577 1110 1629 ta·

187 1671 256 1712 rnen
282 1671 368 1729 esse,
400 1670 602 1731 quaecunque
630 1652 750 1727 dixerit,
773 1671 865 1713 nemo
888 1653 1020 1728 dubitat,
1052 1652 1110 1711 uisi

184 1745 294 1796 trunco
323 1735 361 1794 sit
394 1734 552 1815 stupidior,
591 1735 762 1795 cuiusmodi
797 1748 867 1794 sunt
899 1736 1035 1816 papastri
1067 1733 1107 1793 ad

185 1838 275 1878 unum
301 1836 407 1897 usque.
452 1819 553 1898 Atque
576 1818 677 1898 palam
700 1827 747 1878 est
769 1819 910 1879 omnibus
935 1820 963 1879 in
986 1818 1108 1878 Christo

184 1900 329 1981 parvulis,
354 1919 484 1980 qnorum
507 1901 642 1982 palatum
665 1901 834 1979 sophistica
871 1903 939 1962 tabe
972 1901 1109 1961 nondum

185 1992 232 2045 est
253 1985 410 2058 infectum,
432 2002 492 2044 nec
506 1983 677 2063 magnificis
700 1984 787 2044 huius
805 1985 899 2045 seculi
914 1984 1110 2064 opinionibus

185 2067 364 2144 delibutum,
395 2068 574 2146 onustisque
597 2069 821 2147 innocentibus,
856 2069 1018 2128 Luthsrum
1041 2087 1111 2127 esse

185 2151 315 2211 viventis
339 2150 394 2209 Dei
418 2149 572 2230 angeium,
589 2151 641 2229 qui
662 2150 891 2230 palabundas2)
912 2151 1021 2211 Christi
1034 2170 1110 2212 oses

185 2244 293 2316 pascat
323 2233 391 2293 solo
414 2235 548 2293 veritatis
580 2234 672 2295 verbo
707 2234 926 2297 dormientibus
948 2236 1024 2311 ittis,
1057 2235 1109 2313 qui

184 2317 317 2398 pastoris
340 2335 452 2376 nomeu
477 2317 601 2397 indigne
624 2318 681 2376 sibi
704 2317 899 2397 arrogant.³)
942 2317 1110 2393 Quantum·

186 2401 231 2460 vis
256 2407 374 2459 montes
397 2401 492 2459 secuti
515 2419 553 2460 ao
575 2400 655 2460 cedri
680 2400 784 2460 Libani
815 2404 984 2461 renitantur
1012 2402 1109 2481 panti·

186 2484 252 2543 cosi
275 2482 499 2562 ambitiosique,
523 2502 583 2542 non
609 2494 738 2562 possunt
766 2495 867 2545 tamen
890 2484 1001 2545 Christi
1035 2503 1110 2545 oves

185 2585 247 2628 nou
270 2583 442 2646 agnoscere
464 2584 572 2626 vocem
598 2567 719 2628 Domini
754 2569 799 2627 sui
833 2589 887 2648 per
921 2571 1011 2628 istum
1036 2587 1109 2627 uun·

186 2651 266 2710 cium
290 2649 453 2729 prolatum,
476 2669 550 2710 oves
566 2661 667 2711 autern
691 2651 782 2710 alieni
803 2653 933 2730 pastoris
957 2651 1038 2711 hanc
1059 2669 1110 2712 vo·

185 2753 252 2795 cern
275 2753 338 2794 non
361 2733 497 2796 audiunt.
542 2734 637 2814 Beati,
651 2736 701 2814 qui
725 2755 786 2794 uon
810 2735 1005 2795 offenduntur
1025 2736 1111 2814 igno·

186 2817 302 2878 bilitate
324 2818 472 2894 hominis,
504 2819 599 2878 seculi
624 2828 742 2879 montes
772 2820 942 2896 tangentis,
973 2820 1110 2898 quinon

183 2903 335 2981 fumigare
357 2921 418 2961 non
441 2913 585 2981 possunt,
622 2904 693 2981 quis
716 2920 822 2962 eorum
846 2910 952 2961 natura
977 2920 1046 2962 sese
1069 2901 1113 2960 ite

186 2985 287 3048 habet.
331 2985 423 3045 Finis.

240 3254 271 3324 1)
292 3253 323 3308 1¹¹
343 3255 385 3310 ed·
406 3260 490 3325 orig:
517 3256 630 3323 possim.
723 3255 754 3312 21
777 3253 897 3309 Ibidem:
922 3250 1114 3322 ,palabuudnq

180 3328 217 3394 ,3)
239 3326 362 3382 Ibidem:
382 3334 522 3396 arrogent.
999 3370 1006 3382 ³
1065 3381 1069 3388 Ι
1123 3343 1125 3347 -
