2392 4170
131 274 195 341 280
440 274 586 330 Resolulic
606 275 713 345 Dispct.
732 274 771 330 de

132 432 255 507 malum,
277 440 449 510 peccatum,
472 428 665 491 mendacium
688 436 744 490 esi.
784 429 831 489 De
853 429 899 488 his
921 428 1058 508 loquitur

133 513 302 575 conclusio.
346 512 425 589 Quis
451 515 476 572 si
506 516 572 592 quis
595 514 804 592 praesumeret
825 511 934 573 talibus
957 512 1057 592 operi·

136 597 191 657 bus
203 598 363 677 cooperari
375 595 444 656 fidei
456 595 493 656 sd
505 594 763 670 insufflationem,
779 594 940 674 impediret
952 596 1057 675 polius

132 678 233 756 fldem,
256 680 328 757 quis
344 679 423 740 velle
441 679 578 739 similiter
599 699 654 757 per
668 698 763 758 opera
776 697 831 738 sue
844 687 874 737 et
895 674 1056 757 perfidem

131 758 1059 843 gratiaeiustificariimprobusest,cumfldesdestrriulorunis
1078 772 1088 825 .’

136 865 231 926 opere
255 853 373 923 nostre,
404 863 483 925 quse
505 866 545 905 ex
567 844 655 906 uobis
677 843 768 921 flunt,
789 844 861 923 quis
883 848 954 905 sunl
976 842 1060 905 mels

135 935 166 988 et
196 933 334 1009 peccatu.
381 927 432 988 Sic
453 927 564 988 Paulus
596 927 634 989 cd
657 926 745 989 Rom.
769 928 804 990 3:
840 926 888 986 lix
911 925 1059 1009 operibus

134 1013 209 1091 legis
222 1031 282 1071 non
295 1009 507 1071 iustificabitur
519 1011 618 1071 omnis
627 1029 699 1069 curo
713 1028 817 1069 corum
828 1009 892 1087 illo,
904 1007 1012 1071 eiGul.
1021 1010 1059 1075 3:

134 1091 192 1169 Qui
205 1114 246 1153 ex
261 1092 403 1173 operibus
417 1094 492 1172 legis
502 1101 582 1174 sunt,
598 1092 653 1152 sub
665 1091 826 1154 maledicio
840 1101 920 1154 suut.
955 1091 1059 1169 Quare

134 1178 184 1254 qui
200 1196 268 1238 cum
281 1175 423 1257 operibus
436 1176 608 1236 huiusmodi
621 1174 777 1256 perfidem
792 1172 1059 1248 velleiiusliflcari

133 1260 182 1321 hic
201 1258 272 1320 fidei
294 1260 409 1319 luceret
429 1261 567 1320 iniuriam
580 1269 611 1318 et
631 1258 782 1338 perderet,
805 1261 876 1338 quia
898 1276 952 1337 per
975 1258 1059 1319 mula

136 1343 228 1404 vellet
248 1343 329 1403 bonu
352 1344 525 1420 acquirere,
548 1343 597 1420 qui
627 1360 711 1403 error
733 1341 968 1421 praesumtionis
981 1361 1061 1485 pes·

137 1426 213 1485 sim'e
236 1433 385 1507 repugnat
400 1425 562 1485 humilitati
583 1423 663 1484 lidei.
707 1423 849 1484 Secundo
866 1443 958 1502 quum
1004 1423 1060 1484 des

136 1515 167 1569 el
189 1508 313 1569 verbum
335 1516 405 1568 sunl
427 1508 456 1566 in
471 1509 606 1588 negoli0‚
630 1514 703 1566 tunc
720 1509 950 1567 unimatsutum
964 1506 1059 1567 hebet

135 1591 247 1652 laboris
270 1597 301 1651 ei
328 1591 445 1671 operis,
474 1596 522 1650 ul'
536 1590 588 1649 vix
611 1588 741 1649 sufficiet
764 1590 931 1650 adhaerere
953 1589 1060 1665 verbo,

135 1681 196 1734 lem
220 1692 402 1755 magnares
425 1680 471 1733 est
493 1673 617 1733 credere
639 1672 743 1733 verbo.
786 1673 851 1733 imo
873 1681 948 1735 lunc
967 1670 1060 1732 focile

137 1757 250 1818 omittit
270 1775 366 1837 cpers
401 1764 431 1816 et
460 1757 601 1837 desperet
633 1754 671 1815 ab
694 1755 745 1828 iis,
781 1754 922 1815 omuibus
944 1754 1060 1816 viribus

135 1840 195 1900 hoc
216 1858 348 1916 cousus,
379 1848 410 1899 ut
431 1841 530 1920 possil
551 1837 676 1899 firmiter
698 1837 791 1898 verbo
814 1836 981 1898 adhaerere
1005 1857 1061 1918 pcr

135 1920 237 1984 fldem.
281 1922 349 1983 Hoc
371 1924 422 2002 qui
445 1924 563 2004 experti
586 1940 645 1982 non
670 1928 756 1997 sunl,
780 1939 840 1980 non
863 1922 965 1981 sciunt
986 1919 1060 2000 quid

135 2006 175 2066 sil
194 2005 281 2068 fides.
310 2004 414 2085 Opera
435 2011 536 2064 sutem
548 2011 619 2085 posi
630 2001 720 2063 fidem
737 2021 797 2063 non
812 2002 986 2079 iusliliccnl,
1004 2002 1060 2064 sed

136 2086 212 2147 flunl
223 2108 241 2149 ε
254 2086 427 2158 ἱυειὶθοείο,
451 2094 481 2145 et
502 2095 573 2146 sunt
584 2106 645 2146 nou
659 2104 762 2163 cause,
785 2086 838 2146 sed
851 2087 964 2147 lruclus
977 2087 1060 2147 iusti·

136 2169 305 2246 liculicnis3
321 2168 452 2233 Galatis:
466 2169 591 2230 Fructus
602 2170 801 2248 spiritussunt
812 2171 990 2230 curitsselc.
1009 2166 1061 2230 Sic

140 2253 259 2312 luxuria
284 2270 344 2311 non
368 2251 440 2311 lucit
461 2253 743 2332 concupiscentiam
766 2253 882 2328 curnis,
911 2251 965 2312 sed
986 2249 1061 2311 fita

136 2335 385 2414 concupiscentia
397 2334 506 2395 cernis.
553 2337 662 2394 Verum
678 2342 779 2394 temen
793 2343 849 2409 esi,
874 2334 966 2413 quod,
981 2335 1063 2394 sicut

137 2435 231 2496 opere
263 2419 363 2477 curnis
396 2423 510 2496 augent
547 2418 830 2497 concupiscentiam
864 2418 981 2492 cernis,
1018 2417 1062 2476 ils

136 2517 231 2579 opera
251 2497 322 2560 fidei
344 2498 434 2559 fidem
457 2509 581 2578 augent.
615 2501 678 2560 lmo
702 2499 778 2560 fides
796 2509 890 2580 augei
912 2501 1059 2581 seipsum

136 2600 191 2662 per
214 2599 310 2662 opere
331 2601 387 2643 suu
408 2589 466 2644 etc.
971 2588 974 2592 '
1035 2582 1038 2587 ’

373 2709 500 2770 Decime
522 2716 630 2790 queris
647 2709 822 2773 Conclusio.

220 2843 352 2922 Opera
380 2850 598 2923 sequuntur
618 2845 942 2905 iustiliccticnem
966 2838 1061 2911 fidei

137 2925 420 3002 infallibiliter,
443 2945 523 2987 curn
547 2946 622 2987 nou
645 2929 696 2985 sit
718 2928 859 2987 otiosa.
884 2923 1059 2991 ,sicariam

138 3007 251 3068 dicium
274 3017 321 3067 est
341 3007 378 3069 de
400 3010 544 3090 operibus
568 3009 648 3083 fidei,
670 3009 762 3068 sicud
777 3006 1059 3086 concupiscentium

138 3090 238 3151 cernis
260 3099 428 3169 sequuntur
450 3111 543 3168 opera
556 3095 655 3152 carnis
670 3113 723 3152 sua
742 3099 860 3171 sponte.
904 3087 955 3149 Sic
967 3089 1060 3148 elium

139 3171 176 3232 sd
216 3171 305 3232 iidem
340 3174 463 3255 spiritus
499 3184 666 3253 sequunlur
700 3177 814 3234 lruclus
847 3173 970 3252 spiritus
1004 3189 1061 3230 sua

139 3263 259 3336 sponte.
303 3255 404 3317 Carbo
438 3255 477 3318 ab
500 3259 570 3336 igne
602 3258 714 3336 ignitus
738 3260 795 3316 urit
824 3264 854 3316 ct
887 3253 986 3332 lucet3
1018 3255 1061 3313 its

139 3357 193 3399 cor
216 3358 234 3398 a
258 3338 350 3399 verbo
363 3338 432 3399 fidei
456 3359 510 3418 per
522 3340 663 3419 copulem
675 3342 866 3400 immutatum
883 3337 956 3396 lucit
978 3336 1060 3397 bons

139 3438 242 3501 opera.
288 3421 324 3481 ΕΙ
348 3422 426 3481 sicul
448 3441 505 3481 nec
527 3425 793 3503 concupiscentis,
824 3440 881 3482 nec
902 3420 982 3500 iguis
1004 3437 1058 3499 po·

137 3512 194 3565 tesi
217 3523 285 3564 esse
308 3505 436 3579 otiosus,
458 3506 500 3564 ile
521 3524 578 3564 nec
600 3504 692 3582 fides,
713 3524 780 3565 cum
804 3504 844 3565 sil
865 3522 935 3564 non.
949 3502 1008 3562 nisi
1030 3502 1059 3560 vi

137 3586 219 3646 verbi
235 3588 452 3729 participatio,
480 3606 540 3665 quo
570 3606 690 3666 semper
720 3597 859 3648 movetur
882 3583 920 3646 sd
945 3584 1058 3645 bouum

139 3688 231 3729 secun
256 3688 305 3731 um
328 3678 466 3731 usturam
488 3671 580 3730 verbi.
625 3669 726 3746 Quare
749 3690 809 3730 non
834 3677 917 3729 recte
939 3666 1058 3743 dicitur,

139 3770 322 3834 quemquem
344 3751 500 3815 iustificari
523 3773 576 3834 per
599 3771 709 3833 opera,
736 3753 789 3814 sed
810 3751 924 3814 rectius
946 3749 1059 3812 dicere

353 3957 372 3993 Ι
