2392 4170
448 263 531 322 Doet.
550 263 631 322 llart.
649 262 729 322 Lutlr.
993 265 1056 334 4οΊ

134 438 319 517 moliuntur,
365 445 396 501 et
432 438 559 500 verbum
603 439 669 500 eius
710 457 728 501 e
764 438 907 502 eordibus
944 443 1056 504 nostris

133 523 276 587 evellere.
670 558 672 561 ·

216 605 347 667 Proinde
381 625 439 667 nos
466 613 591 667 nostrae
623 604 775 666 ecelesiae
808 606 963 670 defensori
1004 606 1056 669 ad·

131 692 303 767 haeremus,
326 692 377 769 qui
392 688 593 751 dieitllatth.
616 691 673 753 16:
695 687 876 752 Aedifioabo
892 692 1055 752 eeclesiam

133 794 253 852 meam,
285 792 346 834 non
378 793 471 854 super
493 770 715 853 longitudinem
739 780 927 854 temporum,
957 793 1057 854 neque

132 877 224 937 snper
247 856 474 918 multitudinem
492 857 660 933 hominum,
684 874 904 937 nequesuper:
928 857 1058 938 Oportet

133 943 178 1001 sio
200 960 279 1021 esse,
302 959 403 1020 neque
423 959 515 1019 super
542 958 629 1000 usum
653 944 705 998 aut
726 939 840 999 dietum
862 941 1056 1015 Senatorum,

132 1024 265 1103 denique
288 1042 345 1084 nee
367 1043 458 1103 super
479 1023 648 1086 Iohannem
673 1022 860 1104 Baptistam‚
883 1043 941 1085 nee
964 1045 1058 1105 snper

133 1107 250 1188 Ellam,
283 1126 341 1167 nee
362 1103 681 1188 superieremiam1),
717 1113 770 1166 aut
793 1106 887 1168 ullum
919 1128 959 1168 ex
988 1127 1056 1188 pro·

133 1191 233 1272 phetis
244 1239 253 1270 ,
276 1190 330 1251 sed
352 1210 446 1270 super
467 1190 564 1251 solam
588 1195 620 1249 et
640 1188 771 1250 solidam
794 1189 942 1268 Petram,
966 1211 1058 1274 snper

133 1274 286 1335 Christum
320 1273 430 1334 Filium
468 1273 536 1334 Dei.
590 1269 694 1352 Hoe²)
730 1280 776 1332 est
808 1274 902 1335 robur
933 1283 1058 1335 nostrae

133 1357 227 1437 fidei,
263 1357 315 1418 hie
336 1359 390 1417 tuti
413 1376 517 1417 snmus
539 1355 687 1416 adversus
721 1360 827 1435 portas
858 1358 956 1421 inferi.
1000 1357 1057 1419 Hie

133 1441 253 1501 mentiri
277 1449 308 1501 et
329 1441 434 1501 fallere
457 1459 517 1500 non
541 1445 653 1519 potest,
677 1439 888 1501 omnishomo
910 1440 1055 1503 mendax.

132 1524 172 1584 Elt
193 1524 308 1605 Saneti,
330 1543 400 1585 eum
422 1530 508 1584 extra
530 1523 610 1583 hane
633 1541 738 1600 rupem
751 1531 845 1601 agunt
866 1531 919 1584 aut
940 1523 1055 1604 dieunt,

132 1609 273 1668 homines
307 1614 388 1677 sunt,
437 1607 635 1666 Purissimum
671 1611 702 1664 et
737 1605 836 1666 solum
871 1624 909 1667 ae
938 1615 1055 1668 eertum

134 1691 259 1751 verbum
302 1692 359 1751 Dei
391 1696 515 1752 nostrae
547 1687 617 1748 fidei
655 1688 891 1767 supponendum
925 1696 982 1754 est.
1025 1689 1057 1752 Si

133 1775 221 1852 quis,
243 1771 404 1856 inquit*),
435 1773 592 1853 loquitur,
615 1771 701 1850 quasi
734 1790 894 1833 sermones
922 1772 996 1851 Dei,
1027 1780 1058 1834 et

134 1858 234 1918 omnis
256 1857 418 1938 prophetia
439 1857 479 1916 sit
499 1850 691 1936 analogia³)
716 1852 797 1929 fidei,
822 1855 911 1916 Rom.
936 1856 985 1920 12.

213 1940 298 2002 Haeo
330 1947 401 2002 sunt
429 1940 542 2001 robora
569 1945 690 2014 nostra,
714 1936 861 1999 adversus
893 1957 972 2018 quae
1003 1939 1057 2000 ob·

132 2030 304 2086 mutescere
325 2030 476 2102 eoguntur
486 2019 620 2101 Henriei,
643 2019 832 2096 Themistae,
855 2021 1010 2101 Papistae,
1026 2030 1058 2082 et
1157 2078 1161 2084 .

133 2106 278 2186 quidquid
302 2114 350 2167 est
370 2108 483 2180 saeeie,
510 2104 651 2165 sentinae
682 2109 714 2164 et
735 2103 863 2164 latrinae
893 2106 1056 2184 impiorum

136 2193 168 2248 et
188 2190 407 2268 sacrilegorum
430 2187 593 2261 eiusmodi,
615 2205 715 2264 neque
737 2186 861 2263 habent,
884 2187 964 2266 quod
989 2206 1058 2268 pos·

136 2272 198 2330 sint
219 2271 268 2329 hie
289 2271 498 2350 respondere,
519 2270 573 2331 sed
598 2271 718 2333 eoniusi
740 2277 772 2331 et
792 2272 936 2350 prostrati
957 2272 1059 2331 ineant

137 2353 255 2413 afaeie
286 2353 449 2414 verborum
484 2355 572 2414 istius
595 2355 730 2415 tonitrui.
773 2354 813 2414 Et
841 2362 1058 2434 exspectamus

136 2454 261 2516 quoque
275 2435 354 2515 ¹quid
377 2435 523 2496 adversus
545 2435 624 2496 haee
646 2437 753 2496 mutire
777 2436 895 2497 ¹audeat
915 2437 983 2498 Rex
1005 2457 1058 2497 nu·

135 2519 292 2602 gigerulus
326 2518 384 2579 iste
422 2538 490 2578 eum
519 2514 662 2579 omnibus
695 2519 758 2578 suis
789 2515 959 2600 Sophistis,
998 2528 1059 2581 stat

137 2605 217 2664 enim
240 2603 303 2663 fixa
335 2601 489 2662 sententia
535 2598 627 2660 {idem
656 2619 719 2661 non
747 2599 870 2670 deberi,
893 2603 951 2662 nisi
973 2611 1057 2664 certo

136 2687 231 2747 verbo
256 2687 328 2764 Dei,
351 2687 429 2746 sieut
451 2684 525 2745 dieit
544 2683 634 2747 Rom.
665 2687 720 2748 10:
753 2683 841 2744 Fides
872 2704 911 2745 ex
944 2686 1060 2763 auditu,

136 2769 257 2830 auditus
279 2775 382 2830 autem
405 2767 608 2849 perverbum
632 2765 753 2832 Christi.

219 2852 361 2927 Proinde,
384 2849 529 2930 quidquid
552 2851 631 2946 ultrp
655 2849 780 2910 verbum
794 2849 852 2909 Dei
873 2849 1060 2931 producitur,

137 2936 197 2996 hoe
219 2937 315 2996 nostri
338 2937 376 2994 sit
399 2934 515 2996 arbitrii
538 2952 595 2994 eeu
612 2932 817 3002 dominorum,
841 2932 976 3008 eredere,
998 2954 1059 2994 non

137 3018 278 3096 eredere,
304 3018 468 3091 damnare,
497 3015 639 3096 probare,
661 3017 740 3076 sieut
760 3017 906 3094 seriptum
936 3013 1060 3097 est”):

137 3101 249 3162 Omnia
271 3104 383 3179 vestra,
406 3102 472 3161 sive
493 3099 627 3181 Apollo,
650 3100 715 3160 sive
738 3099 876 3180 Cephea,
900 3100 965 3159 sive
988 3100 1061 3158 Pau-

137 3184 201 3262 lus,
231 3203 286 3245 vos
317 3190 419 3244 autem
450 3184 572 3244 Christi.
616 3182 648 3244 Si
680 3182 776 3244 solius
804 3179 917 3244 christi
946 3201 1061 3263 sumus,

137 3269 204 3346 quis
227 3275 274 3327 est
294 3269 352 3328 iste
373 3267 502 3328 stolidus
525 3268 614 3345 Rex,
638 3266 774 3345 quisuis
808 3265 974 3326 mendaciis
1005 3286 1061 3325 noe

137 3351 240 3429 Papae
260 3351 362 3410 faeere
385 3350 530 3411 molitur?
573 3349 639 3410 llos
660 3368 721 3410 non
745 3368 849 3409 sumus
874 3349 987 3431 Papae,
1008 3348 1061 3409 sed

138 3434 221 3513 Papa
241 3440 347 3493 noster
368 3439 425 3510 est,
447 3442 588 3495 nostrum
610 3439 657 3493 eat
679 3451 742 3493 non
765 3432 891 3493 iudicari
919 3432 959 3494 ab
982 3434 1060 3512 ipso,

207 3652 240 3722 1)
259 3653 291 3707 In
310 3651 354 3708 ed.
372 3653 444 3708 len:
474 3668 526 3708 nee
545 3667 629 3728 super
647 3651 751 3717 Ellam,
771 3647 898 3715 Esaiam,
923 3663 975 3703 neo
994 3649 1063 3702 lere-

136 3725 228 3782 miam.
281 3726 309 3794 2)
329 3722 414 3780 Ibida
433 3723 485 3780 hie.
532 3724 559 3793 ⁴¹)
580 3727 605 3781 1.
624 3725 683 3779 Pet.
702 3725 728 3779 4.
774 3725 807 3790 3)
828 3720 916 3778 inid:
934 3719 1063 3791 analoga.

140 3799 185 3870 ”l
206 3799 231 3855 1.
248 3795 372 3855 (lorinth.
390 3799 417 3855 3.
