2392 4170
183 219 225 287 36
392 218 595 278 Condemnatio
612 217 758 278 Librorum
773 218 810 278 D.
825 218 864 276 Ι.
880 217 912 276 t

184 403 251 443 rum
294 386 472 446 sanctiones
511 384 721 446 Consiliorum
758 400 906 443 euervsre
937 380 1110 460 contendit,

184 468 273 546 quasi
295 468 414 528 scilicet
434 468 474 529 ed
486 468 623 529 fidelium
644 469 774 528 salutem
788 465 965 527 necessaris
973 463 1108 525 Lutbero

187 549 247 610 soli
268 549 354 610 Deus
375 554 547 631 reservarit,
568 570 648 633 quae
660 551 831 632 praeteritis
845 547 960 609 seculis
980 549 1111 608 nescivit

184 635 333 716 ecclesia,
354 636 446 695 etad
474 634 554 697 hsec
575 653 673 714 usque
696 643 837 715 tempora
868 635 901 693 iu
922 631 1057 694 tenebris
1078 641 1111 691 et

184 735 321 777 errorum
343 721 492 779 caecitate
513 738 600 779 suam
622 737 769 798 sponsam
792 716 930 778 Christus
950 715 1109 779 dimmedt

266 797 294 863 O
315 802 440 881 impiam
462 814 494 861 et
514 802 753 862 inverecundam
765 802 985 880 arrogantiam,
1006 799 1110 858 smm-

185 884 238 962 lis,
271 888 424 964 censuris,
453 886 515 944 imo
536 885 658 966 ignibus
696 893 727 944 et
746 881 879 943 flammis
903 880 1109 943 coercendam

185 968 305 1048 potius,
327 985 420 1047 quam
442 965 848 1037 ratione.couviucendam.
889 963 1005 1028 Nonne
1027 967 1108 1026 euim

184 1053 236 1130 qui
257 1051 301 1109 ite
321 1053 414 1111 sentit
435 1060 467 1112 et
488 1052 594 1112 scribit
625 1054 722 1132 prims
744 1049 816 1110 fidei
840 1050 991 1130 principia
1010 1048 1106 1109 abue-

184 1138 248 1215 gst,
270 1143 300 1193 et
317 1135 503 1214 impietatem
516 1136 618 1215 palam
640 1132 827 1215 profitetur?
854 1132 967 1193 Nonne
980 1133 1107 1212 impium

185 1234 219 1277 se
240 1216 342 1296 prodit
368 1228 400 1278 et
426 1217 602 1297 infidelem,
630 1219 767 1297 quisquis
802 1216 998 1277 orthodoxae
1024 1213 1108 1293 fidei,

184 1300 298 1359 sanctis
320 1302 472 1361 ecclesiae
495 1300 690 1378 Ductoribus,
712 1318 751 1360 ac
764 1301 860 1360 sacris
877 1298 1025 1360 Oonciliie
1046 1316 1108 1359 cre·

186 1383 258 1443 dere
280 1382 490 1464 dedignatur?
531 1385 561 1444 ls
583 1403 695 1464 nempe
717 1385 766 1443 cui
787 1383 909 1459 credet,
930 1385 982 1461 qui
1004 1381 1107 1443 catbo·

186 1468 264 1527 licae
285 1468 437 1527 ecclesiae
449 1467 540 1528 fidem
555 1467 669 1528 habere
681 1466 852 1527 detrectat‘l
873 1467 938 1527 Aut
949 1463 1107 1544 quomodo

188 1547 350 1610 catholicis
372 1551 550 1628 ascribetur,
572 1553 623 1629 qui
645 1551 808 1610 ecclesium
831 1567 893 1610 non
915 1548 1107 1609 auditlcum

185 1652 226 1693 ex
248 1651 303 1694 ore
325 1634 461 1694 veritatis
483 1635 597 1694 dictum
620 1634 673 1695 eit:
696 1631 730 1695 Si
752 1633 917 1694 ecclesium
939 1651 1002 1694 non
1026 1631 1109 1693 cudi-

186 1717 252 1795 erit,
274 1717 316 1776 sit
335 1714 389 1777 tibi
411 1720 490 1778 sicut
512 1717 651 1778 ethnicus
673 1728 705 1777 et
724 1715 918 1798 publicanus.

269 1799 382 1879 Porro,
404 1803 463 1861 istu
480 1811 527 1862 est
547 1800 711 1880 peculiaris
732 1801 957 1861 baereticorum
978 1799 1108 1879 insania,

186 1893 218 1942 ut
239 1885 403 1964 scripturas
419 1903 476 1964 pro
499 1897 573 1945 voto
591 1891 830 1963 contorquentes
851 1901 921 1943 sese
948 1901 1001 1942 ess
1023 1883 1108 1943 solos

184 1966 312 2027 credent
330 1966 520 2046 intelligere,
541 1968 626 2027 solos
648 1986 683 2028 se
703 1967 745 2027 ad
766 1969 925 2028 veritatem
947 1965 1109 2046 Evangelii

184 2057 293 2128 putent
313 2050 489 2128 ambulare,
512 2051 597 2110 solos
620 2069 670 2129 se,
697 2060 727 2110 et
749 2068 828 2130 quos
858 2050 938 2110 falsa
958 2048 1108 2128 religione

183 2132 350 2206 seducunt,
372 2134 502 2193 sulutem
526 2136 673 2214 consequi
702 2134 903 2210 arbitrentur,
930 2151 988 2193 nec
1010 2135 1107 2193 ouius·

184 2233 306 2294 cunque
327 2214 483 2295 Doctorie,
506 2219 701 2296 quantumvis
717 2219 816 2277 sancti
838 2225 890 2277 aut
910 2217 1032 2297 eruditi,
1053 2217 1106 2277 sed

185 2317 243 2358 uec
269 2299 363 2378 ipsius
396 2300 547 2361 ecclesiae
586 2304 783 2361 autoritatem
813 2294 971 2380 suscipere
1003 2300 1107 2380 velint,

184 2389 293 2442 contra
314 2400 392 2460 eom,
414 2400 505 2463 quem
528 2386 624 2444 semel
646 2385 704 2444 sibi
728 2384 928 2464 praefixerint
947 2385 1109 2464 scriptura

185 2484 249 2523 rum
272 2465 513 2546 intelligentium.

268 2547 337 2609 Hoc
369 2551 552 2630 comprobet
573 2553 700 2611 insonus
723 2551 909 2630 Montanus,
944 2568 1014 2609 uum
1046 2550 1107 2609 suis

184 2631 288 2691 Prisca
309 2641 340 2692 et
362 2634 541 2714 Maximilla,
563 2636 662 2695 suncti
683 2633 812 2714 Spiritus
834 2635 1000 2694 adveutum
1023 2635 1053 2693 in
1075 2651 1109 2693 se

184 2716 372 2795 completum
411 2719 591 2798 impiissime
624 2718 753 2778 credens
792 2720 915 2798 magis,
948 2735 1041 2797 quam
1076 2715 1109 2779 lu

185 2801 345 2876 apostolis.
388 2800 457 2860 Hoc
482 2803 645 2881 olimpius
668 2801 877 2880 Manichacus,
901 2802 952 2881 qui
975 2803 1108 2861 vanitate

185 2881 317 2944 Luciferi
340 2882 485 2944 seductus
504 2903 600 2964 usque
622 2885 701 2945 adeo
724 2885 880 2962 deliravit,
903 2893 934 2945 ut
957 2903 991 2943 se
1013 2883 1109 2964 Spiri-

185 2976 248 3025 tum
271 2976 411 3027 ssnctum
433 2968 585 3029 sOhristo
609 2971 734 3028 missum
752 2979 913 3031 assereret.
950 2967 1020 3028 Hoc
1035 2969 1109 3029 item

184 3048 386 3130 secundinus,
394 3050 531 3111 eiusdem
544 3052 715 3113 Manichaei
729 3052 905 3133 discipulus,
914 3052 1109 3132 quillugusti·

186 3151 257 3191 num
290 3143 321 3194 et
342 3135 513 3196 catholicos
542 3144 661 3196 ceteros
690 3153 792 3198 errare
814 3135 1005 3196 confidenter
1026 3154 1110 3195 esse·

186 3233 314 3295 versus,
343 3220 431 3298 quusi
454 3218 554 3279 eidem
577 3219 748 3279 condolens
770 3221 967 3299 Augustino,
989 3221 1111 3299 scripsit

184 3318 302 3359 senon
325 3302 471 3380 iuvenire,
496 3302 640 3382 quidnam
664 3312 735 3366 ente
749 3304 865 3363 aeterni
887 3303 995 3362 iudicis
1018 3303 1108 3363 tribu·

184 3382 235 3442 uel
257 3386 376 3463 positus
410 3385 532 3446 deserto
555 3386 738 3446 Manichseo
772 3388 962 3467 respondere
985 3385 1109 3450 valeret.

185 3465 252 3526 llos
283 3485 393 3547 nempe
423 3469 484 3530 iste
512 3479 559 3529 est
579 3471 815 3532 baereticorum.
865 3472 908 3530 At
928 3487 1013 3550 vero,
1036 3471 1108 3531 dum

185 3548 350 3611 ecclesiam
362 3552 467 3612 audire
482 3554 601 3632 nolunt,
625 3573 681 3614 uec
694 3554 794 3614 lerunt
815 3555 902 3615 suavi
916 3554 1109 3617 Christianos

186 3632 364 3713 disciplinae
390 3637 464 3716 iugo
488 3636 569 3697 colle
601 3638 800 3717 submittere,
832 3636 1030 3698 illudentibus
1052 3637 1109 3699 sibi

183 3718 339 3803 spiritibus
358 3720 509 3782 mendacii
532 3729 563 3781 et
590 3723 711 3805 erroris,
732 3723 763 3783 in
782 3723 963 3785 manifestos
986 3730 1109 3785 currum
