2392 4170
132 252 197 320 402
373 273 375 277 ’
426 253 586 310 Goniatatio
605 251 789 310 Lutherlena·

135 409 261 471 verbum
275 409 342 487 Dei,
365 429 435 470 oum
456 408 673 471 inaestimabili
687 409 811 490 pietatis
830 410 865 469 et
885 407 1058 471 animatum

134 494 262 571 iootm‘a,¹
285 503 348 553 tum
370 495 545 555 universum
569 493 769 573 Evangelium
793 492 930 552 laeseris.

150 592 174 605 ”
217 575 376 653 Ceterum,
413 578 440 636 si
468 577 514 636 liis
537 577 668 657 palpatis
698 588 806 636 omnes
824 575 970 636 mdrtales
1007 573 1057 636 vel

137 659 306 739 oooideris,
341 668 373 720 et
395 660 499 721 orbem
524 658 728 735 subverteris,
751 676 812 719 non
835 659 926 719 tuens
948 660 1057 719 immo·

137 742 252 804 destas.
296 741 429 818 Quando
451 736 689 804 enimLatomns
711 760 824 822 papam
847 741 1059 802 criminaretur

135 826 368 902 immodestiae,
402 834 445 889 tot
480 825 568 888 bellis
602 834 633 886 et
653 825 740 886 malis
763 825 880 885 arabus
901 827 1056 886 insanien-

135 908 217 969 tem?
255 909 374 971 soilioet
402 909 482 970 adeo
503 909 618 989 pendet
639 909 829 988 Euangeliou
851 907 1005 970 modestia
1027 917 1058 968 et

133 991 329 1053 immodestia
357 995 387 1053 in
410 993 484 1054 solis
507 991 705 1053 Pontitioibns
733 991 825 1052 idolis
852 999 882 1050 et
897 990 1057 1072 deputetis

135 1074 238 1135 idiotis
263 1072 466 1136 aenei-sudis?
503 1076 643 1154 Denique
665 1072 784 1135 Bullam
815 1076 903 1134 istem
934 1074 1056 1155 sungad

134 1159 251 1219 neriam
280 1168 310 1218 et
340 1162 424 1221 ouius
448 1159 657 1219 crudelitatem
681 1165 771 1218 nemo
795 1156 946 1238 plus'non
969 1170 1057 1218 exse»

136 1247 264 1318 eastum>
292 1243 411 1303 etiamsi
446 1251 528 1302 neele
558 1240 734 1314 damnaret,
766 1239 925 1301 modestus
953 1240 1007 1301 ille
1026 1246 1058 1301 et

135 1324 306 1385 modestiae
329 1335 391 1386 tum
415 1333 542 1385 exaoton
571 1332 634 1385 tom
658 1324 799 1385 laudator
820 1323 966 1384 Lutomus
994 1336 1057 1385 uon

134 1408 235 1468 solum
258 1426 319 1468 non
342 1411 534 1485 mimitatur,
568 1409 621 1467 sed
645 1408 766 1485 laudat,
789 1409 898 1485 laetat,
920 1404 1057 1482 confidit,

135 1490 285 1570 glorietur
306 1494 336 1551 in
359 1511 407 1554 ee.
450 1493 501 1552 lsti
524 1491 662 1552 suntvirl
686 1492 728 1550 illi
744 1492 927 1570 sanguinum
951 1499 987 1551 et
1004 1489 1057 1551 do·

136 1575 203 1651 lesi,
225 1576 277 1653 qui
298 1575 481 1635 modestiam
496 1575 597 1635 verbis
608 1583 639 1634 et
660 1575 746 1649 vultu
758 1574 914 1649 simulent,
936 1574 1056 1634 interim

136 1674 198 1716 non
222 1659 280 1718 nisi
304 1658 426 1736 eaedes,
450 1659 547 1719 minas
569 1667 601 1718 et
613 1658 933 1737 sanguinemspirant.
955 1655 1057 1717 Remo

134 1739 208 1800 mihi
229 1743 416 1802 eumvirum
446 1745 596 1823 integrum
626 1749 665 1802 et‘
686 1740 861 1801 modestum
894 1753 962 1799 esse
990 1758 1057 1821 per·

133 1823 293 1901 suadebit,
323 1827 371 1885 oui
401 1826 459 1887 ista
482 1822 569 1884 Bulla
591 1824 714 1905 plaeere
736 1832 847 1907 potest.
891 1823 973 1884 Melo
996 1838 1058 1905 ego

134 1915 259 1987 apertus
285 1924 374 1985 esse,
412 1915 443 1969 et
471 1911 624 1968 neminem
656 1904 805 1968 blanditie
831 1905 945 1967 fallere.
986 1905 1059 1967 Boe

134 2007 260 2070 possum
290 1993 403 2052 testari.
448 1991 563 2053 (lortex
594 2009 682 2052 meus
713 2006 792 2051 esse
814 1997 917 2070 potest
943 1988 1059 2072 duam,

133 2073 188 2134 sed
211 2073 338 2134 nucleus
356 2092 446 2134 mens
469 2074 570 2135 mollis
588 2083 618 2134 et
641 2074 737 2134 duleis
760 2078 816 2154 est,
839 2074 952 2133 nemini
976 2074 1058 2134 enim

136 2157 218 2218 male
239 2152 324 2232 volo,
348 2157 403 2217 sed
426 2157 567 2218 omnibns
585 2164 660 2240 opto
684 2176 802 2216 meeum
826 2172 917 2236 quom
940 2156 1059 2236 optime

134 2239 317 2303 consultum.
360 2240 458 2302 Porro
492 2242 600 2300 dun'tia
630 2260 714 2318 mea,
750 2246 784 2300 ut
813 2240 926 2299 nemini
954 2246 1059 2315 nocet,

133 2324 175 2382 ita
199 2324 353 2383 neminem
376 2324 469 2404 fallit,
492 2326 616 2404 qui-me
640 2326 730 2400 vitat,
753 2323 825 2382 nihil
848 2343 866 2382 a
888 2341 936 2382 me
960 2323 1058 2402 patie-

134 2413 191 2482 tur,
211 2408 261 2485 qui
285 2424 335 2466 me
356 2407 422 2486 fert,
445 2408 530 2468 luero
553 2416 691 2488 augetur.
726 2406 873 2467 Salomon
898 2404 1059 2467 dieitPro·

135 2489 217 2552 verb.
241 2492 298 2555 28:
322 2489 380 2566 Qui
403 2492 527 2571 corripit
549 2493 715 2569 hominem,
740 2497 848 2572 postea
862 2499 968 2570 gratim
988 2490 1060 2566 erit,

134 2590 210 2652 pree
232 2573 296 2647 illo,
317 2575 371 2652 qui
394 2573 523 2635 blandus
545 2583 592 2635 est
614 2569 729 2655 lingde.

217 2656 338 2718 Deinde
359 2659 389 2718 io
413 2677 513 2719 meum
538 2660 652 2718 erimen
676 2656 849 2737 augendum
874 2655 990 2715 indueit
1011 2672 1058 2715 se·

133 2758 202 2800 uem
213 2741 366 2820 quendem
376 2740 563 2802 deRomano
576 2744 724 2822 episeopo
736 2737 987 2819 reprehendendo
997 2737 1059 2799 dis·

132 2830 300 2904 putantem,
323 2825 373 2903 qui
397 2824 453 2884 sibi
476 2826 558 2885 visus
581 2828 620 2884 sit
641 2827 782 2904 sapiens3
811 2840 882 2882 nam
904 2824 1059 2884 sententle

132 2908 336 2990 propulsent,
358 2926 459 2987 neque
484 2908 647 2969 tacendum
671 2926 771 2987 neque
794 2907 980 2985 loquendum
1005 2925 1060 2987 pe·

132 2991 222 3070 nitus,
244 2991 369 3052 modum
393 3011 468 3052 vero
490 2992 579 3051 huius
601 3011 692 3071 supra
716 3009 803 3050 suum
826 2997 951 3070 captum
975 3007 1058 3050 esee.

132 3072 198 3134 Neo
220 3076 340 3150 mirum,
363 3075 519 3135 referenda
542 3075 596 3135 fuit
620 3077 718 3154 gratia
733 3080 836 3135 tantae
859 3072 977 3149 Bullae,
999 3088 1060 3152 pro

132 3173 192 3235 qua
214 3159 305 3217 etiam
321 3175 358 3217 ea
370 3158 543 3237 ignoranda
559 3169 639 3231 sunt,
662 3158 839 3237 quaepueni
862 3157 970 3233 sciunt,
993 3172 1058 3216 rur·

132 3258 198 3299 sum
222 3238 359 3318 seienda,
380 3258 460 3320 qune
481 3242 530 3301 vel
554 3242 654 3321 angeli
676 3244 828 3322 ignorant.
861 3240 940 3300 Nam
963 3239 1059 3300 Lato·

133 3341 202 3383 mus
230 3322 376 3404 Magister
396 3323 603 3405 Theologiae‚
640 3326 742 3384 divina
771 3324 831 3383 hoo
859 3324 948 3383 titulo
978 3323 1059 3382 seire

132 3424 201 3468 sese
220 3407 396 3487 professus,
424 3426 502 3487 quae
525 3409 637 3468 etheo
659 3408 735 3468 libro
761 3407 911 3484 defendit,
942 3415 975 3466 nt
996 3407 1059 3466 eal·

133 3486 318 3551 lentissimae
341 3510 458 3572 eorum,
481 3491 582 3553 adhue
604 3492 727 3572 ignoret
748 3492 882 3550 humane
900 3493 961 3550 ista
983 3506 1058 3569 quo·

135 3574 251 3636 tidiano
266 3592 331 3635 ‘usu
352 3577 527 3655 praesentia
549 3576 650 3652 miser,
679 3593 745 3651 nee,
767 3573 839 3653 qnid
862 3571 1058 3654 periclitanti·

132 3663 181 3718 tus
204 3656 364 3718 animabus
384 3659 606 3719 consulendum
627 3661 675 3737 sit,
700 3659 794 3733 novit,
817 3658 937 3718 interim
954 3663 1057 3715 umen

133 3746 249 3818 sertus,
285 3739 357 3821 quid
388 3749 484 3821 egent
503 3743 623 3805 animae
645 3742 676 3802 in
698 3743 895 3823 puagmoaio,
924 3745 987 3801 tum
1011 3758 1057 3798 re-
