<?xml version="1.0" encoding="UTF-8"?>
<!DOCTYPE html PUBLIC "-//W3C//DTD XHTML 1.0 Transitional//EN"
    "http://www.w3.org/TR/xhtml1/DTD/xhtml1-transitional.dtd">
<html xmlns="http://www.w3.org/1999/xhtml" xml:lang="en" lang="en">
 <head>
  <title>
</title>
<meta http-equiv="Content-Type" content="text/html;charset=utf-8" />
  <meta name='ocr-system' content='tesseract 3.04.00' />
  <meta name='ocr-capabilities' content='ocr_page ocr_carea ocr_par ocr_line ocrx_word'/>
</head>
<body>
  <div class='ocr_page' id='page_1' title='image "./dmartinilutheri03luthgoog_1034.png"; bbox 0 0 2392 4170; ppageno 0'>
   <div class='ocr_carea' id='block_1_1' title="bbox 382 254 1060 329">
    <p class='ocr_par' dir='ltr' id='par_1_1' title="bbox 382 254 1060 329">
     <span class='ocr_line' id='line_1_1' title="bbox 382 254 1060 329; baseline 0.013 -9"><span class='ocrx_word' id='word_1_1' title='bbox 382 261 419 320; x_wconf 89' lang='lat' dir='ltr'>ad</span> <span class='ocrx_word' id='word_1_2' title='bbox 436 260 510 320; x_wconf 79' lang='lat' dir='ltr'>Frid.</span> <span class='ocrx_word' id='word_1_3' title='bbox 528 262 563 321; x_wconf 88' lang='lat' dir='ltr'>D.</span> <span class='ocrx_word' id='word_1_4' title='bbox 583 257 647 319; x_wconf 83' lang='lat' dir='ltr'>Sar.</span> <span class='ocrx_word' id='word_1_5' title='bbox 667 258 731 318; x_wconf 86' lang='lat' dir='ltr'>adv.</span> <span class='ocrx_word' id='word_1_6' title='bbox 751 257 830 324; x_wconf 81' lang='lat' dir='ltr'>tutu.</span> <span class='ocrx_word' id='word_1_7' title='bbox 893 305 904 326; x_wconf 84' lang='grc'><strong>.</strong></span> <span class='ocrx_word' id='word_1_8' title='bbox 998 254 1060 329; x_wconf 84' lang='grc'>491</span> 
     </span>
    </p>
   </div>
   <div class='ocr_carea' id='block_1_2' title="bbox 135 435 1064 2353">
    <p class='ocr_par' dir='ltr' id='par_1_2' title="bbox 135 435 1064 2353">
     <span class='ocr_line' id='line_1_2' title="bbox 218 435 1060 517; baseline -0.002 -18"><span class='ocrx_word' id='word_1_9' title='bbox 218 435 309 515; x_wconf 83' lang='lat' dir='ltr'>Quod</span> <span class='ocrx_word' id='word_1_10' title='bbox 332 438 358 498; x_wconf 89' lang='lat' dir='ltr'>si</span> <span class='ocrx_word' id='word_1_11' title='bbox 381 435 527 517; x_wconf 80' lang='lat' dir='ltr'>dixeritis,</span> <span class='ocrx_word' id='word_1_12' title='bbox 548 456 611 499; x_wconf 89' lang='lat' dir='ltr'>non</span> <span class='ocrx_word' id='word_1_13' title='bbox 624 435 858 517; x_wconf 88' lang='lat' dir='ltr'>ambulabimus,</span> <span class='ocrx_word' id='word_1_14' title='bbox 881 440 913 496; x_wconf 91' lang='lat' dir='ltr'>et</span> <span class='ocrx_word' id='word_1_15' title='bbox 935 440 1060 516; x_wconf 89' lang='lat' dir='ltr'>paterne</span> 
     </span>
     <span class='ocr_line' id='line_1_3' title="bbox 135 519 1060 602; baseline -0.003 -20"><span class='ocrx_word' id='word_1_16' title='bbox 135 520 356 601; x_wconf 78' lang='lat' dir='ltr'>salubriterque</span> <span class='ocrx_word' id='word_1_17' title='bbox 378 539 434 582; x_wconf 91' lang='lat' dir='ltr'>vos</span> <span class='ocrx_word' id='word_1_18' title='bbox 458 522 594 582; x_wconf 89' lang='lat' dir='ltr'>monenti</span> <span class='ocrx_word' id='word_1_19' title='bbox 614 520 850 602; x_wconf 89' lang='lat' dir='ltr'>respondebitis,</span> <span class='ocrx_word' id='word_1_20' title='bbox 872 539 933 580; x_wconf 90' lang='lat' dir='ltr'>non</span> <span class='ocrx_word' id='word_1_21' title='bbox 957 519 1060 580; x_wconf 88' lang='lat' dir='ltr'>audie-</span> 
     </span>
     <span class='ocr_line' id='line_1_4' title="bbox 136 604 1061 686; baseline -0.001 -20"><span class='ocrx_word' id='word_1_22' title='bbox 136 625 217 666; x_wconf 86' lang='lat' dir='ltr'>mus:</span> <span class='ocrx_word' id='word_1_23' title='bbox 260 604 336 667; x_wconf 92' lang='lat' dir='ltr'>Ideo</span> <span class='ocrx_word' id='word_1_24' title='bbox 358 604 460 666; x_wconf 89' lang='lat' dir='ltr'>audite</span> <span class='ocrx_word' id='word_1_25' title='bbox 482 611 606 686; x_wconf 84' lang='lat' dir='ltr'>gentes,</span> <span class='ocrx_word' id='word_1_26' title='bbox 629 604 701 665; x_wconf 89' lang='lat' dir='ltr'>dicit</span> <span class='ocrx_word' id='word_1_27' title='bbox 713 605 872 682; x_wconf 87' lang='lat' dir='ltr'>Dominus,</span> <span class='ocrx_word' id='word_1_28' title='bbox 896 609 927 666; x_wconf 87' lang='lat' dir='ltr'>et</span> <span class='ocrx_word' id='word_1_29' title='bbox 947 622 1061 684; x_wconf 88' lang='lat' dir='ltr'>coguo-</span> 
     </span>
     <span class='ocr_line' id='line_1_5' title="bbox 136 689 1060 770; baseline -0.002 -20"><span class='ocrx_word' id='word_1_30' title='bbox 136 690 212 750; x_wconf 88' lang='lat' dir='ltr'>soits</span> <span class='ocrx_word' id='word_1_31' title='bbox 234 695 465 770; x_wconf 84' lang='lat' dir='ltr'>congregatum,</span> <span class='ocrx_word' id='word_1_32' title='bbox 488 694 601 768; x_wconf 89' lang='lat' dir='ltr'>quanta</span> <span class='ocrx_word' id='word_1_33' title='bbox 623 708 682 768; x_wconf 86' lang='lat' dir='ltr'>ego</span> <span class='ocrx_word' id='word_1_34' title='bbox 705 689 815 749; x_wconf 89' lang='lat' dir='ltr'>faciam</span> <span class='ocrx_word' id='word_1_35' title='bbox 839 689 893 765; x_wconf 92' lang='lat' dir='ltr'>eis,</span> <span class='ocrx_word' id='word_1_36' title='bbox 916 705 1060 767; x_wconf 86' lang='lat' dir='ltr'>ecoeego</span> 
     </span>
     <span class='ocr_line' id='line_1_6' title="bbox 135 771 1061 853; baseline -0.003 -20"><span class='ocrx_word' id='word_1_37' title='bbox 135 772 286 833; x_wconf 88' lang='lat' dir='ltr'>adducam</span> <span class='ocrx_word' id='word_1_38' title='bbox 310 773 391 833; x_wconf 90' lang='lat' dir='ltr'>mala</span> <span class='ocrx_word' id='word_1_39' title='bbox 411 792 503 853; x_wconf 90' lang='lat' dir='ltr'>super</span> <span class='ocrx_word' id='word_1_40' title='bbox 525 772 671 853; x_wconf 92' lang='lat' dir='ltr'>populum</span> <span class='ocrx_word' id='word_1_41' title='bbox 693 772 800 848; x_wconf 88' lang='lat' dir='ltr'>istum,</span> <span class='ocrx_word' id='word_1_42' title='bbox 823 771 952 831; x_wconf 90' lang='lat' dir='ltr'>fructum</span> <span class='ocrx_word' id='word_1_43' title='bbox 975 771 1061 852; x_wconf 83' lang='lat' dir='ltr'>cogi-</span> 
     </span>
     <span class='ocr_line' id='line_1_7' title="bbox 135 854 1063 937; baseline -0.002 -20"><span class='ocrx_word' id='word_1_44' title='bbox 135 857 284 917; x_wconf 89' lang='lat' dir='ltr'>tationum</span> <span class='ocrx_word' id='word_1_45' title='bbox 307 857 387 937; x_wconf 84' lang='lat' dir='ltr'>eius,</span> <span class='ocrx_word' id='word_1_46' title='bbox 424 857 496 935; x_wconf 86' lang='lat' dir='ltr'>quia</span> <span class='ocrx_word' id='word_1_47' title='bbox 533 855 627 917; x_wconf 88' lang='lat' dir='ltr'>verba</span> <span class='ocrx_word' id='word_1_48' title='bbox 656 875 725 916; x_wconf 84' lang='lat' dir='ltr'>meu</span> <span class='ocrx_word' id='word_1_49' title='bbox 758 873 820 916; x_wconf 94' lang='lat' dir='ltr'>non</span> <span class='ocrx_word' id='word_1_50' title='bbox 850 854 1010 915; x_wconf 84' lang='lat' dir='ltr'>audierunt</span> <span class='ocrx_word' id='word_1_51' title='bbox 1032 861 1063 915; x_wconf 87' lang='lat' dir='ltr'>et</span> 
     </span>
     <span class='ocr_line' id='line_1_8' title="bbox 135 937 1061 1025; baseline -0.002 -25"><span class='ocrx_word' id='word_1_52' title='bbox 135 939 235 1020; x_wconf 85' lang='lat' dir='ltr'>legem</span> <span class='ocrx_word' id='word_1_53' title='bbox 266 959 366 1001; x_wconf 89' lang='lat' dir='ltr'>meam</span> <span class='ocrx_word' id='word_1_54' title='bbox 403 941 606 1025; x_wconf 87' lang='lat' dir='ltr'>proiecerunt.</span> <span class='ocrx_word' id='word_1_55' title='bbox 651 938 710 1000; x_wconf 83' lang='lat' dir='ltr'>Sed</span> <span class='ocrx_word' id='word_1_56' title='bbox 733 946 763 999; x_wconf 88' lang='lat' dir='ltr'>et</span> <span class='ocrx_word' id='word_1_57' title='bbox 786 938 846 998; x_wconf 89' lang='lat' dir='ltr'>hou</span> <span class='ocrx_word' id='word_1_58' title='bbox 868 938 921 999; x_wconf 90' lang='lat' dir='ltr'>tihi</span> <span class='ocrx_word' id='word_1_59' title='bbox 944 937 1061 998; x_wconf 91' lang='lat' dir='ltr'>denun-</span> 
     </span>
     <span class='ocr_line' id='line_1_9' title="bbox 137 1021 1063 1104; baseline 0.001 -22"><span class='ocrx_word' id='word_1_60' title='bbox 137 1025 252 1083; x_wconf 81' lang='lat' dir='ltr'>ciamus</span> <span class='ocrx_word' id='word_1_61' title='bbox 274 1024 304 1083; x_wconf 93' lang='lat' dir='ltr'>in</span> <span class='ocrx_word' id='word_1_62' title='bbox 328 1024 438 1084; x_wconf 87' lang='lat' dir='ltr'>virtute</span> <span class='ocrx_word' id='word_1_63' title='bbox 461 1024 678 1104; x_wconf 88' lang='lat' dir='ltr'>omnipotentis</span> <span class='ocrx_word' id='word_1_64' title='bbox 693 1022 749 1083; x_wconf 91' lang='lat' dir='ltr'>Dei</span> <span class='ocrx_word' id='word_1_65' title='bbox 774 1027 804 1082; x_wconf 89' lang='lat' dir='ltr'>et</span> <span class='ocrx_word' id='word_1_66' title='bbox 818 1021 942 1082; x_wconf 89' lang='lat' dir='ltr'>Domini</span> <span class='ocrx_word' id='word_1_67' title='bbox 965 1022 1063 1085; x_wconf 84' lang='lat' dir='ltr'>nostri</span> 
     </span>
     <span class='ocr_line' id='line_1_10' title="bbox 135 1106 1061 1185; baseline 0.001 -19"><span class='ocrx_word' id='word_1_68' title='bbox 135 1106 204 1167; x_wconf 88' lang='lat' dir='ltr'>Iesu</span> <span class='ocrx_word' id='word_1_69' title='bbox 227 1106 347 1185; x_wconf 83' lang='lat' dir='ltr'>Christi,</span> <span class='ocrx_word' id='word_1_70' title='bbox 371 1107 456 1168; x_wconf 90' lang='lat' dir='ltr'>cuius</span> <span class='ocrx_word' id='word_1_71' title='bbox 478 1108 509 1167; x_wconf 93' lang='lat' dir='ltr'>in</span> <span class='ocrx_word' id='word_1_72' title='bbox 532 1108 619 1168; x_wconf 89' lang='lat' dir='ltr'>terris</span> <span class='ocrx_word' id='word_1_73' title='bbox 643 1107 772 1167; x_wconf 85' lang='lat' dir='ltr'>vicarius</span> <span class='ocrx_word' id='word_1_74' title='bbox 795 1124 916 1185; x_wconf 91' lang='lat' dir='ltr'>sumus,</span> <span class='ocrx_word' id='word_1_75' title='bbox 952 1124 1010 1166; x_wconf 89' lang='lat' dir='ltr'>neo</span> <span class='ocrx_word' id='word_1_76' title='bbox 1030 1106 1061 1167; x_wconf 91' lang='lat' dir='ltr'>in</span> 
     </span>
     <span class='ocr_line' id='line_1_11' title="bbox 136 1188 1061 1270; baseline 0 -20"><span class='ocrx_word' id='word_1_77' title='bbox 136 1191 290 1270; x_wconf 80' lang='lat' dir='ltr'>praesenti</span> <span class='ocrx_word' id='word_1_78' title='bbox 312 1195 343 1252; x_wconf 87' lang='lat' dir='ltr'>tc</span> <span class='ocrx_word' id='word_1_79' title='bbox 365 1190 545 1252; x_wconf 72' lang='lat' dir='ltr'>seculo‘hoc</span> <span class='ocrx_word' id='word_1_80' title='bbox 565 1191 697 1251; x_wconf 88' lang='lat' dir='ltr'>laturum</span> <span class='ocrx_word' id='word_1_81' title='bbox 710 1190 833 1269; x_wconf 89' lang='lat' dir='ltr'>impune</span> <span class='ocrx_word' id='word_1_82' title='bbox 856 1194 887 1249; x_wconf 91' lang='lat' dir='ltr'>et</span> <span class='ocrx_word' id='word_1_83' title='bbox 908 1189 939 1248; x_wconf 88' lang='lat' dir='ltr'>in</span> <span class='ocrx_word' id='word_1_84' title='bbox 962 1188 1061 1250; x_wconf 86' lang='lat' dir='ltr'>futuro</span> 
     </span>
     <span class='ocr_line' id='line_1_12' title="bbox 136 1272 1063 1355; baseline 0.001 -23"><span class='ocrx_word' id='word_1_85' title='bbox 136 1275 252 1334; x_wconf 87' lang='lat' dir='ltr'>aeterni</span> <span class='ocrx_word' id='word_1_86' title='bbox 286 1280 316 1335; x_wconf 87' lang='lat' dir='ltr'>ts</span> <span class='ocrx_word' id='word_1_87' title='bbox 349 1275 428 1354; x_wconf 87' lang='lat' dir='ltr'>ignis</span> <span class='ocrx_word' id='word_1_88' title='bbox 451 1281 633 1355; x_wconf 87' lang='lat' dir='ltr'>exspectare</span> <span class='ocrx_word' id='word_1_89' title='bbox 665 1272 825 1334; x_wconf 88' lang='lat' dir='ltr'>incendia:</span> <span class='ocrx_word' id='word_1_90' title='bbox 869 1272 975 1332; x_wconf 76' lang='lat' dir='ltr'>vivum</span> <span class='ocrx_word' id='word_1_91' title='bbox 1002 1291 1063 1334; x_wconf 85' lang='lat' dir='ltr'>una</span> 
     </span>
     <span class='ocr_line' id='line_1_13' title="bbox 136 1355 1062 1438; baseline 0 -21"><span class='ocrx_word' id='word_1_92' title='bbox 136 1357 275 1438; x_wconf 82' lang='lat' dir='ltr'>pontifex</span> <span class='ocrx_word' id='word_1_93' title='bbox 297 1356 449 1419; x_wconf 83' lang='lat' dir='ltr'>Adrianus</span> <span class='ocrx_word' id='word_1_94' title='bbox 478 1365 509 1418; x_wconf 91' lang='lat' dir='ltr'>et</span> <span class='ocrx_word' id='word_1_95' title='bbox 533 1357 781 1437; x_wconf 86' lang='lat' dir='ltr'>religiosissimus</span> <span class='ocrx_word' id='word_1_96' title='bbox 803 1355 977 1436; x_wconf 86' lang='lat' dir='ltr'>Imperator</span> <span class='ocrx_word' id='word_1_97' title='bbox 1007 1355 1062 1417; x_wconf 82' lang='lat' dir='ltr'>Oa-</span> 
     </span>
     <span class='ocr_line' id='line_1_14' title="bbox 135 1439 1064 1522; baseline 0 -22"><span class='ocrx_word' id='word_1_98' title='bbox 135 1441 234 1522; x_wconf 80' lang='lat' dir='ltr'>solus,</span> <span class='ocrx_word' id='word_1_99' title='bbox 264 1441 329 1501; x_wconf 88' lang='lat' dir='ltr'>elus</span> <span class='ocrx_word' id='word_1_100' title='bbox 352 1442 526 1502; x_wconf 88' lang='lat' dir='ltr'>carissimus</span> <span class='ocrx_word' id='word_1_101' title='bbox 548 1442 578 1501; x_wconf 92' lang='lat' dir='ltr'>in</span> <span class='ocrx_word' id='word_1_102' title='bbox 602 1440 723 1501; x_wconf 81' lang='lat' dir='ltr'>Christo</span> <span class='ocrx_word' id='word_1_103' title='bbox 757 1439 838 1499; x_wconf 89' lang='lat' dir='ltr'>filius</span> <span class='ocrx_word' id='word_1_104' title='bbox 860 1445 891 1500; x_wconf 88' lang='lat' dir='ltr'>et</span> <span class='ocrx_word' id='word_1_105' title='bbox 912 1439 1064 1518; x_wconf 90' lang='lat' dir='ltr'>alumnus,</span> 
     </span>
     <span class='ocr_line' id='line_1_15' title="bbox 137 1522 1063 1586; baseline 0 -2"><span class='ocrx_word' id='word_1_106' title='bbox 137 1525 223 1584; x_wconf 92' lang='lat' dir='ltr'>cuins</span> <span class='ocrx_word' id='word_1_107' title='bbox 247 1531 278 1584; x_wconf 89' lang='lat' dir='ltr'>tu</span> <span class='ocrx_word' id='word_1_108' title='bbox 301 1524 434 1584; x_wconf 88' lang='lat' dir='ltr'>edictum</span> <span class='ocrx_word' id='word_1_109' title='bbox 464 1544 534 1585; x_wconf 88' lang='lat' dir='ltr'>vere</span> <span class='ocrx_word' id='word_1_110' title='bbox 558 1524 761 1586; x_wconf 81' lang='lat' dir='ltr'>Christianum</span> <span class='ocrx_word' id='word_1_111' title='bbox 785 1522 932 1583; x_wconf 90' lang='lat' dir='ltr'>adversus</span> <span class='ocrx_word' id='word_1_112' title='bbox 954 1522 1063 1584; x_wconf 88' lang='lat' dir='ltr'>Luthe·</span> 
     </span>
     <span class='ocr_line' id='line_1_16' title="bbox 138 1605 1064 1688; baseline 0.001 -22"><span class='ocrx_word' id='word_1_113' title='bbox 138 1626 242 1667; x_wconf 89' lang='lat' dir='ltr'>ranam</span> <span class='ocrx_word' id='word_1_114' title='bbox 266 1607 441 1686; x_wconf 80' lang='lat' dir='ltr'>perfidiam,</span> <span class='ocrx_word' id='word_1_115' title='bbox 469 1615 499 1667; x_wconf 88' lang='lat' dir='ltr'>et</span> <span class='ocrx_word' id='word_1_116' title='bbox 522 1608 604 1688; x_wconf 92' lang='lat' dir='ltr'>quod</span> <span class='ocrx_word' id='word_1_117' title='bbox 627 1605 719 1668; x_wconf 87' lang='lat' dir='ltr'>talem</span> <span class='ocrx_word' id='word_1_118' title='bbox 744 1606 873 1667; x_wconf 78' lang='lat' dir='ltr'>decebat</span> <span class='ocrx_word' id='word_1_119' title='bbox 893 1605 1064 1686; x_wconf 87' lang='lat' dir='ltr'>Imperato-</span> 
     </span>
     <span class='ocr_line' id='line_1_17' title="bbox 136 1689 1064 1770; baseline 0 -20"><span class='ocrx_word' id='word_1_120' title='bbox 136 1710 212 1767; x_wconf 88' lang='lat' dir='ltr'>rem,</span> <span class='ocrx_word' id='word_1_121' title='bbox 235 1709 298 1750; x_wconf 90' lang='lat' dir='ltr'>non</span> <span class='ocrx_word' id='word_1_122' title='bbox 320 1692 387 1751; x_wconf 88' lang='lat' dir='ltr'>sine</span> <span class='ocrx_word' id='word_1_123' title='bbox 409 1692 494 1770; x_wconf 85' lang='lat' dir='ltr'>gravi</span> <span class='ocrx_word' id='word_1_124' title='bbox 524 1692 642 1751; x_wconf 83' lang='lat' dir='ltr'>offensa</span> <span class='ocrx_word' id='word_1_125' title='bbox 671 1709 708 1750; x_wconf 89' lang='lat' dir='ltr'>ac</span> <span class='ocrx_word' id='word_1_126' title='bbox 730 1689 933 1769; x_wconf 85' lang='lat' dir='ltr'>vilipensione</span> <span class='ocrx_word' id='word_1_127' title='bbox 952 1690 1064 1751; x_wconf 83' lang='lat' dir='ltr'>Gaesa-</span> 
     </span>
     <span class='ocr_line' id='line_1_18' title="bbox 136 1769 1064 1834; baseline 0.002 -2"><span class='ocrx_word' id='word_1_128' title='bbox 136 1792 209 1833; x_wconf 86' lang='lat' dir='ltr'>reae</span> <span class='ocrx_word' id='word_1_129' title='bbox 230 1769 399 1832; x_wconf 79' lang='lat' dir='ltr'>Maiestatis</span> <span class='ocrx_word' id='word_1_130' title='bbox 421 1774 537 1834; x_wconf 88' lang='lat' dir='ltr'>violare</span> <span class='ocrx_word' id='word_1_131' title='bbox 561 1793 623 1834; x_wconf 90' lang='lat' dir='ltr'>non</span> <span class='ocrx_word' id='word_1_132' title='bbox 658 1774 792 1833; x_wconf 87' lang='lat' dir='ltr'>timuisti.</span> <span class='ocrx_word' id='word_1_133' title='bbox 835 1773 903 1833; x_wconf 89' lang='lat' dir='ltr'>Non</span> <span class='ocrx_word' id='word_1_134' title='bbox 927 1775 1064 1834; x_wconf 87' lang='lat' dir='ltr'>commit-</span> 
     </span>
     <span class='ocr_line' id='line_1_19' title="bbox 139 1855 1062 1936; baseline 0.001 -19"><span class='ocrx_word' id='word_1_135' title='bbox 139 1862 255 1934; x_wconf 87' lang='lat' dir='ltr'>temus,</span> <span class='ocrx_word' id='word_1_136' title='bbox 293 1863 324 1914; x_wconf 94' lang='lat' dir='ltr'>ut</span> <span class='ocrx_word' id='word_1_137' title='bbox 348 1875 425 1934; x_wconf 91' lang='lat' dir='ltr'>quos</span> <span class='ocrx_word' id='word_1_138' title='bbox 448 1856 521 1916; x_wconf 90' lang='lat' dir='ltr'>olim</span> <span class='ocrx_word' id='word_1_139' title='bbox 544 1875 611 1916; x_wconf 89' lang='lat' dir='ltr'>oum</span> <span class='ocrx_word' id='word_1_140' title='bbox 635 1876 748 1936; x_wconf 84' lang='lat' dir='ltr'>magno</span> <span class='ocrx_word' id='word_1_141' title='bbox 774 1855 886 1918; x_wconf 81' lang='lat' dir='ltr'>carolo</span> <span class='ocrx_word' id='word_1_142' title='bbox 910 1855 1062 1918; x_wconf 83' lang='lat' dir='ltr'>Adrianus</span> 
     </span>
     <span class='ocr_line' id='line_1_20' title="bbox 137 1938 1063 2020; baseline 0.001 -21"><span class='ocrx_word' id='word_1_143' title='bbox 137 1938 280 1999; x_wconf 87' lang='lat' dir='ltr'>Pontifex</span> <span class='ocrx_word' id='word_1_144' title='bbox 302 1939 332 1998; x_wconf 95' lang='lat' dir='ltr'>in</span> <span class='ocrx_word' id='word_1_145' title='bbox 356 1939 475 2000; x_wconf 79' lang='lat' dir='ltr'>Christo</span> <span class='ocrx_word' id='word_1_146' title='bbox 498 1946 681 2020; x_wconf 87' lang='lat' dir='ltr'>genuerunt,</span> <span class='ocrx_word' id='word_1_147' title='bbox 704 1958 787 2000; x_wconf 90' lang='lat' dir='ltr'>nunc</span> <span class='ocrx_word' id='word_1_148' title='bbox 809 1938 961 2000; x_wconf 84' lang='lat' dir='ltr'>Adrianus</span> <span class='ocrx_word' id='word_1_149' title='bbox 986 1940 1063 2001; x_wconf 91' lang='lat' dir='ltr'>Pon·</span> 
     </span>
     <span class='ocr_line' id='line_1_21' title="bbox 137 2022 1062 2102; baseline 0.001 -19"><span class='ocrx_word' id='word_1_150' title='bbox 137 2023 213 2084; x_wconf 84' lang='lat' dir='ltr'>tifex</span> <span class='ocrx_word' id='word_1_151' title='bbox 236 2030 266 2084; x_wconf 88' lang='lat' dir='ltr'>et</span> <span class='ocrx_word' id='word_1_152' title='bbox 288 2022 456 2102; x_wconf 88' lang='lat' dir='ltr'>imperator</span> <span class='ocrx_word' id='word_1_153' title='bbox 479 2023 608 2084; x_wconf 80' lang='lat' dir='ltr'>Carolus</span> <span class='ocrx_word' id='word_1_154' title='bbox 630 2023 686 2084; x_wconf 90' lang='lat' dir='ltr'>suh</span> <span class='ocrx_word' id='word_1_155' title='bbox 709 2022 911 2083; x_wconf 75' lang='lat' dir='ltr'>schismaticis</span> <span class='ocrx_word' id='word_1_156' title='bbox 934 2042 971 2083; x_wconf 86' lang='lat' dir='ltr'>ac</span> <span class='ocrx_word' id='word_1_157' title='bbox 992 2023 1062 2084; x_wconf 90' lang='lat' dir='ltr'>hae-</span> 
     </span>
     <span class='ocr_line' id='line_1_22' title="bbox 136 2106 1063 2186; baseline -0.001 -20"><span class='ocrx_word' id='word_1_158' title='bbox 136 2107 232 2166; x_wconf 87' lang='lat' dir='ltr'>retico</span> <span class='ocrx_word' id='word_1_159' title='bbox 256 2112 386 2186; x_wconf 84' lang='lat' dir='ltr'>tyranno</span> <span class='ocrx_word' id='word_1_160' title='bbox 419 2106 591 2168; x_wconf 89' lang='lat' dir='ltr'>haeresium</span> <span class='ocrx_word' id='word_1_161' title='bbox 625 2125 662 2167; x_wconf 88' lang='lat' dir='ltr'>ac</span> <span class='ocrx_word' id='word_1_162' title='bbox 691 2106 887 2166; x_wconf 88' lang='lat' dir='ltr'>schismatum</span> <span class='ocrx_word' id='word_1_163' title='bbox 927 2107 1063 2167; x_wconf 90' lang='lat' dir='ltr'>sinamus</span> 
     </span>
     <span class='ocr_line' id='line_1_23' title="bbox 137 2189 1064 2270; baseline 0.004 -23"><span class='ocrx_word' id='word_1_164' title='bbox 137 2190 260 2249; x_wconf 86' lang='lat' dir='ltr'>interire</span> <span class='ocrx_word' id='word_1_165' title='bbox 295 2190 493 2270; x_wconf 83' lang='lat' dir='ltr'>contagione.</span> <span class='ocrx_word' id='word_1_166' title='bbox 559 2190 661 2266; x_wconf 79' lang='lat' dir='ltr'>Quare</span> <span class='ocrx_word' id='word_1_167' title='bbox 698 2189 893 2250; x_wconf 85' lang='lat' dir='ltr'>revertamini</span> <span class='ocrx_word' id='word_1_168' title='bbox 928 2189 967 2250; x_wconf 84' lang='lat' dir='ltr'>ad</span> <span class='ocrx_word' id='word_1_169' title='bbox 1000 2209 1064 2270; x_wconf 89' lang='lat' dir='ltr'>cor,</span> 
     </span>
     <span class='ocr_line' id='line_1_24' title="bbox 137 2271 1063 2353; baseline 0.004 -24"><span class='ocrx_word' id='word_1_170' title='bbox 137 2271 321 2350; x_wconf 85' lang='lat' dir='ltr'>resipiscite,</span> <span class='ocrx_word' id='word_1_171' title='bbox 344 2279 376 2332; x_wconf 87' lang='lat' dir='ltr'>tu</span> <span class='ocrx_word' id='word_1_172' title='bbox 404 2275 508 2353; x_wconf 90' lang='lat' dir='ltr'>tuique</span> <span class='ocrx_word' id='word_1_173' title='bbox 544 2277 653 2334; x_wconf 87' lang='lat' dir='ltr'>misere</span> <span class='ocrx_word' id='word_1_174' title='bbox 676 2273 793 2334; x_wconf 89' lang='lat' dir='ltr'>seducti</span> <span class='ocrx_word' id='word_1_175' title='bbox 817 2272 973 2350; x_wconf 82' lang='lat' dir='ltr'>Saxones,</span> <span class='ocrx_word' id='word_1_176' title='bbox 1004 2273 1063 2333; x_wconf 91' lang='lat' dir='ltr'>nisi</span> 
     </span>
    </p>
   </div>
   <div class='ocr_carea' id='block_1_3' title="bbox 137 2354 1063 2518">
    <p class='ocr_par' dir='ltr' id='par_1_3' title="bbox 137 2354 1063 2518">
     <span class='ocr_line' id='line_1_25' title="bbox 137 2354 1063 2437; baseline 0.004 -25"><span class='ocrx_word' id='word_1_177' title='bbox 137 2359 299 2432; x_wconf 89' lang='lat' dir='ltr'>utrumque</span> <span class='ocrx_word' id='word_1_178' title='bbox 321 2354 455 2433; x_wconf 86' lang='lat' dir='ltr'>gladium</span> <span class='ocrx_word' id='word_1_179' title='bbox 478 2357 691 2437; x_wconf 89' lang='lat' dir='ltr'>Apostolicum</span> <span class='ocrx_word' id='word_1_180' title='bbox 713 2357 802 2417; x_wconf 92' lang='lat' dir='ltr'>simul</span> <span class='ocrx_word' id='word_1_181' title='bbox 826 2363 856 2418; x_wconf 86' lang='lat' dir='ltr'>el</span> <span class='ocrx_word' id='word_1_182' title='bbox 878 2356 1063 2417; x_wconf 82' lang='lat' dir='ltr'>Caesareum</span> 
     </span>
     <span class='ocr_line' id='line_1_26' title="bbox 137 2436 494 2518; baseline 0.006 -21"><span class='ocrx_word' id='word_1_183' title='bbox 137 2436 209 2497; x_wconf 92' lang='lat' dir='ltr'>olim</span> <span class='ocrx_word' id='word_1_184' title='bbox 233 2436 331 2498; x_wconf 90' lang='lat' dir='ltr'>velitis</span> <span class='ocrx_word' id='word_1_185' title='bbox 353 2439 494 2518; x_wconf 89' lang='lat' dir='ltr'>experiri.</span> 
     </span>
    </p>
   </div>
   <div class='ocr_carea' id='block_1_4' title="bbox 0 0 1202 4170">
    <p class='ocr_par' dir='ltr' id='par_1_4' title="bbox 0 0 1202 4170">
     <span class='ocr_line' id='line_1_27' title="bbox 0 0 1202 4170; baseline 0 0"><span class='ocrx_word' id='word_1_186' title='bbox 0 0 1202 4170; x_wconf 95' lang='lat' dir='ltr'> </span> 
     </span>
    </p>
   </div>
  </div>
 </body>
</html>
