2392 4170
345 281 487 337 Ambrosli
507 278 616 335 Cethar.
636 297 660 334 a
684 279 761 339 11121.
961 277 1025 347 309

96 441 267 513 creiorum,
297 434 454 497 hominum
477 435 584 496 studiis
605 443 755 516 paratum.
797 434 899 497 Mures
920 435 1025 497 ebulli-

95 525 162 596 unt,
183 523 213 579 et
233 520 443 598 prominentes
467 518 586 580 extales
609 537 713 580 eorum
729 524 919 599 putrescunt,
940 539 1025 582 reve·

98 601 169 662 lotis
191 602 448 682 cogitationibus,
478 611 509 662 et
531 601 678 663 doctrinis
700 603 765 662 istis
787 603 953 683 impietatis
974 622 1024 666 eo·

97 703 167 744 rom
188 684 436 765 graveolentibus
459 686 488 745 in
518 692 583 747 toto
616 684 700 748 orbe.
743 684 844 746 Unum
866 687 1023 766 negotium

95 765 213 827 habeut
242 769 342 828 miseri
365 766 512 843 (lethaei,
548 775 580 828 ut
609 775 716 830 contra
737 768 816 829 haec
844 769 900 828 sibi
933 769 1024 831 sellas

95 849 244 931 pelliceas
267 850 389 912 saciant.
433 850 485 911 Sic
506 852 586 912 euim
610 858 641 911 et
652 850 833 914 catherinus
855 852 979 933 pellifex
994 860 1025 913 et

93 932 217 993 sellilex
238 933 298 994 hoo
320 933 397 995 libro
420 953 482 996 non
506 935 562 994 nisi
584 934 690 995 infelix
712 934 887 1014 pellificium
911 935 1025 998 etesel·

95 1015 222 1078 lificinm
245 1036 345 1078 vanae
367 1014 568 1095 detensionis,
590 1018 817 1096 excusationis,
839 1018 1024 1081 consolatio·

95 1100 145 1160 nis
169 1117 224 1181 pro
247 1101 441 1161 sanctissimo
463 1099 547 1162 idolo
577 1107 609 1160 et
630 1100 775 1162 doctrinis
798 1103 863 1161 eius
893 1100 1022 1167 laboret.

98 1181 163 1243 esd
184 1183 278 1243 instat
299 1203 408 1244 manua
431 1184 556 1258 Domini
580 1183 655 1245 dure
676 1203 769 1263 snper
790 1202 855 1260 eos,
876 1203 937 1246 non
961 1203 1023 1245 ces·

97 1273 219 1344 saturo,
253 1265 353 1327 donec
374 1266 463 1326 nobis
484 1286 587 1327 arcam
610 1268 766 1327 remittant
786 1267 925 1327 illaesam
954 1286 1023 1328 cum

95 1349 165 1408 anis
187 1355 218 1409 et
239 1349 374 1410 muribus
393 1351 504 1425 aureis,
527 1369 581 1429 per
597 1351 1023 1427 confessionemiguominio-
1044 1362 1046 1367 '

13 1424 26 1448 ”
95 1450 151 1492 sae
172 1432 337 1511 impietatis
360 1439 391 1492 et
412 1432 640 1493 mendaciorum
665 1452 800 1494 suorum.
973 1449 978 1456 ·

181 1513 276 1574 Dices
299 1521 417 1576 autem:
440 1515 471 1576 si
495 1516 717 1578 ecclesiatota
738 1522 785 1576 est
805 1516 835 1575 in
853 1515 970 1595 spiritu,
993 1523 1025 1577 et

96 1615 147 1657 res
175 1599 301 1660 omnino
331 1598 514 1678 spiritualis,
546 1618 637 1661 nemo
674 1618 748 1680 ergo
783 1617 876 1659 nosse
902 1600 1025 1679 poterit,

97 1678 149 1740 ubi
172 1680 211 1739 sit
232 1680 294 1741 ulla
315 1682 379 1741 eius
402 1701 473 1762 pers
495 1683 604 1742 intoto
627 1681 710 1760 orbe,
733 1682 815 1760 quod
826 1682 1024 1743 vehementer
1075 1728 1078 1730 >

96 1761 264 1823 absurdum
288 1770 344 1826 est.
388 1765 465 1826 Nam
478 1764 547 1825 ideo
561 1784 673 1845 papam
688 1765 862 1839 asserimus,
883 1770 918 1825 ut
938 1771 1023 1827 certo

93 1846 168 1907 loco
190 1846 353 1906 ecclesiam
383 1849 510 1908 inveniri
540 1847 641 1910 liceat.
686 1848 808 1926 Alioqui
837 1847 909 1926 quid
932 1847 1026 1908 docet

93 1927 293 2006 Christus*),
321 1949 396 1990 oves
417 1949 561 2010 pascere,
594 1938 624 1990 et
645 1930 757 1992 Paulus
789 1930 952 1990 ecclesiam
975 1949 1022 1990 ra·

90 2031 183 2093 gere,
218 2019 249 2072 et
268 2012 374 2073 Petrus
407 2032 532 2093 gregem
561 2013 671 2074 Christi
709 2032 859 2094 pascere,
896 2014 922 2073 si
956 2033 1025 2073 nus·

94 2113 187 2174 quem
221 2097 252 2154 in
288 2095 369 2155 orbis
400 2097 490 2156 cerlis
523 2103 667 2175 poterunt
692 2096 771 2159 locis
804 2095 933 2156 inveniri
969 2095 1023 2157 ha·

94 2177 228 2238 bitantes
258 2177 459 2258 corporaliter
489 2178 617 2239 fideles?
653 2179 728 2256 Quis
761 2179 841 2239 enim
869 2177 1024 2258 spiritibus

93 2259 274 2341 praedicet?
304 2270 356 2322 sul
378 2262 589 2342 quisspirilus
618 2262 707 2323 nobis
738 2261 918 2343 praedicat?
952 2260 1025 2323 Oor·

92 2362 153 2424 pus
176 2351 293 2424 ergoet
309 2345 411 2404 locum
422 2346 597 2405 necessario
610 2344 735 2406 habebit
745 2344 887 2425 ecclesia,
910 2344 1024 2406 deinde

92 2426 172 2486 inter
192 2444 326 2507 corpora
347 2435 378 2487 et
399 2428 469 2488 loos
491 2426 624 2507 aliquem
640 2430 772 2509 primum
793 2428 896 2489 locum
920 2434 952 2489 et
963 2428 1024 2514 pri·

93 2526 177 2570 mnm
200 2523 349 2590 corpus·

178 2591 381 2673 Respondeo:
404 2591 587 2672 Quanquam
610 2592 742 2654 ecclesia
762 2593 793 2652 in
817 2610 908 2654 corne
931 2593 1024 2671 vivat,

97 2683 199 2735 tamen
223 2694 285 2736 non
310 2675 478 2736 secundum
502 2694 624 2735 carnem
649 2676 740 2755 vivit,
762 2681 794 2736 ut
818 2675 930 2735 Paulus
952 2675 1027 2737 dicit

94 2757 164 2819 Gel.
195 2761 223 2820 1.
253 2766 284 2819 et
313 2759 343 2822 2.
366 2758 504 2822 Corinth.
535 2757 625 2832 10.¹)
670 2761 715 2820 lta
747 2759 778 2817 iu
812 2757 907 2838 loco,
933 2757 1025 2819 rebus

95 2839 303 2922 operibusque
313 2841 418 2902 mundi
441 2849 589 2922 versatur,
607 2841 661 2902 sed
684 2860 746 2902 non
762 2840 931 2901 secundum
947 2840 1024 2903 haec

96 2925 283 2986 aestimatur.
330 2924 698 2986 christusenimomnem
722 2925 822 2984 locum
839 2922 930 3000 tollit,
952 2921 1024 2985 du'rn
1053 2980 1056 2986 ,
1086 2955 1112 2996 ,ς
1167 2978 1169 2982 .

96 3006 185 3067 dicit:
200 3005 257 3086 ”l
281 3007 422 3088 Regnum
435 3006 493 3070 Dei
515 3027 578 3070 non
600 3007 684 3069 venit
704 3026 774 3068 oum
797 3006 1024 3084 observatione,
1078 3018 1083 3026 ·

95 3108 196 3170 neque
226 3089 344 3170 dicent,
379 3090 428 3151 hic
456 3097 508 3151 aut
537 3090 588 3151 hio
617 3097 674 3151 est.
723 3090 762 3150 Et
791 3108 865 3150 ecce
896 3108 1023 3170 regnum

95 3172 152 3233 Dei
174 3174 254 3233 intra
277 3190 333 3232 vos
355 3180 410 3236 est.
460 3173 500 3234 lli
527 3172 640 3234 Paulus
669 3191 762 3234 omne
793 3173 905 3252 corpus
934 3172 1025 3249 tollit,

96 3255 167 3316 dum
192 3254 368 3335 dicit*”):
391 3257 460 3317 Nou
484 3264 529 3316 est
552 3275 755 3337 personarum
778 3257 919 3335 acceptio
944 3254 1025 3336 opud

96 3338 205 3402 Deum.
250 3338 437 3400 sicutenim
466 3339 598 3400 ecclesie
628 3341 694 3400 sine
717 3356 789 3400 esca
811 3344 842 3399 et
863 3345 938 3419 polu
961 3357 1023 3400 non

96 3431 143 3482 est
165 3423 196 3482 ia
220 3421 280 3482 hoo
302 3422 373 3499 vito,
397 3430 552 3483 ettamen
575 3441 702 3504 regnum
718 3421 775 3482 Dei
798 3422 860 3482 non
882 3429 930 3481 est
952 3439 1025 3483 esce

151 3633 184 3688 1l
204 3629 236 3684 ln
256 3629 298 3684 ed.
318 3634 405 3698 orig:
426 3637 453 3686 et
471 3631 563 3686 Corin.
586 3633 610 3685 1.
1023 3629 1024 3632 ’

150 3701 182 3769 ·)
206 3701 303 3756 lohan.
328 3702 373 3757 21.
410 3704 488 3758 Anto.
517 3705 577 3761 200-
603 3706 623 3758 l.
653 3703 709 3759 Pet
739 3704 764 3763 5.
810 3704 854 3772 “)
886 3702 951 3756 Luc.
982 3701 1025 3760 17.

97 3773 163 3844 ⁹⁶⁸)
187 3772 276 3830 Galat.
295 3772 322 3831 2.
