2392 4170
402 278 438 340 de
457 283 484 338 S.
504 279 629 338 Antonio
645 278 776 338 Eremita.
988 274 1051 346 453

130 444 316 526 remedium,
340 446 428 527 quia,
456 465 496 506 ex
529 464 590 526 quo
617 459 671 507 'res
695 445 778 527 ipsas
800 464 862 508 non
884 439 1049 527 possumus

132 529 408 612 comprehendere,
445 530 753 640 apprehenderemup
767 531 850 609 ipsas
878 548 942 607 res,
975 528 1052 590 haec

131 613 245 691 sunt1)
270 613 396 675 verbnm
419 620 450 674 et
473 606 714 676 Sacramentum.
758 611 892 676 Verbum
915 618 962 674 est
984 631 1052 693 pro·

133 699 257 778 missio,
287 716 348 776 qua
373 699 521 779 promittit
543 716 592 757 res
613 698 706 776 ipsas.
750 695 980 759 Sacramentum
1004 703 1052 756 est

131 784 267 863 signum,
304 799 375 860 qnov
398 780 534 842 ostendit
562 800 620 842 rea.
664 779 696 841 Si
719 798 794 859 ergo
816 781 1051 862 promissionem

132 874 162 926 et
194 867 313 945 signum
350 866 424 924 eius
437 863 749 944 apprehenderimus,
784 882 855 924 vere
891 881 940 923 rea
955 865 1052 944 ipsas

132 948 409 1030 apprehendemus.
463 946 566 1023 Quare
601 946 675 1009 nihil
707 945 884 1023 iucundius,
923 946 1052 1023 dulcius,

132 1031 290 1093 efficacius
318 1030 358 1091 ad
389 1030 598 1092 consolandos
628 1048 685 1090 nos
712 1031 742 1090 in
767 1029 825 1091 hac
847 1031 926 1110 vita,
960 1029 1051 1109 quam

132 1116 295 1198 promissio
320 1113 422 1176 divina
445 1122 475 1174 et
498 1115 618 1196 siguum
641 1112 776 1174 ciusdem
800 1132 854 1174 scu
878 1111 1052 1174 sacrameuss

132 1207 202 1262 ium.
248 1197 327 1273 Quid
362 1204 463 1258 autem
500 1199 650 1279 promittit
680 1196 806 1257 verbum
829 1216 883 1280 seu
906 1196 963 1258 Dei
984 1213 1053 1277 pro·

133 1282 261 1343 missio?
303 1280 507 1362 Respondeo,
541 1282 641 1358 hona,
688 1298 768 1360 quae
804 1280 939 1340 maxime
972 1280 1055 1365 cupit

132 1366 237 1427 homo.
281 1363 360 1440 Quid
385 1364 470 1444 cupit
491 1363 608 1426 homo?
641 1363 765 1441 Vivere,
787 1382 942 1442 nunquam
966 1362 1054 1439 mori,
1155 1386 1156 1389 ¹

133 1452 199 1510 sine
222 1454 351 1528 peccato
375 1454 406 1508 et
423 1447 506 1508 mala
520 1448 711 1509 conscientia
733 1465 811 1523 esse,
836 1446 918 1507 hona
931 1445 1055 1512 etlaeta

133 1531 327 1593 conscientia
350 1549 452 1611 agere,
474 1550 543 1592 esse
564 1549 705 1593 securum
728 1549 747 1589 a
769 1532 878 1590 timore
896 1526 1055 1590 mortis²³et

131 1615 259 1691 inferni,
298 1613 433 1692 effugere
466 1623 635 1674 extremum
658 1611 812 1675 iudicium.
857 1613 941 1673 Haec
963 1612 1055 1690 enim,

133 1718 201 1759 cum
243 1697 414 1776 interrogas
449 1696 488 1757 ah
520 1697 660 1776 homine,
695 1695 863 1777 respondet
891 1714 960 1756 sese
988 1702 1054 1755 toto

135 1779 229 1842 corde
251 1798 379 1860 cupere,
415 1780 486 1858 quia
508 1780 585 1840 hacc
605 1782 675 1860 ipsa
696 1788 783 1860 aunt,
817 1799 897 1859 quac
930 1796 1054 1840 omnem

133 1864 290 1926 hominem
319 1865 516 1942 contristent,
555 1869 588 1923 nt
618 1865 643 1923 si
678 1864 782 1923 omnia
810 1861 917 1923 mundi>
942 1860 1055 1942 gaudia

134 1947 257 2023 haheat,
279 1955 381 2008 tamen
404 1965 459 2007 oor
480 1949 545 2007 eius
568 1953 746 2006 contentum
766 1964 834 2006 csse
857 1964 918 2006 non
941 1945 1055 2026 polest,

137 2032 237 2094 donec
270 2036 399 2092 mortem
434 2032 521 2091 timet
560 2037 590 2090 et
627 2036 788 2110 peccatum
819 2029 911 2089 sentit
939 2030 970 2089 in
1000 2045 1056 2088 sna

135 2115 217 2176 mala
238 2115 436 2176 conscientia.

218 2196 268 2257 Ad
290 2200 350 2257 iste
372 2216 446 2278 ergo
467 2197 548 2258 mala
571 2196 716 2257 evitanda
726 2202 757 2256 et
774 2195 857 2256 bona
870 2193 1057 2275 acquirenda

137 2298 245 2340 omnes
276 2278 417 2339 homines
450 2280 573 2341 solliciti
605 2286 689 2357 suot,
726 2297 783 2340 neo
813 2286 860 2340 est
894 2278 974 2338 ullus
996 2284 1057 2338 tam

138 2365 329 2437 insensatus,
351 2363 403 2440 qui
425 2363 503 2422 nolit
525 2364 618 2422 vitam
641 2380 697 2442 pro
721 2370 833 2441 morte,
857 2363 977 2423 coelum
1002 2380 1058 2442 pro

135 2446 266 2522 inferno,
288 2445 433 2505 iustitiam
455 2464 512 2524 pro
535 2451 673 2524 peccato.
707 2444 767 2504 Sed
789 2445 879 2527 pauci
900 2445 1059 2505 inveniunt

137 2531 231 2590 vitam
253 2535 284 2590 et
305 2527 419 2604 locum,
440 2527 470 2586 in
494 2546 555 2606 quo
578 2527 654 2587 haec
674 2528 878 2590 inveniuntur.
915 2525 983 2589 Nec
999 2531 1059 2608 ‘po-

138 2618 197 2674 test
218 2611 297 2673 ullus
319 2611 427 2671 homo¹
445 2609 641 2690 spiritualiter
663 2610 783 2686 laetari,
814 2610 872 2670 nisi
895 2611 1060 2682 istainve·

138 2699 226 2758 uerit.
267 2695 341 2756 ldeo
364 2693 488 2774 quando
512 2689 544 2755 S.
567 2693 720 2754 Antonius
750 2693 895 2753 laetitiam
919 2694 1060 2770 spiritua·

138 2779 198 2840 lem
221 2781 266 2840 sio
300 2776 512 2857 commendat,
536 2784 568 2836 ut
594 2793 682 2836 sacra
703 2774 860 2855 Scriptura
887 2775 979 2836 docet
1012 2775 1059 2836 ds·

138 2862 218 2923 bare·
233 2862 340 2924 laetari
362 2867 393 2921 et
414 2860 538 2941 gloriari
560 2861 591 2920 in
614 2859 760 2932 Domino,
781 2860 847 2919 sins
868 2858 963 2920 dublo
986 2858 1060 2935 vult,

140 2944 221 3025 quod
243 2945 359 3006 laetitia
381 2943 548 3023 spiritualis
587 2944 627 3003 sit
661 2941 700 3002 de
734 2943 898 3002 securitate
930 2941 1060 3022 peccati,

140 3029 262 3108 mortis,
298 3033 329 3088 et
350 3026 458 3089 inferni
487 3034 518 3088 et
545 3025 696 3087 certitudo
718 3025 758 3086 de
779 3025 909 3097 iustitio,
946 3025 1008 3085 'rita
1030 3032 1062 3085 et

139 3111 255 3191 salute3
287 3111 332 3171 sic
355 3110 472 3170 Baruch
496 3112 529 3174 3:
560 3107 704 3175 Olsracl
725 3109 836 3185 disce,
870 3107 920 3169 uhi
947 3109 987 3169 sit
1015 3127 1060 3168 sa-

139 3195 264 3277 pientia,
286 3193 337 3254 nbi
358 3194 398 3252 sit
419 3194 526 3268 virtue,
549 3190 601 3254 uhi
616 3191 800 3272 intellectus,
824 3190 958 3253 utsimul
971 3192 1061 3266 scias,

141 3278 192 3339 uhi
214 3279 254 3338 sit
274 3276 487 3356 longiturnitas
511 3279 591 3338 vitae
613 3278 780 3354 strictus,
817 3275 868 3335 ubi
898 3275 937 3335 sit
959 3273 1078 3334 lumen'

142 3361 301 3422 oculorum
325 3365 356 3418 et
376 3378 446 3438 pax.
492 3359 567 3436 Quis
590 3360 707 3422 invenit
730 3359 830 3420 locum
854 3359 919 3419 eius
942 3364 971 3419 el
995 3357 1061 3438 quis'¹

141 3445 265 3505 intravit
296 3444 328 3503 io
355 3440 516 3503 thesauros
549 3439 637 3507 eius?
657 3453 659 3456 ’
680 3441 719 3503 ut
740 3443 877 3521 sequitur
898 3441 957 3520 ibi,
979 3439 1063 3521 quod

142 3525 405 3608 multiprinoipes
429 3527 493 3585 eins
515 3527 673 3606 sapientes
692 3524 878 3606 studiosi²)·,
901 3531 932 3586 et
953 3523 1062 3585 omnes

162 3774 164 3779 .
197 3734 230 3796 1)
250 3731 282 3787 m
300 3729 345 3788 eo.
364 3729 443 3786 lea:-
463 3726 516 3784 aas
529 3743 588 3795 ra,
616 3741 688 3799 quae
706 3728 839 3801 macte.
892 3705 1062 3807 ommam

143 3803 219 3876 qnod
237 3803 318 3859 multi
336 3799 649 3874 principessapientiae
667 3798 805 3858 studiosi-
851 3822 856 3834 ·
1001 3801 1011 3827 -'
1041 3819 1062 3831 „
