2392 4170
144 237 207 306 148
493 236 537 297 Da
554 236 721 312 abroganda

145 411 177 475 Si
207 411 275 492 quis
302 411 439 472 omiserit
468 410 685 474 dictiunculam
724 410 825 491 Enim,
853 408 902 469 vel
932 406 1071 491 Aeterni,

146 513 226 576 quas
247 494 279 555 in
300 494 479 575 Evangeliis
502 514 565 557 nou
588 494 752 569 habentur,
779 512 850 555 rens
871 492 910 553 sit
930 490 1071 553 mortalis

146 579 278 660 peccati,
300 579 371 657 quia
393 585 501 640 contra
532 598 619 640 usum
642 578 793 639 ecclesiae
820 574 1073 658 pronunciaverit

145 661 240 722 verba
262 663 507 723 consecrationis
552 671 582 724 et
603 661 778 744 peccaverit
803 661 836 721 in
863 659 995 721 formam
1017 658 1071 720 Sa-

145 745 303 809 cramenti.
343 743 415 808 Non
438 709 524 825 quod
544 747 682 827 probem,
705 745 838 805 cuiusvis
861 742 986 805 arbitrio
1008 744 1069 803 usi·

143 835 238 891 tatum
268 828 397 889 formam
432 830 559 911 mutari,
593 829 647 889 sed
683 827 766 909 quod
802 827 1005 888 temeritatem
1039 832 1072 887 et

145 911 306 974 audaciam
344 912 508 993 impiorum
542 913 695 992 detester,
717 912 768 992 qui
794 912 825 971 in
848 908 939 972 rebus
961 928 980 969 a
1001 909 1071 971 Deo

143 1014 206 1057 non
228 996 400 1077 praeceptis
423 1015 482 1056 nec
503 993 685 1057 necessariis
715 1013 815 1056 novos
836 995 975 1055 infernos
996 1010 1072 1055 con·

145 1076 220 1138 dunt
242 1084 273 1138 et
294 1096 378 1139 nova
397 1078 561 1160 peccata1)
584 1079 726 1140 mortalia
746 1097 803 1139 suo
822 1095 918 1139 caeco
941 1074 1071 1139 cerebro

145 1161 324 1240 decernunt,
347 1161 397 1223 ubi
420 1162 504 1223 nulia
526 1171 655 1244 peccata
677 1181 734 1222 nec
755 1160 892 1242 pericula
906 1179 975 1221 esse
997 1178 1072 1241 pos·

144 1249 225 1327 sunt,
249 1243 377 1328 pavidas
388 1247 594 1308 conscientias
615 1247 681 1306 sine
694 1264 788 1306 causa
805 1243 1079 1323 excarnificantes,

142 1335 259 1390 tanturn
282 1336 315 1389 ut
326 1330 432 1410 spiritu
454 1329 601 1391 libertatis
624 1330 776 1390 exstincto
792 1329 929 1408 spiritum
951 1328 1070 1388 timoris

142 1419 174 1473 et
195 1412 348 1473 servitutis
371 1414 401 1472 in
431 1413 574 1475 cordibus
601 1413 715 1474 nostris
745 1413 901 1474 suscitent.
943 1410 1069 1472 Nullum

142 1493 342 1576 adulterium,
364 1495 481 1556 nullum
518 1491 739 1577 sacrilegium,
756 1496 872 1555 nullum
903 1494 1069 1574 periurium

140 1597 289 1720 parasse
313 1581 417 1640 sinunt
440 1580 469 1639 ei
491 1586 642 1659 peccato,
672 1580 696 1639 si
724 1579 854 1640 formam
877 1577 1069 1640 sacramenti

153 1663 283 1740 aeseris,
315 1662 429 1724 omissa
465 1663 614 1742 particula
664 1663 763 1725 Enim.
807 1662 873 1723 Nec
903 1660 1070 1722 advertunt

141 1743 213 1806 data
235 1761 331 1825 opera
352 1744 483 1826 Spiritus
507 1748 604 1807 sancti
628 1745 742 1806 nullum
766 1745 997 1826 Evangelistam
1014 1750 1068 1806 aut

140 1827 325 1909 Apostolum
349 1846 416 1889 cnm
439 1829 537 1891 altero
573 1849 628 1911 psr
650 1831 755 1891 omnia
787 1827 996 1890 concordasse
1032 1828 1064 1888 in

139 1910 241 1973 verbis
263 1912 423 1992 eiusmodi,
446 1931 524 1993 quos
545 1920 649 1974 tamen
678 1913 813 1975 maxime
835 1912 971 1993 oportuit
992 1929 1066 1973 con·

139 1993 289 2074 cordare,
319 1999 372 2057 sut
402 1997 498 2058 multo
532 1999 657 2077 magis,
685 2016 776 2077 quam
799 2015 857 2058 nos
878 2013 1011 2076 peccare
1034 1995 1066 2057 in

138 2077 267 2140 tormam
290 2077 492 2144 Sacramenti.

158 2188 162 2194 ·
222 2164 307 2243 ltem,
330 2179 421 2241 quam
444 2163 631 2245 inexpiabile
651 2163 800 2245 flagitium
823 2163 979 2241 iecerunt,
1011 2182 1065 2245 pa·

139 2264 209 2305 nem
233 2247 410 2306 sutrinum
434 2267 526 2308 manu
548 2248 596 2308 vel
619 2249 777 2329 aliaparte
800 2248 947 2328 corporis,
971 2264 1064 2326 quam

138 2328 241 2408 digitis
263 2328 322 2388 illis
345 2328 454 2391 olentis
476 2331 651 2412 autlingua
673 2333 819 2412 tetigisse,
842 2349 945 2391 cuma
967 2329 1064 2411 palla,

137 2412 250 2487 calice,
277 2431 402 2493 panno,
425 2414 558 2496 denique
587 2435 605 2475 a
628 2433 749 2494 musca,
771 2432 871 2495 mure,
895 2413 1064 2491 vermibus,

136 2502 272 2558 stercore
295 2499 378 2577 tangi
400 2498 473 2558 nihil
502 2507 699 2574 moveantur,
730 2498 847 2558 scilicet
869 2515 981 2577 corpus
1004 2496 1062 2558 hu·

136 2596 260 2640 manum
283 2588 336 2641 aut
359 2599 482 2642 caruem
505 2583 554 2644 vel
578 2580 639 2643 non
664 2589 826 2643 numerant
848 2581 1063 2641 interoreatu·

136 2671 183 2724 tas
206 2663 303 2724 bonas
327 2664 395 2745 Dei,
418 2665 466 2724 vel
483 2667 609 2726 insanos
632 2685 665 2726 se
687 2666 772 2746 ipsos
785 2664 952 2725 declarant.
985 2663 1063 2726 Tale

135 2752 192 2827 est,
213 2745 296 2827 quod
318 2748 463 2808 ieiunium
494 2755 619 2809 naturae
642 2748 843 2828 effinxerunt,
871 2754 919 2826 ut,
943 2748 1062 2829 siquis

134 2835 252 2910 guttam
273 2831 435 2911 aquaevel
457 2832 633 2913 imprudens
644 2832 808 2913 glutiverit,
831 2850 869 2893 eo
892 2831 941 2891 die
964 2832 1062 2912 indig-

134 2932 191 2975 nus
215 2915 254 2974 sit
275 2915 501 2978 communione.
545 2915 572 2977 Ο
595 2915 840 2978 iuroremiurore
856 2914 1062 2979 furiosiorem.

133 2994 298 3078 Indignum
333 3006 395 3077 est,
424 2998 588 3080 inquiunt,
622 3000 705 3060 utin
729 3019 764 3062 os
787 2997 950 3060 Christiani
978 2997 1061 3059 aliud

133 3081 235 3163 intret,
258 3083 436 3164 priusquam
461 3101 573 3165 corpus
602 3083 727 3145 Domini
757 3084 926 3144 intraverit.
971 3079 1061 3146 Oia

133 3165 212 3225 stiva
233 3166 323 3245 ratio,
344 3166 424 3227 forte
445 3186 504 3227 nec
532 3166 675 3228 nebulam
703 3185 762 3227 nec
783 3169 885 3228 adrem
909 3167 994 3246 prius
1016 3166 1061 3226 in-

132 3254 213 3309 trare
241 3248 313 3310 licet
341 3268 376 3310 os
399 3249 573 3326 Christiani,
606 3270 697 3330 quam
728 3268 839 3330 corpus
866 3250 992 3311 Domini
1014 3250 1060 3311 in-

132 3332 265 3409 traverit,
288 3339 320 3393 ut
349 3333 560 3396 sacerdotibus
590 3335 793 3416 respiratione
831 3340 862 3394 et
883 3335 947 3394 vita
969 3335 1058 3394 inter-

131 3412 259 3493 dicatur,
282 3433 379 3495 usque
402 3424 473 3499 post
496 3420 619 3479 missam
642 3425 673 3479 et
695 3417 963 3499 communionem,
987 3435 1056 3478 cum

131 3496 268 3559 Christus
291 3506 322 3560 et
342 3502 477 3583 apostoli
501 3509 572 3583 post
593 3519 724 3563 coenam
747 3501 1054 3578 communicaverint,

130 3599 168 3643 sc
189 3581 252 3644 iere
273 3579 336 3665 ilat,
359 3593 392 3646 ut
413 3584 573 3648 moderato
601 3593 723 3667 sumpto
746 3585 816 3647 cibo
844 3591 877 3646 et
913 3604 948 3647 os
973 3602 1057 3646 mun·

135 3724 548 3735 ——-——--.-.---.---.

202 3774 236 3842 1)
257 3774 289 3830 In
308 3771 353 3832 ad.
371 3772 444 3831 Ian:
464 3779 584 3846 paccata
601 3787 684 3833 nova
