2392 4170
192 214 235 303 22
498 210 627 271 naso.
647 208 812 269 ιιιιιιιιιι

278 384 468 465 Trevirensis
509 385 616 447 videns
656 386 823 449 Ductorem
853 382 1019 465 Martinam
1061 380 1117 455 Dei

195 469 321 533 verbum
343 469 456 532 iudicio
480 470 636 531 hominum
661 486 855 551 nequaquam
882 465 1118 541 submissurum,

195 552 365 616 clementer
387 574 455 615 aum
479 554 601 616 dimisit.
636 553 843 635 Rogantique,
866 558 899 613 ut
919 556 1041 613 curaret
1061 548 1118 623 sibi

196 632 408 700 commeatum
426 638 607 699 clementem
640 638 835 700 aansarea
863 635 1042 710 Maiestate,
1075 652 1118 693 re·

197 720 339 819 spondit,
384 741 417 782 se
461 741 526 782 rem
570 721 667 803 probe
707 728 901 801 curaturum,
945 725 976 779 et
1007 736 1117 779 renuu-

198 811 358 868 oraturum.

279 911 387 991 Neque
416 911 459 973 ita
492 912 588 973 multo
626 917 697 992 post
730 909 878 974 Officialis
917 906 1117 986 trevirensis,

197 1001 361 1077 praesente
383 993 576 1057 cancellario
600 994 755 1074 quotidem
778 993 998 1068 Maximiliani‚
1026 1011 1047 1051 a
1068 1009 1118 1050 se·

197 1079 288 1139 oretis
311 1076 464 1161 Gesseris,
487 1079 614 1142 Doctori
637 1079 779 1158 Martin05
803 1079 833 1139 in
857 1076 1027 1139 diversorio
1051 1092 1118 1148 suo,

198 1161 344 1223 mandato
368 1161 510 1225 Caesaris
539 1162 630 1224 dixit:
673 1162 753 1239 Quia
781 1169 841 1223 tam
868 1159 1119 1239 multiplicitate

199 1245 352 1309 Caesarea
373 1244 544 1327 Maiestate,
566 1244 770 1325 aleatoribus,
793 1243 983 1324 Principibus
1013 1247 1045 1302 et
1060 1238 1118 1305 os·

198 1328 320 1389 dinibus
341 1327 465 1411 Imperii
481 1329 593 1395 trustra
615 1329 896 1407 commonefactus,
931 1325 970 1388 ad
1004 1343 1059 1386 oor
1088 1330 1120 1385 et

199 1414 346 1473 unitatem
368 1411 501 1475 noluerit
521 1413 638 1489 redire,
657 1413 809 1492 reliquum
831 1431 917 1486 esse,
952 1415 984 1471 ut
1006 1409 1120 1473 Ceasar

204 1500 254 1569 (ut
281 1493 461 1558 Advocatus
500 1496 570 1559 tidai
605 1495 791 1575 catholicae)
822 1492 983 1576 procedat.
1037 1491 1119 1572 Ergo

200 1577 377 1653 mandatum
402 1578 543 1642 Caesaris
566 1599 645 1659 esee,
669 1587 701 1641 ot
722 1580 803 1640 intre
824 1578 930 1657 uiginti
948 1595 1041 1637 ιιιιιιιιι
1055 1575 1119 1637 dies

200 1656 334 1723 bine'ed
357 1662 551 1737 securitatem
574 1683 661 1725 suam
684 1662 801 1738 redeat,
821 1659 1120 1739 subcooductupu·

199 1744 291 1826 blico,
313 1751 345 1809 et
366 1743 462 1807 libere
476 1747 534 1827 ipsi
549 1746 713 1819 servando,
727 1744 885 1825 aeqrsral
901 1740 1121 1823 praedicando,

199 1826 247 1889 vel
271 1827 434 1891 scribendo
456 1830 486 1890 in
508 1831 617 1891 itinere
640 1829 1017 1911 populumoorumoveet.

285 1932 355 2009 qm
377 1934 484 1997 audito
506 1937 628 1997 Doctor
653 1936 801 1998 Martinus
825 1933 1054 1995 modestissime
1074 1950 1123 2005 re·

199 2015 391 2097 spondebat:
413 2016 465 2079 Sia
486 2027 519 2079 ut
540 2020 673 2080 Domino
697 2018 823 2100 placuit,
853 2018 896 2077 ite
925 2017 1038 2078 lactum
1065 2020 1121 2093 est,

199 2102 238 2159 sit
259 2119 373 2161 nomen
397 2101 520 2163 Domini
541 2101 746 2163 benedictum.
788 2101 908 2161 Deinde
924 2098 1067 2178 addebat,
1085 2115 1122 2157 se

202 2183 382 2262 supplicem,
405 2185 534 2264 primum
551 2187 698 2261 omnium,
721 2185 937 2246 serenissimae
952 2183 1122 2243 Caesareae

203 2267 365 2349 Maiestati,
387 2267 588 2350 Principibus,
612 2276 643 2330 et
665 2267 790 2348 reliquis
820 2267 938 2348 Imperii
959 2264 1122 2345 Ordinibus

202 2349 317 2430 gratias
344 2369 437 2431 agere
465 2370 557 2431 quern
579 2359 686 2433 posset
709 2352 870 2429 maximas,
895 2368 951 2430 pro
980 2356 1043 2409 tam
1072 2346 1122 2408 be·

203 2432 298 2511 nigne
319 2440 351 2492 et
377 2433 520 2505 clementi
551 2434 709 2498 audientia
748 2452 867 2513 proque
903 2431 1058 2493 conductu
1088 2429 1121 2489 li-

202 2514 289 2591 bero,
312 2523 343 2576 et
356 2526 485 2579 servato
508 2526 540 2580 et
560 2517 723 2580 servando.
756 2516 864 2597 Neque
885 2516 965 2576 enim
989 2535 1023 2576 se
1037 2512 1121 2596 quid-

203 2617 294 2678 quam
320 2599 513 2663 desiderasse
547 2603 577 2662 in
609 2603 671 2677 eis,
702 2601 762 2661 nisi
791 2600 1040 2661 reformationem
1070 2615 1123 2677 per

203 2681 390 2763 Scripturam
421 2691 577 2761 sanctem,
611 2705 630 2746 a
667 2703 701 2745 se
744 2690 829 2744 tanto
854 2702 904 2743 ere
943 2681 1121 2761 flagitatam.

203 2764 326 2844 Alioqui
347 2786 404 2848 pro
425 2767 580 2829 Caesarea
601 2769 760 2829 Maiestate
783 2704 964 2864 etfmperio
979 2781 1124 2843 passarus

204 2851 324 2928 omnia,
347 2851 440 2912 vitam
463 2858 495 2912 et
516 2851 797 2927 mortem-lamam
820 2855 851 2910 et
873 2849 1047 2927 infamiam,
1080 2848 1123 2906 ai·

204 2931 308 3010 hiique
331 2933 388 2993 sibi
412 2953 538 3015 prorsus
560 2939 796 3011 reservaturam,
817 2934 876 2994 uisi
904 2932 1025 2991 unicum
1061 2950 1124 2990 rer·

203 3014 273 3074 bum
299 3013 423 3079 Domini
446 3017 585 3094 liberum,
607 3017 646 3078 ad
668 3014 878 3078 confitendum
902 3023 933 3074 et
961 3013 1123 3074 testificen-

204 3098 273 3157 dum
298 3097 392 3177 illud3
421 3108 579 3181 postremo
602 3101 775 3163 Caesareae
804 3097 972 3177 Maiestati,
1006 3106 1034 3156 et
1069 3097 1123 3156 toti

203 3178 338 3322 lmbperio
382 3202 417 3243 se
461 3183 629 3245 humillime
672 3190 736 3244 turn
777 3179 1016 3256 commendans,
1062 3186 1124 3239 turn

204 3284 238 3323 su
262 3283 378 3325 uerene.

286 3382 435 3446 Postridie
457 3386 559 3469 igitur,
580 3383 642 3447 hoc
664 3390 720 3464 est,
743 3383 819 3457 laria
840 3389 928 3461 septe
950 3386 1022 3463 post
1035 3377 1125 3459 ,lubt

203 3466 277 3540 late,
299 3465 348 3527 die
371 3467 484 3551 Aprilis
515 3468 661 3530 vicesima
689 3474 794 3544 sexte,
825 3466 963 3543 salutatis
986 3464 1125 3545 petronis

201 3555 235 3608 et
263 3547 387 3632 amicis,
429 3552 480 3630 qui
521 3571 591 3627 eum
630 3550 868 3650 frequentissimi
904 3552 1126 3621 coercuerunt,

198 3638 326 3719 sumpto
348 3632 514 3714 ientaculo,
536 3632 608 3695 hino
631 3632 715 3711 abiit,
738 3632 776 3696 ad
799 3632 906 3711 horam
934 3638 1005 3707 ante
1033 3630 1125 3703 rueri-

205 3714 287 3782 diem
308 3714 469 3805 desimam,
492 3718 655 3787 comitatos
672 3722 706 3785 et
728 3716 767 3783 ab
788 3718 835 3805 iis,
858 3715 910 3802 qui
929 3708 990 3789 buo
1003 3713 1125 3789 uenien-
