2392 4170
388 261 442 323 Per
458 259 609 334 Magistros
625 251 804 319 Parisiensaa
1023 254 1066 328 43

226 436 264 516 2)
288 432 452 499 Probabile
474 441 521 497 eat
542 440 616 497 vota
637 432 732 496 hodie
758 450 821 495 non
852 431 974 509 valere,
1006 430 1064 494 nisi

141 519 181 583 ed
206 539 332 602 operum
354 519 530 580 iaetantiam
553 523 585 579 et
606 517 897 599 praesumptionem.

226 602 313 675 Haeo
335 602 510 684 Propositio
532 607 580 663 est
600 600 695 681 falsa,
710 601 802 663 stetui
817 597 974 681 roligionis
992 617 1064 661 oon·

140 687 306 750 tumeliose
326 694 358 749 et
378 686 522 770 praefatis
545 683 700 748 erroribus
722 701 872 747 oonsona.

141 876 199 952 De
238 873 379 951 divina
411 874 600 1033 sareptis
644 879 682 1034 ep
712 872 839 949 torma
870 870 1073 966 eorporis⁴

549 977 689 1032 umen·

228 1119 263 1198 1)
287 1119 355 1182 latis
376 1118 553 1183 novissimis
584 1117 725 1183 trecentis
754 1113 849 1179 annis*
874 1112 969 1177 multa
998 1133 1064 1196 per·

141 1223 248 1286 peram
272 1205 474 1266 determinata
495 1210 574 1282 sunt,
597 1205 688 1285 quale
710 1210 765 1279 est,
794 1200 959 1262 essentiam
989 1197 1063 1259 divi-

140 1307 213 1350 nem
225 1306 284 1349 nso
304 1289 446 1369 generari
457 1307 515 1349 neo
536 1308 696 1370 generare,
719 1296 750 1349 et
767 1285 902 1349 animam
920 1300 990 1344 esse
1006 1282 1064 1343 ior·

142 1390 226 1434 mam
247 1371 481 1449 subttantialem
504 1374 643 1453 eorporis
665 1372 799 1436 hnmani.

141 1508 146 1515 ,
224 1455 310 1518 Haeo
331 1456 505 1536 Propositio
529 1461 577 1516 eet
593 1455 680 1536 talea,
704 1456 742 1518 ab
764 1454 900 1532 homine,
923 1451 975 1531 qui
989 1450 1077 1512 alie·

140 1556 199 1599 nue
222 1543 270 1599 est
289 1557 310 1599 a
330 1539 484 1600 oathotiea
505 1539 648 1612 ecelesia,
672 1546 852 1621 arroganter
873 1540 1005 1616 asserta,
1026 1551 1065 1596 ao

140 1622 236 1683 saeris
259 1622 406 1685 conciliis
427 1621 622 1704 generalibus
643 1623 761 1688 iniuria.

140 1769 216 1835 Pro
254 1771 474 1854 oritiones,
514 1780 733 1861 excerptae
771 1796 819 1840 ex
861 1777 956 1844 aliis
994 1778 1063 1845 Lu·

138 1851 223 1919 theri
247 1853 333 1938 'bris,
348 1855 530 1940 damnatae,
544 1863 581 1922 ut
592 1861 805 1942 praemissum
822 1869 880 1926 est.
904 1860 947 1926 Et
959 1865 1062 1948 primo

193 2023 251 2093 De
273 2026 545 2118 conceptione
567 2027 604 2095 B.
628 2027 782 2098 Mariae
803 2027 1002 2122 Virginis.
1065 2052 1083 2107 ,·

223 2201 258 2276 1)
292 2200 538 2264 Gontradietoria
572 2200 661 2262 huius
692 2203 934 2285 Propositionis‚
967 2204 1064 2266 Beata

138 2279 234 2365 Virgo
254 2290 303 2346 est
324 2291 475 2366 oonoepta
498 2286 564 2346 sine
585 2291 714 2366 peceato
747 2287 898 2371 originali,
926 2307 988 2350 non
1016 2295 1064 2349 est

137 2366 312 2512 mmm.
325 2452 497 2532 propositio
519 2450 678 2535 aetiana,
711 2453 889 2534 ignoranter
917 2463 948 2515 et
969 2455 1063 2536 impie

136 2539 245 2594 eontm
268 2534 417 2597 honorem
437 2533 656 2596 immaonlatae
678 2535 813 2616 Virginis
835 2545 963 2599 asserta.

136 2699 192 2762 De
218 2701 467 2770 contritione
507 2709 548 2769 st
566 2702 667 2851 diis,t
689 2721 795 2791 quae
828 2722 915 2770 eam
946 2722 1063 2787 prae·

520 2805 564 2851 ee
594 2806 677 2851 un.

220 2938 257 3023 t)
271 2940 355 3023 Lege
377 2942 571 3003 manifestata
593 2947 646 3003 aut
666 2941 697 3002 in
723 2942 901 3004 memoriam
915 2948 1063 3004 rovorata

135 3041 214 3086 mom
232 3026 369 3105 seqnitur
389 3022 627 3108 augmentum)
650 3025 782 3106 pennati,
804 3027 830 3086 si
851 3026 952 3107 gratia
973 3024 1060 3087 desit.

217 3107 303 3169 Haeo
336 3109 510 3190 Propositio
549 3107 706 3190 loquendo
739 3107 778 3170 de
810 3110 910 3191 gretia
941 3117 1089 3191 gratnm·

133 3189 266 3253 iaoiente
288 3191 448 3272 ostfaloa,
471 3212 490 3253 a
510 3198 595 3254 reeta
621 3198 729 3254 morae
756 3193 927 3274 seripturae
952 3192 1061 3254 inteili-

132 3274 239 3354 gent-ia
261 3275 371 3355 aliena,
394 3281 426 3337 et
447 3293 465 3335 a
484 3275 684 3338 meditatione
703 3274 825 3338 divinae
846 3276 924 3356 legis
951 3283 1061 3338 retrae-

133 3358 207 3420 tiva·.
531 3355 534 3362 '

84 3527 90 3533 ,
217 3457 254 3538 2)
266 3457 417 3522 iterante
431 3459 587 3520 oaritatsm
601 3477 663 3521 non
678 3464 822 3539 operetur
842 3459 901 3520 nisi
922 3460 1009 3536 iram,
1032 3464 1064 3521 et

132 3549 229 3623 auget
248 3548 422 3622 pennatum.

215 3623 302 3686 Haeo
323 3625 498 3706 Proponitio
515 3631 563 3686 est
584 3624 673 3705 falsa,
692 3626 811 3707 piarum
825 3626 943 3688 aurium
965 3623 1062 3688 offen-

133 3744 557 3768 p-u-hA—uae--au—

204 3805 244 3878 tt·
256 3802 302 3863 tit
320 3805 409 3892 erip-‚2
429 3808 629 3881 omnemne.
