2340 4162
267 170 271 177 Ι
360 232 756 303 antummum.
981 241 1025 309 29
1111 328 1116 335 Ι

89 388 152 451 lide
168 388 293 451 intrn'n
304 389 462 468 eerranrli,
481 394 515 453 et
534 390 687 454 desiderio
702 371 812 477 integri
827 397 1023 461 armamenti.

91 468 180 536 Sient
217 473 407 553 bapb'emunr
442 479 474 533 et
500 473 727 537 absolutionem
754 475 868 539 debent
896 480 1024 561 petenti,

90 566 238 637 tanquam
259 557 309 617 ina
328 554 468 635 bebeub',
487 558 548 637 ipsi
570 558 715 638 ministri,
735 558 866 639 quodsi
887 581 949 623 uon
970 560 1024 625 ‹le-

92 639 203 719 derinl,
222 648 334 720 petens
353 639 480 720 plenum
501 639 596 702 babet
615 640 690 702 lidei
703 644 941 721 samaritum,
961 647 1021 727 ἱραί

89 741 196 784 eoram
225 721 349 785 Gbrietu
377 724 460 782 sarri
490 742 624 803 nequam
652 724 888 787 auersabantur.
936 726 1024 791 Sient

91 805 163 867 olim
192 807 226 865 in
257 824 364 867 eremo
392 808 492 867 saneti
513 806 620 867 Patres
647 807 679 867 in
709 806 812 867 multia
840 810 930 869 annia
956 829 1021 873 neu

92 889 402 951 eommunieararuut
423 888 487 949 ulla
507 890 613 968 speeie
632 886 828 951 sacramenti.

170 971 283 1051 ltaque
306 989 375 1033 nen
399 971 461 1033 bea
492 990 572 1053 age,
605 978 640 1032 ut
667 973 697 1031 ri
729 973 866 1053 rapietur
890 981 1022 1054 utraque

90 1056 230 1136 mesiae,
258 1054 346 1134 quasi
367 1055 553 1116 nenessitate
581 1056 737 1135 pmeeepti
766 1056 806 1116 ad
834 1074 902 1116 eam
927 1074 1021 1139 aega-

91 1158 175 1217 mnr,
196 1137 498 1199 mummolenum
519 1139 654 1213 instruo,
682 1146 716 1197 ut
735 1139 871 1217 patietur
890 1141 1022 1220 quisque

91 1218 286 1303 tyrannidem
306 1220 496 1296 Romanam,
524 1220 636 1281 euieue
654 1219 713 1281 sibi
737 1226 858 1300 raptum
880 1224 1020 1301 pervim

90 1304 137 1364 ine
162 1322 256 1365 suurn
282 1304 315 1363 in
335 1311 551 1383 armamento,
573 1321 632 1383 pro
655 1309 701 1363 ter
728 1311 890 1382 peruetu-
919 1324 1020 1367 auum.

92 1386 224 1447 Tantum
250 1386 315 1448 bea
341 1387 433 1466 vele,
459 1407 501 1449 ne
526 1386 596 1466 quie
651 1404 795 1447 amanam
825 1385 1019 1466 tyrannide·

92 1468 251 1546 habilem,
282 1471 371 1550 quasi
399 1477 485 1531 reete
513 1469 621 1531 feeerit
647 1488 740 1531 unam
767 1471 902 1550 speeiem
932 1469 1019 1531 leieir

93 1552 274 1634 prohibens,
299 1552 356 1614 sed
383 1552 571 1615 detestemur
591 1571 677 1631 eam,
704 1570 764 1613 nee
790 1553 1020 1614 eonsentiamue

95 1639 131 1713 ei,
149 1635 411 1699 lamentarentur
432 1655 502 1698 eam
522 1654 586 1697 nen
608 1635 712 1717 aliter,
733 1653 773 1696 aa
793 1637 820 1696 ei
840 1635 923 1716 apud
944 1635 1019 1696 ‘l'ur-

98 1736 161 1781 eam
179 1737 322 1781 essem
342 1720 472 1800 sepliri,
500 1719 552 1781 ubi
581 1727 691 1779 neutra
711 1720 817 1799 speeie
837 1718 944 1781 liuerel
964 1719 1018 1781 uti.

98 1799 161 1863 ileu
177 1808 245 1880 eet,
273 1801 358 1882 quod
384 1802 449 1864 dixi
470 1802 543 1865 mibi
564 1801 724 1883 pulubrum
746 1800 857 1881 udan,
879 1802 906 1862 ei
926 1820 1018 1880 geue-

94 1885 161 1947 ralie
189 1886 317 1947 ennuilii
343 1890 458 1947 stamlu
488 1887 551 1949 ists
578 1885 740 1965 eaptivitas
768 1884 954 1958 solveretur,
987 1894 1020 1947 et

93 1968 180 2032 abbir
201 1968 378 2032 Christiana
395 1968 451 2030 ille
470 1967 595 2030 liberter
608 1987 635 2029 <a
652 1967 793 2029 manibus
813 1967 946 2029 Romani
967 1975 1018 2051 ty-

94 2053 182 2112 renni
201 2053 423 2130 reclinaretur,
442 2053 596 2133 eteuique
607 2070 695 2112 suum
717 2050 873 2112 arbitrium
894 2051 1019 2131 petendi

92 2135 260 2214 utendique
281 2135 519 2215 relinqueretur,
553 2136 633 2195 sieut
657 2136 689 2196 in
712 2134 864 2215 baptismo
891 2143 922 2194 et
942 2154 1016 2215 poe·

92 2219 221 2279 nitentia
248 2218 441 2316 relinquitur,
466 2217 528 2316 ‘At
552 2237 635 2278 nune
660 2219 898 2314 eogitlsiugulis
932 2221 1020 2278 annis

89 2322 202 2482 llil,
212 2300 938 2482 ⁸l20¹1lt¹2riff¹tlt²l⁰lhllz⁰llll,‚²⁶52
959 2321 1020 2446 tl·

92 2480 149 2528 mn
170 2467 623 2631 bullllanrlrlrlllrilblrblllbllgm
644 2553 828 2612 sacramenti
841 2553 941 2612 mitior
963 2559 1021 2628 eet,

92 2634 176 2714 quod
208 2634 249 2694 ad
282 2636 503 2695 censcientiam
542 2642 677 2714 spectat,
715 2635 769 2696 sed
800 2655 891 2714 quam
922 2634 1019 2695 multo

93 2717 231 2778 omnium
260 2717 551 2798 periculosissimum
573 2719 612 2778 eit
633 2726 775 2799 tangere,
799 2717 909 2778 nedum
938 2717 1021 2778 dem·

92 2821 205 2944 laza
220 2800 281 2944 {13
300 2800 1019 2966 leitila‘lsstfizllltzlllltllt

95 2986 150 3047 pus
178 2967 344 3047 episeopus
377 2986 447 3027 esee
476 2967 565 3028 desiit
592 2974 624 3029 et
653 2979 800 3047 tyrannus
829 2969 927 3030 laetus
961 2977 1018 3049 eet,

94 3069 155 3110 uon
178 3049 310 3112 formido
332 3051 397 3110 eius
419 3051 560 3111 universa
582 3050 722 3124 decreta,
751 3053 836 3112 euius
869 3054 934 3113 seio
957 3072 1018 3112 uon

94 3152 163 3193 esse
176 3141 369 3277 'immilem
391 3134 535 3275 αιῐίθυΙῖιε
557 3154 655 3195 novos
678 3135 747 3197 fidei
770 3136 939 3216 uendendi,
961 3153 1020 3196 nee

95 3234 183 3277 eener
196 3236 217 3275 ιι
260 3236 289 3276 ιιι
312 3235 362 3276 em
407 3235 547 3279 enerars.

176 3235 269 3360 Dedlt
291 3299 363 3360 mibi
384 3236 553 3380 bubulam,
576 3320 646 3360 eum
660 3300 847 3381 theologiam
862 3301 1019 3362 eebolasti·

95 3399 162 3442 cam
184 3382 355 3458 haurirem,
381 3384 577 3444 oeeasionem
601 3384 757 3463 cogitandi
787 3385 825 3446 D.
848 3383 1019 3447 cardinalis

95 3464 336 3543 Cameracensis,
359 3466 435 3526 libro
447 3468 666 3532 sententiarum
677 3469 708 3529 4.
729 3468 906 3529 acutissime
918 3468 1021 3546 dispu-

95 3556 173 3627 tans,
194 3548 291 3609 blulto
313 3549 500 3629 probabilius
522 3569 600 3624 esee,
623 3557 654 3610 et
675 3553 774 3611 minue
796 3550 1020 3631 superfluorum

96 3632 309 3692 miraculorum
332 3633 415 3711 poni,
437 3633 462 3692 si
485 3635 515 3692 iu
537 3633 624 3693 alteri
648 3653 738 3694 verus
751 3635 839 3713 panis
854 3650 1022 3709 verumque

94 3716 207 3791 viuum,
229 3733 293 3775 nou
315 3722 418 3777 autem
438 3717 507 3777 sula
528 3715 700 3779 accidentia
712 3736 782 3778 esse
804 3724 1023 3793 astruerentur,
