2392 4170
408 285 491 343 llissa
509 287 621 358 privata
639 289 672 347 D.
692 291 727 345 ll.
745 287 776 346 L.
994 263 1056 361 166
1104 274 1107 279 ¹

135 459 270 521 mentum
294 479 372 540 assa,
395 465 426 522 et
453 468 569 544 coguut
596 463 693 524 Deum
723 471 775 525 aut
796 466 915 534 mentiri
938 463 991 529 aut
1009 458 1063 528 'inl

136 543 251 619 sauira,
285 543 355 605 durn
392 548 608 608 tastamentum
640 547 707 628 ipse
733 557 836 610 vocat.
880 546 1060 613 Assemissa

135 627 216 687 euim
239 627 422 690 sacrificium
446 636 493 690 est
517 650 648 709 negasse
665 637 890 709 testamentum,
913 651 981 694 cum
1003 635 1056 696 im·

134 709 284 791 possibile
306 714 344 772 sit
365 710 449 772 idem
482 713 663 774 sacrificium
687 720 718 776 et
739 722 955 778 testamentum
979 737 1056 789 esse,

133 812 201 854 curn
224 793 298 854 illud
323 795 445 875 demus,
473 795 534 857 hoc
555 799 758 878 accipiamus,
788 798 862 860 illud
885 799 923 860 ad
947 800 1056 880 Deum,

132 877 194 939 hoo
216 897 235 937 a
256 878 323 938 Deo
353 880 476 960 veniat,
509 879 583 940 illud
606 901 661 958 per
682 901 757 962 uos,
789 882 849 944 hoc
878 883 944 943 sine
967 883 1057 945 uobis

133 960 195 1025 liat.
238 961 279 1022 Et
306 961 379 1042 quid
411 982 536 1043 pergam
572 963 758 1026 differentias
794 966 856 1027 dati
886 972 916 1026 et
938 967 1057 1048 accepti

131 1043 254 1123 afferre,
282 1064 350 1106 curn
374 1051 405 1107 et
425 1045 542 1108 bestiae
570 1053 600 1109 et
621 1048 789 1109 inanimata
810 1048 871 1111 hoo
900 1049 1057 1112 sentiant?

133 1127 199 1189 Nec
218 1135 304 1209 patet
332 1129 382 1190 hic
399 1129 550 1206 sophistis
574 1130 738 1192 cavillandi
760 1132 867 1211 locus,
890 1132 972 1212 quod
995 1133 1056 1194 alic

132 1218 273 1292 respectu
296 1215 336 1272 sit
357 1212 558 1295 sacrificium,
593 1215 654 1276 alio
676 1219 914 1293 testamentum,
936 1220 1056 1278 tantum

100 1290 103 1295 ’
134 1313 211 1355 uuus
234 1301 282 1357 est
303 1296 397 1374 Deus,
420 1304 451 1356 et
473 1317 533 1358 una
555 1304 673 1359 tantum
687 1298 848 1376 ecclesia,
878 1300 959 1359 inter
978 1312 1062 1378 quos·

133 1377 218 1440 solos
240 1379 355 1441 mediat
377 1380 520 1441 deorsum
542 1386 759 1442 testamentum
805 1389 834 1444 et
869 1402 988 1442 sursum
1012 1380 1062 1444 aa·

134 1461 289 1528 orificium.
332 1463 460 1538 Fateor,
483 1464 664 1525 sacrificium
695 1472 741 1526 est
762 1473 904 1546 respectu
927 1466 984 1526 Dei
1005 1485 1062 1546 pa7
1108 1538 1110 1543 ,

131 1545 292 1625 pictarum,
315 1551 346 1607 at
366 1546 417 1607 hic
438 1547 556 1609 idolum
584 1547 685 1609 cordis
707 1567 812 1610 eorum
841 1555 887 1609 est
912 1555 1058 1630 respectu

130 1631 225 1689 nostri
249 1636 279 1691 et
300 1631 364 1691 veri
376 1628 445 1706 Dei,
468 1649 529 1692 nou
553 1632 611 1691 nisi
625 1639 841 1693 testamentum
854 1650 924 1693 esse
945 1636 1061 1713 potest
1153 1634 1155 1639 ⁴

131 1710 273 1774 Secundo
296 1719 328 1773 ct
349 1718 527 1775 testatorem
550 1714 701 1776 Christum
725 1735 794 1776 esse
815 1722 939 1796 negant.
974 1714 1062 1792 Quo-²

132 1794 226 1858 modo
248 1797 328 1856 euim
350 1803 527 1858 testatorem
551 1805 766 1879 agnoscerent,
789 1800 874 1859 ouius
895 1804 1058 1861 testamen·

131 1885 196 1938 tum
218 1879 360 1960 negant?
401 1879 472 1946 Nou
495 1883 575 1942 euim
598 1883 741 1962 accipere
762 1881 809 1942 ab¹
824 1901 863 1944 eo
876 1872 1056 1962 quidquam,

132 1960 186 2022 sed
209 1968 327 2025 tautum
351 1963 460 2025 offerre
484 1966 511 2025 ei
533 1965 661 2042 volunt,
691 1977 751 2050 qua
773 1966 971 2046 perversitate
994 1984 1055 2025 non

133 2047 304 2126 suspiciunt
325 2066 404 2125 cum,
427 2047 545 2129 largum
558 2053 736 2109 testatorem
759 2047 1057 2128 suorumbouorum,
1174 2122 1176 2126 Ι

132 2127 188 2189 sed
209 2128 428 2210 inexplebilem
457 2138 635 2192 exactorem
659 2132 828 2193 alienorum
859 2151 913 2192 seu
937 2133 1058 2193 nostro·

131 2231 208 2273 rum.
242 2212 346 2273 Tertio
370 2219 399 2272 et
421 2214 621 2276 hereditatem
644 2222 768 2296 negant,
792 2235 855 2277 uon
871 2216 951 2276 euim
968 2212 1064 2296 quae-⁵

131 2300 201 2355 ruut
222 2296 386 2376 gratuitam
398 2298 612 2358 remissionem
630 2305 840 2379 peccatorum,
863 2318 942 2378 eam,
967 2315 1058 2378 quam

133 2376 271 2440 Christus
294 2379 367 2439 dato
390 2398 521 2460 corpore
543 2388 577 2440 et
596 2383 745 2461 sauguine
772 2381 840 2443 fuso
862 2381 951 2443 nobis
973 2400 1059 2462 para·

131 2461 185 2539 vit,
208 2461 429 2544 sedprcpriam
452 2468 482 2524 et
503 2483 615 2524 novam
639 2484 696 2525 suc
722 2464 873 2525 sacrificio
894 2463 1060 2546 impetrare

133 2543 283 2607 laborant.
325 2545 481 2607 Laborare
511 2547 593 2608 enim
617 2553 739 2627 oportet
766 2547 824 2607 hos
847 2546 997 2625 Sanctus,
1020 2565 1059 2608 ue

133 2626 372 2689 misericordiam
397 2629 453 2690 Dei
476 2632 569 2708 gratis
592 2631 752 2710 accipiant.
1060 2634 1065 2699 ζ

216 2711 344 2794 Insuper
365 2733 443 2772 uuus
467 2719 513 2773 ast
534 2713 618 2774 furor
642 2713 795 2790 omnium,
820 2712 1059 2793 praeparatoriis

134 2794 334 2874 orationibus,
358 2796 603 2857 confessionibus
621 2796 753 2874 praeviis
776 2797 821 2855 sic
842 2814 911 2856 sesa
928 2794 1060 2876 mundos

136 2883 168 2938 et
189 2883 314 2940 sanctos
336 2878 475 2955 reddere,
498 2885 531 2940 ut
552 2876 777 2940 Eucharistiam
790 2878 874 2958 digni
896 2879 1060 2958 accipiant,

133 2979 174 3021 na
196 2961 235 3021 sit
256 2961 371 3042 aliquid
392 2962 444 3041 ibi,
467 2960 550 3042 quod
574 2964 685 3023 remitti
708 2961 830 3041 debeat,
850 2960 906 3023 sed
931 2962 1058 3023 omniuo

89 3117 93 3121 .
134 3043 320 3124 spectabiles
345 3046 375 3105 in
398 3045 546 3106 munditia
568 3065 624 3105 sua
646 3055 863 3126 compareant,
887 3051 918 3105 et
938 3045 1061 3129 sanguis

135 3145 205 3188 nem
230 3127 340 3190 Christi
362 3129 394 3188 iu
416 3129 628 3190 remissionem
639 3134 836 3210 peccatorum
859 3127 959 3188 lusum
980 3126 1063 3201 ride-j

135 3215 198 3274 unt.
242 3210 329 3287 Quae
350 3216 454 3273 tamen
477 3214 663 3293 perversitas
692 3212 753 3273 alia
775 3213 911 3272 nascitur
932 3211 1061 3292 origiue,

135 3312 263 3374 nempe,
292 3293 374 3373 quod
404 3302 564 3376 peccatum
593 3296 709 3356 nullum
743 3300 972 3376 coguoverunt,
1004 3295 1063 3379 uisi¹

135 3376 258 3439 actuale
281 3379 474 3458 propositum
499 3379 572 3440 mali
594 3379 623 3439 in
638 3379 808 3459 voluntate,
831 3378 935 3439 cetera
958 3378 1065 3447 omnia

136 3465 208 3520 suut
228 3459 382 3522 naturales
405 3463 484 3522 vires
514 3469 545 3523 et
565 3462 825 3543 imperfectiones,
848 3459 961 3521 autad
983 3474 1063 3521 sum·

137 3563 219 3604 mum
242 3543 300 3606 soli
323 3550 427 3605 reatus
457 3545 608 3624 quaedam
630 3545 918 3625 relationes‚¹'quae
941 3542 1064 3614 Christo
1165 3596 1168 3601 .

137 3645 199 3688 nou
222 3634 324 3708 egent.
363 3627 409 3687 lta
431 3626 474 3706 lit,
497 3633 530 3689 ut
552 3634 770 3689 momentanea
791 3628 976 3693 contritione
1003 3626 1064 3688 hoc

137 3707 365 3773 sanctissimum
398 3710 603 3772 sacerdotium
637 3730 706 3772 sesa
733 3710 825 3793 plene
875 3708 982 3792 urget,
1004 3706 1065 3797 uad

137 3792 272 3873 emplius
295 3813 375 3874 opus
397 3793 511 3856 habeat
535 3801 719 3857 testamento
744 3794 835 3855 remis
865 3794 933 3855 ouis
956 3801 1064 3874 pecca·
