<?xml version="1.0" encoding="UTF-8"?>
<!DOCTYPE html PUBLIC "-//W3C//DTD XHTML 1.0 Transitional//EN"
    "http://www.w3.org/TR/xhtml1/DTD/xhtml1-transitional.dtd">
<html xmlns="http://www.w3.org/1999/xhtml" xml:lang="en" lang="en">
 <head>
  <title>
</title>
<meta http-equiv="Content-Type" content="text/html;charset=utf-8" />
  <meta name='ocr-system' content='tesseract 3.04.00' />
  <meta name='ocr-capabilities' content='ocr_page ocr_carea ocr_par ocr_line ocrx_word'/>
</head>
<body>
  <div class='ocr_page' id='page_1' title='image "./dmartinilutheri03luthgoog_1005.png"; bbox 0 0 2392 4170; ppageno 0'>
   <div class='ocr_carea' id='block_1_1' title="bbox 141 245 744 321">
    <p class='ocr_par' dir='ltr' id='par_1_1' title="bbox 141 245 744 321">
     <span class='ocr_line' id='line_1_1' title="bbox 141 245 744 321; baseline -0.003 -13"><span class='ocrx_word' id='word_1_1' title='bbox 141 249 204 318; x_wconf 77' lang='grc'><strong>462</strong></span> <span class='ocrx_word' id='word_1_2' title='bbox 445 245 588 308; x_wconf 74' lang='lat' dir='ltr'><strong>ddrianm</strong></span> <span class='ocrx_word' id='word_1_3' title='bbox 605 247 685 321; x_wconf 78' lang='lat' dir='ltr'><strong>Papa</strong></span> <span class='ocrx_word' id='word_1_4' title='bbox 703 246 744 307; x_wconf 69' lang='lat' dir='ltr'><strong>Vl</strong></span> 
     </span>
    </p>
   </div>
   <div class='ocr_carea' id='block_1_2' title="bbox 141 423 1066 593">
    <p class='ocr_par' dir='ltr' id='par_1_2' title="bbox 141 423 1066 593">
     <span class='ocr_line' id='line_1_2' title="bbox 141 423 1066 506; baseline -0.003 -19"><span class='ocrx_word' id='word_1_5' title='bbox 141 432 315 487; x_wconf 78' lang='lat' dir='ltr'>venenatae</span> <span class='ocrx_word' id='word_1_6' title='bbox 336 425 459 506; x_wconf 80' lang='lat' dir='ltr'><strong>linguae</strong></span> <span class='ocrx_word' id='word_1_7' title='bbox 481 425 605 504; x_wconf 87' lang='lat' dir='ltr'><strong>spiculis</strong></span> <span class='ocrx_word' id='word_1_8' title='bbox 627 423 727 485; x_wconf 90' lang='lat' dir='ltr'><strong>bonos</strong></span> <span class='ocrx_word' id='word_1_9' title='bbox 754 430 784 484; x_wconf 88' lang='lat' dir='ltr'><strong>et</strong></span> <span class='ocrx_word' id='word_1_10' title='bbox 805 423 927 484; x_wconf 76' lang='lat' dir='ltr'><strong>aeluros</strong></span> <span class='ocrx_word' id='word_1_11' title='bbox 950 429 982 484; x_wconf 88' lang='lat' dir='ltr'><strong>et</strong></span> <span class='ocrx_word' id='word_1_12' title='bbox 1002 441 1066 484; x_wconf 86' lang='lat' dir='ltr'><strong>mo·</strong></span> 
     </span>
     <span class='ocr_line' id='line_1_3' title="bbox 141 507 1066 593; baseline -0.001 -23"><span class='ocrx_word' id='word_1_13' title='bbox 141 528 190 570; x_wconf 89' lang='lat' dir='ltr'><strong>ree</strong></span> <span class='ocrx_word' id='word_1_14' title='bbox 219 508 345 580; x_wconf 86' lang='lat' dir='ltr'><strong>inlicere</strong></span> <span class='ocrx_word' id='word_1_15' title='bbox 375 516 406 569; x_wconf 90' lang='lat' dir='ltr'><strong>et</strong></span> <span class='ocrx_word' id='word_1_16' title='bbox 432 527 627 589; x_wconf 89' lang='lat' dir='ltr'><strong>corrumpere</strong></span> <span class='ocrx_word' id='word_1_17' title='bbox 649 509 771 578; x_wconf 81' lang='lat' dir='ltr'><strong>conari,</strong></span> <span class='ocrx_word' id='word_1_18' title='bbox 803 510 836 568; x_wconf 87' lang='lat' dir='ltr'><strong>et</strong></span> <span class='ocrx_word' id='word_1_19' title='bbox 863 507 947 586; x_wconf 83' lang='lat' dir='ltr'><strong>quod</strong></span> <span class='ocrx_word' id='word_1_20' title='bbox 972 509 1066 593; x_wconf 77' lang='lat' dir='ltr'><strong>peius</strong></span> 
     </span>
    </p>
   </div>
   <div class='ocr_carea' id='block_1_3' title="bbox 141 590 1067 1069">
    <p class='ocr_par' dir='ltr' id='par_1_3' title="bbox 141 590 1067 1069">
     <span class='ocr_line' id='line_1_4' title="bbox 142 590 1066 672; baseline -0.003 -19"><span class='ocrx_word' id='word_1_21' title='bbox 142 599 205 672; x_wconf 84' lang='lat' dir='ltr'><strong>eat,</strong></span> <span class='ocrx_word' id='word_1_22' title='bbox 228 611 350 653; x_wconf 89' lang='lat' dir='ltr'><strong>suorum</strong></span> <span class='ocrx_word' id='word_1_23' title='bbox 372 593 542 653; x_wconf 80' lang='lat' dir='ltr'><strong>feninorum</strong></span> <span class='ocrx_word' id='word_1_24' title='bbox 564 610 626 653; x_wconf 90' lang='lat' dir='ltr'><strong>non</strong></span> <span class='ocrx_word' id='word_1_25' title='bbox 648 590 789 671; x_wconf 88' lang='lat' dir='ltr'><strong>plebeios</strong></span> <span class='ocrx_word' id='word_1_26' title='bbox 811 590 924 669; x_wconf 89' lang='lat' dir='ltr'><strong>modo,</strong></span> <span class='ocrx_word' id='word_1_27' title='bbox 953 590 1012 651; x_wconf 80' lang='lat' dir='ltr'><strong>esd</strong></span> <span class='ocrx_word' id='word_1_28' title='bbox 1036 598 1066 652; x_wconf 92' lang='lat' dir='ltr'><strong>et</strong></span> 
     </span>
     <span class='ocr_line' id='line_1_5' title="bbox 142 671 1066 757; baseline 0 -22"><span class='ocrx_word' id='word_1_29' title='bbox 142 675 309 757; x_wconf 88' lang='lat' dir='ltr'><strong>plerosque</strong></span> <span class='ocrx_word' id='word_1_30' title='bbox 330 674 458 737; x_wconf 81' lang='lat' dir='ltr'><strong>Nobiles</strong></span> <span class='ocrx_word' id='word_1_31' title='bbox 481 675 594 735; x_wconf 89' lang='lat' dir='ltr'><strong>habere</strong></span> <span class='ocrx_word' id='word_1_32' title='bbox 615 675 769 751; x_wconf 84' lang='lat' dir='ltr'><strong>fautores,</strong></span> <span class='ocrx_word' id='word_1_33' title='bbox 802 673 882 735; x_wconf 86' lang='lat' dir='ltr'><strong>adeo</strong></span> <span class='ocrx_word' id='word_1_34' title='bbox 905 679 941 736; x_wconf 76' lang='lat' dir='ltr'><strong>ut</strong></span> <span class='ocrx_word' id='word_1_35' title='bbox 965 671 1066 757; x_wconf 78' lang='lat' dir='ltr'><strong>(qnae</strong></span> 
     </span>
     <span class='ocr_line' id='line_1_6' title="bbox 142 757 1064 837; baseline -0.002 -18"><span class='ocrx_word' id='word_1_36' title='bbox 142 758 275 819; x_wconf 82' lang='lat' dir='ltr'><strong>fortasse</strong></span> <span class='ocrx_word' id='word_1_37' title='bbox 297 760 424 819; x_wconf 84' lang='lat' dir='ltr'><strong>istorum</strong></span> <span class='ocrx_word' id='word_1_38' title='bbox 450 759 629 819; x_wconf 83' lang='lat' dir='ltr'><strong>tumultuum</strong></span> <span class='ocrx_word' id='word_1_39' title='bbox 652 759 797 837; x_wconf 85' lang='lat' dir='ltr'><strong>primaria</strong></span> <span class='ocrx_word' id='word_1_40' title='bbox 819 757 875 818; x_wconf 83' lang='lat' dir='ltr'><strong>init</strong></span> <span class='ocrx_word' id='word_1_41' title='bbox 896 767 1009 827; x_wconf 84' lang='lat' dir='ltr'><strong>cauea)</strong></span> <span class='ocrx_word' id='word_1_42' title='bbox 1034 760 1064 817; x_wconf 90' lang='lat' dir='ltr'><strong>in</strong></span> 
     </span>
     <span class='ocr_line' id='line_1_7' title="bbox 141 841 1067 903; baseline -0.002 0"><span class='ocrx_word' id='word_1_43' title='bbox 141 841 337 903; x_wconf 78' lang='lat' dir='ltr'><strong>sacerdotum</strong></span> <span class='ocrx_word' id='word_1_44' title='bbox 361 842 442 902; x_wconf 90' lang='lat' dir='ltr'><strong>bone</strong></span> <span class='ocrx_word' id='word_1_45' title='bbox 464 844 499 901; x_wconf 90' lang='lat' dir='ltr'><strong>iri</strong></span> <span class='ocrx_word' id='word_1_46' title='bbox 520 850 552 903; x_wconf 90' lang='lat' dir='ltr'><strong>et</strong></span> <span class='ocrx_word' id='word_1_47' title='bbox 565 843 770 903; x_wconf 78' lang='lat' dir='ltr'><strong>obedientiam</strong></span> <span class='ocrx_word' id='word_1_48' title='bbox 795 848 855 901; x_wconf 78' lang='lat' dir='ltr'><strong>tant</strong></span> <span class='ocrx_word' id='word_1_49' title='bbox 878 841 1067 902; x_wconf 80' lang='lat' dir='ltr'><strong>eoeleeieeti·</strong></span> 
     </span>
     <span class='ocr_line' id='line_1_8' title="bbox 142 923 1064 1005; baseline 0 -21"><span class='ocrx_word' id='word_1_50' title='bbox 142 928 201 1003; x_wconf 90' lang='lat' dir='ltr'><strong>cis,</strong></span> <span class='ocrx_word' id='word_1_51' title='bbox 235 944 326 1005; x_wconf 89' lang='lat' dir='ltr'><strong>quem</strong></span> <span class='ocrx_word' id='word_1_52' title='bbox 360 923 548 985; x_wconf 88' lang='lat' dir='ltr'><strong>secularibus</strong></span> <span class='ocrx_word' id='word_1_53' title='bbox 577 924 710 986; x_wconf 81' lang='lat' dir='ltr'><strong>debitam</strong></span> <span class='ocrx_word' id='word_1_54' title='bbox 749 923 896 1005; x_wconf 74' lang='lat' dir='ltr'><strong>vilipendi</strong></span> <span class='ocrx_word' id='word_1_55' title='bbox 918 930 1064 1005; x_wconf 86' lang='lat' dir='ltr'><strong>coeptum</strong></span> 
     </span>
     <span class='ocr_line' id='line_1_9' title="bbox 143 1006 1064 1069; baseline -0.002 0"><span class='ocrx_word' id='word_1_56' title='bbox 143 1009 183 1069; x_wconf 88' lang='lat' dir='ltr'><strong>sit</strong></span> <span class='ocrx_word' id='word_1_57' title='bbox 204 1016 235 1069; x_wconf 91' lang='lat' dir='ltr'><strong>et</strong></span> <span class='ocrx_word' id='word_1_58' title='bbox 254 1010 335 1069; x_wconf 88' lang='lat' dir='ltr'><strong>inter</strong></span> <span class='ocrx_word' id='word_1_59' title='bbox 357 1008 522 1069; x_wconf 83' lang='lat' dir='ltr'><strong>nonnullos</strong></span> <span class='ocrx_word' id='word_1_60' title='bbox 544 1016 678 1069; x_wconf 82' lang='lat' dir='ltr'><strong>vestrum</strong></span> <span class='ocrx_word' id='word_1_61' title='bbox 708 1007 747 1067; x_wconf 84' lang='lat' dir='ltr'><strong>ed</strong></span> <span class='ocrx_word' id='word_1_62' title='bbox 775 1006 878 1068; x_wconf 85' lang='lat' dir='ltr'><strong>civilia</strong></span> <span class='ocrx_word' id='word_1_63' title='bbox 906 1006 990 1069; x_wconf 85' lang='lat' dir='ltr'><strong>bella</strong></span> <span class='ocrx_word' id='word_1_64' title='bbox 1012 1007 1064 1067; x_wconf 88' lang='lat' dir='ltr'><strong>de·</strong></span> 
     </span>
    </p>
   </div>
   <div class='ocr_carea' id='block_1_4' title="bbox 143 1090 1170 1173">
    <p class='ocr_par' dir='ltr' id='par_1_4' title="bbox 143 1090 1170 1173">
     <span class='ocr_line' id='line_1_10' title="bbox 143 1090 1170 1173; baseline 0 -21"><span class='ocrx_word' id='word_1_65' title='bbox 143 1098 278 1171; x_wconf 83' lang='lat' dir='ltr'><strong>ventum,</strong></span> <span class='ocrx_word' id='word_1_66' title='bbox 300 1092 385 1173; x_wconf 92' lang='lat' dir='ltr'><strong>quod</strong></span> <span class='ocrx_word' id='word_1_67' title='bbox 409 1110 500 1171; x_wconf 87' lang='lat' dir='ltr'><strong>quem</strong></span> <span class='ocrx_word' id='word_1_68' title='bbox 524 1093 604 1153; x_wconf 86' lang='lat' dir='ltr'><strong>mele</strong></span> <span class='ocrx_word' id='word_1_69' title='bbox 627 1091 718 1152; x_wconf 86' lang='lat' dir='ltr'><strong>cedet</strong></span> <span class='ocrx_word' id='word_1_70' title='bbox 729 1090 920 1155; x_wconf 78' lang='lat' dir='ltr'><strong>Christianae</strong></span> <span class='ocrx_word' id='word_1_71' title='bbox 932 1090 1063 1171; x_wconf 79' lang='lat' dir='ltr'><strong>Reipub.</strong></span> <span class='ocrx_word' id='word_1_72' title='bbox 1167 1112 1170 1121; x_wconf 94' lang='lat'>·</span> 
     </span>
    </p>
   </div>
   <div class='ocr_carea' id='block_1_5' title="bbox 141 1174 1170 1423">
    <p class='ocr_par' dir='ltr' id='par_1_5' title="bbox 141 1174 1170 1423">
     <span class='ocr_line' id='line_1_11' title="bbox 141 1174 1064 1257; baseline 0.001 -22"><span class='ocrx_word' id='word_1_73' title='bbox 141 1175 201 1237; x_wconf 89' lang='lat' dir='ltr'><strong>hoc</strong></span> <span class='ocrx_word' id='word_1_74' title='bbox 223 1177 401 1257; x_wconf 83' lang='lat' dir='ltr'><strong>praesertim</strong></span> <span class='ocrx_word' id='word_1_75' title='bbox 424 1182 573 1257; x_wconf 86' lang='lat' dir='ltr'><strong>tempore,</strong></span> <span class='ocrx_word' id='word_1_76' title='bbox 597 1181 700 1236; x_wconf 87' lang='lat' dir='ltr'><strong>mente</strong></span> <span class='ocrx_word' id='word_1_77' title='bbox 723 1183 754 1235; x_wconf 85' lang='lat' dir='ltr'><strong>et</strong></span> <span class='ocrx_word' id='word_1_78' title='bbox 769 1175 960 1254; x_wconf 80' lang='lat' dir='ltr'><strong>cogitatione</strong></span> <span class='ocrx_word' id='word_1_79' title='bbox 973 1174 1064 1236; x_wconf 76' lang='lat' dir='ltr'><strong>facile</strong></span> 
     </span>
     <span class='ocr_line' id='line_1_12' title="bbox 141 1259 1170 1342; baseline -0.003 -23"><span class='ocrx_word' id='word_1_80' title='bbox 141 1259 317 1342; x_wconf 79' lang='lat' dir='ltr'><strong>perspicere</strong></span> <span class='ocrx_word' id='word_1_81' title='bbox 336 1260 475 1339; x_wconf 82' lang='lat' dir='ltr'><strong>potestis.</strong></span> <span class='ocrx_word' id='word_1_82' title='bbox 1167 1320 1170 1329; x_wconf 69' lang='grc'>,</span> 
     </span>
     <span class='ocr_line' id='line_1_13' title="bbox 226 1341 1170 1423; baseline -0.007 -21"><span class='ocrx_word' id='word_1_83' title='bbox 226 1342 291 1403; x_wconf 79' lang='lat' dir='ltr'><strong>nni</strong></span> <span class='ocrx_word' id='word_1_84' title='bbox 313 1344 393 1402; x_wconf 90' lang='lat' dir='ltr'><strong>enim</strong></span> <span class='ocrx_word' id='word_1_85' title='bbox 415 1342 570 1423; x_wconf 73' lang='lat' dir='ltr'><strong>praedixit</strong></span> <span class='ocrx_word' id='word_1_86' title='bbox 592 1341 777 1423; x_wconf 85' lang='lat' dir='ltr'><strong>Apostolus,</strong></span> <span class='ocrx_word' id='word_1_87' title='bbox 813 1347 960 1422; x_wconf 85' lang='lat' dir='ltr'><strong>oportere</strong></span> <span class='ocrx_word' id='word_1_88' title='bbox 991 1341 1061 1402; x_wconf 82' lang='lat' dir='ltr'><strong>ber·</strong></span> <span class='ocrx_word' id='word_1_89' title='bbox 1139 1368 1141 1373; x_wconf 95' lang='lat'>·</span> <span class='ocrx_word' id='word_1_90' title='bbox 1167 1390 1170 1395; x_wconf 78' lang='grc'>,</span> 
     </span>
    </p>
   </div>
   <div class='ocr_carea' id='block_1_6' title="bbox 142 1424 1170 1505">
    <p class='ocr_par' dir='ltr' id='par_1_6' title="bbox 142 1424 1170 1505">
     <span class='ocr_line' id='line_1_14' title="bbox 142 1424 1170 1505; baseline -0.001 -19"><span class='ocrx_word' id='word_1_91' title='bbox 142 1445 226 1486; x_wconf 91' lang='lat' dir='ltr'><strong>reses</strong></span> <span class='ocrx_word' id='word_1_92' title='bbox 249 1445 333 1500; x_wconf 87' lang='lat' dir='ltr'><strong>esse,</strong></span> <span class='ocrx_word' id='word_1_93' title='bbox 357 1433 441 1487; x_wconf 87' lang='lat' dir='ltr'><strong>utet</strong></span> <span class='ocrx_word' id='word_1_94' title='bbox 464 1427 516 1504; x_wconf 91' lang='lat' dir='ltr'><strong>qui</strong></span> <span class='ocrx_word' id='word_1_95' title='bbox 547 1424 667 1505; x_wconf 89' lang='lat' dir='ltr'><strong>probati</strong></span> <span class='ocrx_word' id='word_1_96' title='bbox 697 1435 768 1484; x_wconf 90' lang='lat' dir='ltr'><strong>eunt</strong></span> <span class='ocrx_word' id='word_1_97' title='bbox 800 1425 954 1484; x_wconf 84' lang='lat' dir='ltr'><strong>menifesli</strong></span> <span class='ocrx_word' id='word_1_98' title='bbox 979 1425 1062 1504; x_wconf 83' lang='lat' dir='ltr'><strong>liant,</strong></span> <span class='ocrx_word' id='word_1_99' title='bbox 1166 1426 1170 1477; x_wconf 84' lang='lat' dir='ltr'><strong>l</strong></span> 
     </span>
    </p>
   </div>
   <div class='ocr_carea' id='block_1_7' title="bbox 93 1508 1063 2090">
    <p class='ocr_par' dir='ltr' id='par_1_7' title="bbox 93 1508 1063 2090">
     <span class='ocr_line' id='line_1_15' title="bbox 143 1508 1063 1588; baseline 0 -20"><span class='ocrx_word' id='word_1_100' title='bbox 143 1509 258 1569; x_wconf 89' lang='lat' dir='ltr'><strong>nullum</strong></span> <span class='ocrx_word' id='word_1_101' title='bbox 292 1517 393 1570; x_wconf 89' lang='lat' dir='ltr'><strong>tamen</strong></span> <span class='ocrx_word' id='word_1_102' title='bbox 425 1508 530 1570; x_wconf 84' lang='lat' dir='ltr'><strong>videas</strong></span> <span class='ocrx_word' id='word_1_103' title='bbox 557 1517 678 1588; x_wconf 83' lang='lat' dir='ltr'><strong>tempus</strong></span> <span class='ocrx_word' id='word_1_104' title='bbox 707 1508 778 1568; x_wconf 87' lang='lat' dir='ltr'><strong>huic</strong></span> <span class='ocrx_word' id='word_1_105' title='bbox 815 1508 857 1569; x_wconf 85' lang='lat' dir='ltr'><strong>rei</strong></span> <span class='ocrx_word' id='word_1_106' title='bbox 887 1510 988 1588; x_wconf 82' lang='lat' dir='ltr'><strong>magis</strong></span> <span class='ocrx_word' id='word_1_107' title='bbox 1010 1511 1063 1569; x_wconf 89' lang='lat' dir='ltr'><strong>inr-</strong></span> 
     </span>
     <span class='ocr_line' id='line_1_16' title="bbox 143 1591 1061 1674; baseline -0.001 -20"><span class='ocrx_word' id='word_1_108' title='bbox 143 1601 305 1674; x_wconf 89' lang='lat' dir='ltr'><strong>portnnum</strong></span> <span class='ocrx_word' id='word_1_109' title='bbox 330 1610 420 1671; x_wconf 88' lang='lat' dir='ltr'><strong>quarn</strong></span> <span class='ocrx_word' id='word_1_110' title='bbox 444 1593 513 1673; x_wconf 89' lang='lat' dir='ltr'><strong>boe,</strong></span> <span class='ocrx_word' id='word_1_111' title='bbox 536 1601 589 1653; x_wconf 84' lang='lat' dir='ltr'><strong>aut</strong></span> <span class='ocrx_word' id='word_1_112' title='bbox 610 1591 692 1672; x_wconf 91' lang='lat' dir='ltr'><strong>quod</strong></span> <span class='ocrx_word' id='word_1_113' title='bbox 714 1594 803 1651; x_wconf 84' lang='lat' dir='ltr'><strong>eitius</strong></span> <span class='ocrx_word' id='word_1_114' title='bbox 819 1591 857 1651; x_wconf 84' lang='lat' dir='ltr'><strong>ab</strong></span> <span class='ocrx_word' id='word_1_115' title='bbox 871 1591 1061 1672; x_wconf 80' lang='lat' dir='ltr'><strong>haeresibus,</strong></span> 
     </span>
     <span class='ocr_line' id='line_1_17' title="bbox 142 1675 1061 1756; baseline 0.002 -21"><span class='ocrx_word' id='word_1_116' title='bbox 142 1678 168 1735; x_wconf 89' lang='lat' dir='ltr'><strong>ei</strong></span> <span class='ocrx_word' id='word_1_117' title='bbox 191 1695 270 1756; x_wconf 88' lang='lat' dir='ltr'><strong>qnee</strong></span> <span class='ocrx_word' id='word_1_118' title='bbox 294 1683 379 1737; x_wconf 88' lang='lat' dir='ltr'><strong>ortae</strong></span> <span class='ocrx_word' id='word_1_119' title='bbox 400 1677 477 1754; x_wconf 90' lang='lat' dir='ltr'><strong>sint,</strong></span> <span class='ocrx_word' id='word_1_120' title='bbox 498 1676 604 1737; x_wconf 85' lang='lat' dir='ltr'><strong>veniat</strong></span> <span class='ocrx_word' id='word_1_121' title='bbox 625 1675 800 1737; x_wconf 79' lang='lat' dir='ltr'><strong>necessario</strong></span> <span class='ocrx_word' id='word_1_122' title='bbox 822 1675 1061 1755; x_wconf 66' lang='lat' dir='ltr'><strong>repurgandum.</strong></span> 
     </span>
     <span class='ocr_line' id='line_1_18' title="bbox 142 1757 1062 1840; baseline 0.002 -21"><span class='ocrx_word' id='word_1_123' title='bbox 142 1757 244 1834; x_wconf 78' lang='lat' dir='ltr'><strong>Quum</strong></span> <span class='ocrx_word' id='word_1_124' title='bbox 266 1761 346 1820; x_wconf 91' lang='lat' dir='ltr'><strong>enim</strong></span> <span class='ocrx_word' id='word_1_125' title='bbox 375 1760 500 1820; x_wconf 89' lang='lat' dir='ltr'><strong>humani</strong></span> <span class='ocrx_word' id='word_1_126' title='bbox 535 1760 656 1839; x_wconf 80' lang='lat' dir='ltr'><strong>generis</strong></span> <span class='ocrx_word' id='word_1_127' title='bbox 688 1765 852 1840; x_wconf 84' lang='lat' dir='ltr'><strong>perpetuus</strong></span> <span class='ocrx_word' id='word_1_128' title='bbox 875 1758 976 1819; x_wconf 84' lang='lat' dir='ltr'><strong>hostis</strong></span> <span class='ocrx_word' id='word_1_129' title='bbox 998 1759 1062 1821; x_wconf 84' lang='lat' dir='ltr'><strong>dia·</strong></span> 
     </span>
     <span class='ocr_line' id='line_1_19' title="bbox 142 1840 1060 1923; baseline -0.003 -16"><span class='ocrx_word' id='word_1_130' title='bbox 142 1842 232 1907; x_wconf 89' lang='lat' dir='ltr'><strong>bolus</strong></span> <span class='ocrx_word' id='word_1_131' title='bbox 269 1841 325 1905; x_wconf 88' lang='lat' dir='ltr'><strong>sub</strong></span> <span class='ocrx_word' id='word_1_132' title='bbox 361 1843 461 1904; x_wconf 86' lang='lat' dir='ltr'><strong>leonis</strong></span> <span class='ocrx_word' id='word_1_133' title='bbox 490 1844 636 1923; x_wconf 84' lang='lat' dir='ltr'><strong>rugientis</strong></span> <span class='ocrx_word' id='word_1_134' title='bbox 672 1843 774 1923; x_wconf 88' lang='lat' dir='ltr'><strong>speeie</strong></span> <span class='ocrx_word' id='word_1_135' title='bbox 810 1861 864 1922; x_wconf 80' lang='lat' dir='ltr'><strong>per</strong></span> <span class='ocrx_word' id='word_1_136' title='bbox 891 1840 1060 1904; x_wconf 75' lang='lat' dir='ltr'><strong>&#39;furcarum</strong></span> 
     </span>
     <span class='ocr_line' id='line_1_20' title="bbox 93 1924 1060 2008; baseline 0.001 -22"><span class='ocrx_word' id='word_1_137' title='bbox 93 1934 97 1941; x_wconf 78' lang='grc'><em>’</em></span> <span class='ocrx_word' id='word_1_138' title='bbox 142 1927 222 1986; x_wconf 88' lang='lat' dir='ltr'><strong>vires</strong></span> <span class='ocrx_word' id='word_1_139' title='bbox 247 1925 479 1987; x_wconf 72' lang='lat' dir='ltr'><strong>inchristienee</strong></span> <span class='ocrx_word' id='word_1_140' title='bbox 502 1945 577 1988; x_wconf 85' lang='lat' dir='ltr'><strong>oves</strong></span> <span class='ocrx_word' id='word_1_141' title='bbox 599 1927 747 1986; x_wconf 84' lang='lat' dir='ltr'><strong>continuo</strong></span> <span class='ocrx_word' id='word_1_142' title='bbox 759 1924 975 2008; x_wconf 85' lang='lat' dir='ltr'><strong>debacchetur,</strong></span> <span class='ocrx_word' id='word_1_143' title='bbox 999 1947 1060 1988; x_wconf 91' lang='lat' dir='ltr'><strong>non</strong></span> 
     </span>
     <span class='ocr_line' id='line_1_21' title="bbox 141 2008 1062 2090; baseline 0.002 -20"><span class='ocrx_word' id='word_1_144' title='bbox 141 2009 297 2090; x_wconf 88' lang='lat' dir='ltr'><strong>videmus,</strong></span> <span class='ocrx_word' id='word_1_145' title='bbox 319 2009 477 2090; x_wconf 87' lang='lat' dir='ltr'><strong>quomodo</strong></span> <span class='ocrx_word' id='word_1_146' title='bbox 500 2017 609 2070; x_wconf 81' lang='lat' dir='ltr'><strong>contre</strong></span> <span class='ocrx_word' id='word_1_147' title='bbox 629 2017 731 2070; x_wconf 85' lang='lat' dir='ltr'><strong>tentos</strong></span> <span class='ocrx_word' id='word_1_148' title='bbox 752 2011 885 2090; x_wconf 71' lang='lat' dir='ltr'><strong>inpetus</strong></span> <span class='ocrx_word' id='word_1_149' title='bbox 908 2008 1062 2072; x_wconf 84' lang='lat' dir='ltr'><strong>obsistere</strong></span> 
     </span>
    </p>
   </div>
   <div class='ocr_carea' id='block_1_8' title="bbox 140 2091 1173 2174">
    <p class='ocr_par' dir='ltr' id='par_1_8' title="bbox 140 2091 1173 2174">
     <span class='ocr_line' id='line_1_22' title="bbox 140 2091 1173 2174; baseline 0 -21"><span class='ocrx_word' id='word_1_150' title='bbox 140 2096 312 2174; x_wconf 89' lang='lat' dir='ltr'><strong>possimus,</strong></span> <span class='ocrx_word' id='word_1_151' title='bbox 335 2094 480 2172; x_wconf 87' lang='lat' dir='ltr'><strong>quamdiu</strong></span> <span class='ocrx_word' id='word_1_152' title='bbox 503 2092 633 2154; x_wconf 89' lang='lat' dir='ltr'><strong>eundem</strong></span> <span class='ocrx_word' id='word_1_153' title='bbox 656 2091 813 2154; x_wconf 85' lang='lat' dir='ltr'><strong>diabolum</strong></span> <span class='ocrx_word' id='word_1_154' title='bbox 835 2092 892 2154; x_wconf 85' lang='lat' dir='ltr'><strong>sub</strong></span> <span class='ocrx_word' id='word_1_155' title='bbox 914 2092 1059 2155; x_wconf 78' lang='lat' dir='ltr'><strong>droconis</strong></span> <span class='ocrx_word' id='word_1_156' title='bbox 1170 2092 1173 2129; x_wconf 58' lang='lat'>5</span> 
     </span>
    </p>
   </div>
   <div class='ocr_carea' id='block_1_9' title="bbox 137 2176 1063 3514">
    <p class='ocr_par' dir='ltr' id='par_1_9' title="bbox 141 2176 1062 2757">
     <span class='ocr_line' id='line_1_23' title="bbox 141 2176 1059 2238; baseline 0 0"><span class='ocrx_word' id='word_1_157' title='bbox 141 2176 261 2238; x_wconf 82' lang='lat' dir='ltr'><strong>subdoli</strong></span> <span class='ocrx_word' id='word_1_158' title='bbox 284 2178 382 2236; x_wconf 87' lang='lat' dir='ltr'><strong>forme</strong></span> <span class='ocrx_word' id='word_1_159' title='bbox 407 2179 481 2236; x_wconf 90' lang='lat' dir='ltr'><strong>istas</strong></span> <span class='ocrx_word' id='word_1_160' title='bbox 513 2177 656 2237; x_wconf 87' lang='lat' dir='ltr'><strong>haereses</strong></span> <span class='ocrx_word' id='word_1_161' title='bbox 685 2177 933 2237; x_wconf 86' lang='lat' dir='ltr'><strong>disseminantem</strong></span> <span class='ocrx_word' id='word_1_162' title='bbox 973 2180 1059 2238; x_wconf 87' lang='lat' dir='ltr'><strong>inter·</strong></span> 
     </span>
     <span class='ocr_line' id='line_1_24' title="bbox 141 2259 1060 2341; baseline 0.001 -22"><span class='ocrx_word' id='word_1_163' title='bbox 141 2280 200 2341; x_wconf 89' lang='lat' dir='ltr'><strong>que</strong></span> <span class='ocrx_word' id='word_1_164' title='bbox 222 2261 403 2321; x_wconf 78' lang='lat' dir='ltr'><strong>fortissimos</strong></span> <span class='ocrx_word' id='word_1_165' title='bbox 421 2259 594 2321; x_wconf 81' lang='lat' dir='ltr'><strong>Germanos</strong></span> <span class='ocrx_word' id='word_1_166' title='bbox 615 2267 739 2321; x_wconf 88' lang='lat' dir='ltr'><strong>nostros</strong></span> <span class='ocrx_word' id='word_1_167' title='bbox 769 2260 939 2323; x_wconf 83' lang='lat' dir='ltr'><strong>discordias</strong></span> <span class='ocrx_word' id='word_1_168' title='bbox 965 2270 995 2322; x_wconf 86' lang='lat' dir='ltr'><strong>et</strong></span> <span class='ocrx_word' id='word_1_169' title='bbox 1017 2282 1060 2320; x_wconf 80' lang='lat' dir='ltr'><strong>ee</strong></span> 
     </span>
     <span class='ocr_line' id='line_1_25' title="bbox 144 2344 1061 2424; baseline 0.001 -20"><span class='ocrx_word' id='word_1_170' title='bbox 144 2344 275 2404; x_wconf 89' lang='lat' dir='ltr'><strong>ditiones</strong></span> <span class='ocrx_word' id='word_1_171' title='bbox 312 2345 509 2405; x_wconf 87' lang='lat' dir='ltr'><strong>suscitantem</strong></span> <span class='ocrx_word' id='word_1_172' title='bbox 541 2344 723 2407; x_wconf 83' lang='lat' dir='ltr'><strong>fovebimus.</strong></span> <span class='ocrx_word' id='word_1_173' title='bbox 777 2345 877 2424; x_wconf 85' lang='lat' dir='ltr'><strong>Atque</strong></span> <span class='ocrx_word' id='word_1_174' title='bbox 910 2352 943 2404; x_wconf 88' lang='lat' dir='ltr'><strong>ut</strong></span> <span class='ocrx_word' id='word_1_175' title='bbox 970 2346 1061 2405; x_wconf 87' lang='lat' dir='ltr'><strong>etiam</strong></span> 
     </span>
     <span class='ocr_line' id='line_1_26' title="bbox 145 2427 1062 2509; baseline -0.001 -20"><span class='ocrx_word' id='word_1_176' title='bbox 145 2427 300 2489; x_wconf 85' lang='lat' dir='ltr'><strong>debellare</strong></span> <span class='ocrx_word' id='word_1_177' title='bbox 322 2434 467 2488; x_wconf 88' lang='lat' dir='ltr'><strong>externos</strong></span> <span class='ocrx_word' id='word_1_178' title='bbox 490 2428 595 2488; x_wconf 90' lang='lat' dir='ltr'><strong>hostes</strong></span> <span class='ocrx_word' id='word_1_179' title='bbox 618 2428 752 2489; x_wconf 77' lang='lat' dir='ltr'><strong>menime</strong></span> <span class='ocrx_word' id='word_1_180' title='bbox 774 2430 938 2509; x_wconf 84' lang='lat' dir='ltr'><strong>possimus,</strong></span> <span class='ocrx_word' id='word_1_181' title='bbox 961 2430 1062 2489; x_wconf 86' lang='lat' dir='ltr'><strong>irritus</strong></span> 
     </span>
     <span class='ocr_line' id='line_1_27' title="bbox 143 2511 1062 2591; baseline 0 -19"><span class='ocrx_word' id='word_1_182' title='bbox 143 2518 245 2572; x_wconf 85' lang='lat' dir='ltr'><strong>temen</strong></span> <span class='ocrx_word' id='word_1_183' title='bbox 269 2511 357 2572; x_wconf 88' lang='lat' dir='ltr'><strong>luerit</strong></span> <span class='ocrx_word' id='word_1_184' title='bbox 375 2511 464 2572; x_wconf 85' lang='lat' dir='ltr'><strong>labor</strong></span> <span class='ocrx_word' id='word_1_185' title='bbox 485 2513 705 2591; x_wconf 84' lang='lat' dir='ltr'><strong>impensaque,</strong></span> <span class='ocrx_word' id='word_1_186' title='bbox 728 2518 759 2571; x_wconf 93' lang='lat' dir='ltr'><strong>et</strong></span> <span class='ocrx_word' id='word_1_187' title='bbox 779 2512 949 2572; x_wconf 74' lang='lat' dir='ltr'><strong>animer-um</strong></span> <span class='ocrx_word' id='word_1_188' title='bbox 973 2513 1062 2573; x_wconf 88' lang='lat' dir='ltr'><strong>saluti</strong></span> 
     </span>
     <span class='ocr_line' id='line_1_28' title="bbox 144 2594 1060 2674; baseline 0 -18"><span class='ocrx_word' id='word_1_189' title='bbox 144 2597 267 2656; x_wconf 89' lang='lat' dir='ltr'><strong>minime</strong></span> <span class='ocrx_word' id='word_1_190' title='bbox 289 2595 385 2674; x_wconf 88' lang='lat' dir='ltr'><strong>utilis,</strong></span> <span class='ocrx_word' id='word_1_191' title='bbox 423 2594 495 2655; x_wconf 83' lang='lat' dir='ltr'><strong>ioris</strong></span> <span class='ocrx_word' id='word_1_192' title='bbox 525 2597 630 2656; x_wconf 84' lang='lat' dir='ltr'><strong>hostes</strong></span> <span class='ocrx_word' id='word_1_193' title='bbox 653 2597 779 2655; x_wconf 89' lang='lat' dir='ltr'><strong>vincere·</strong></span> <span class='ocrx_word' id='word_1_194' title='bbox 798 2602 828 2655; x_wconf 88' lang='lat' dir='ltr'><strong>et</strong></span> <span class='ocrx_word' id='word_1_195' title='bbox 850 2595 932 2656; x_wconf 86' lang='lat' dir='ltr'><strong>dorni</strong></span> <span class='ocrx_word' id='word_1_196' title='bbox 957 2596 1060 2656; x_wconf 88' lang='lat' dir='ltr'><strong>heere·</strong></span> 
     </span>
     <span class='ocr_line' id='line_1_29' title="bbox 143 2678 693 2757; baseline 0 -19"><span class='ocrx_word' id='word_1_197' title='bbox 143 2679 226 2739; x_wconf 88' lang='lat' dir='ltr'><strong>sibus</strong></span> <span class='ocrx_word' id='word_1_198' title='bbox 249 2678 524 2757; x_wconf 83' lang='lat' dir='ltr'><strong>schismatibusque</strong></span> <span class='ocrx_word' id='word_1_199' title='bbox 546 2678 693 2738; x_wconf 89' lang='lat' dir='ltr'><strong>laborare.</strong></span> 
     </span>
    </p>

    <p class='ocr_par' dir='ltr' id='par_1_10' title="bbox 137 2762 1063 3514">
     <span class='ocr_line' id='line_1_30' title="bbox 226 2762 1061 2837; baseline 0.002 -15"><span class='ocrx_word' id='word_1_200' title='bbox 226 2763 418 2823; x_wconf 86' lang='lat' dir='ltr'><strong>Meminimus</strong></span> <span class='ocrx_word' id='word_1_201' title='bbox 441 2764 623 2837; x_wconf 79' lang='lat' dir='ltr'><strong>etiamnum,</strong></span> <span class='ocrx_word' id='word_1_202' title='bbox 652 2780 721 2822; x_wconf 90' lang='lat' dir='ltr'><strong>cnm</strong></span> <span class='ocrx_word' id='word_1_203' title='bbox 744 2763 774 2822; x_wconf 92' lang='lat' dir='ltr'><strong>in</strong></span> <span class='ocrx_word' id='word_1_204' title='bbox 798 2762 967 2823; x_wconf 89' lang='lat' dir='ltr'><strong>minoribus</strong></span> <span class='ocrx_word' id='word_1_205' title='bbox 991 2783 1061 2824; x_wconf 86' lang='lat' dir='ltr'><strong>ocn-</strong></span> 
     </span>
     <span class='ocr_line' id='line_1_31' title="bbox 143 2844 1062 2926; baseline 0.001 -20"><span class='ocrx_word' id='word_1_206' title='bbox 143 2847 238 2906; x_wconf 87' lang='lat' dir='ltr'><strong>etitnti</strong></span> <span class='ocrx_word' id='word_1_207' title='bbox 260 2847 291 2906; x_wconf 93' lang='lat' dir='ltr'><strong>in</strong></span> <span class='ocrx_word' id='word_1_208' title='bbox 314 2844 466 2926; x_wconf 85' lang='lat' dir='ltr'><strong>Hispania</strong></span> <span class='ocrx_word' id='word_1_209' title='bbox 487 2864 641 2922; x_wconf 83' lang='lat' dir='ltr'><strong>essemus,</strong></span> <span class='ocrx_word' id='word_1_210' title='bbox 664 2844 759 2906; x_wconf 86' lang='lat' dir='ltr'><strong>multa</strong></span> <span class='ocrx_word' id='word_1_211' title='bbox 782 2845 820 2906; x_wconf 93' lang='lat' dir='ltr'><strong>ad</strong></span> <span class='ocrx_word' id='word_1_212' title='bbox 843 2865 901 2907; x_wconf 87' lang='lat' dir='ltr'><strong>nos</strong></span> <span class='ocrx_word' id='word_1_213' title='bbox 923 2854 955 2906; x_wconf 89' lang='lat' dir='ltr'><strong>et</strong></span> <span class='ocrx_word' id='word_1_214' title='bbox 980 2850 1062 2907; x_wconf 85' lang='lat' dir='ltr'><strong>veria</strong></span> 
     </span>
     <span class='ocr_line' id='line_1_32' title="bbox 143 2928 1063 3010; baseline 0.004 -22"><span class='ocrx_word' id='word_1_215' title='bbox 143 2929 181 2989; x_wconf 90' lang='lat' dir='ltr'><strong>de</strong></span> <span class='ocrx_word' id='word_1_216' title='bbox 202 2928 333 2990; x_wconf 88' lang='lat' dir='ltr'><strong>Lnthero</strong></span> <span class='ocrx_word' id='word_1_217' title='bbox 356 2937 386 2989; x_wconf 91' lang='lat' dir='ltr'><strong>et</strong></span> <span class='ocrx_word' id='word_1_218' title='bbox 409 2930 474 2989; x_wconf 89' lang='lat' dir='ltr'><strong>eius</strong></span> <span class='ocrx_word' id='word_1_219' title='bbox 495 2931 648 3009; x_wconf 87' lang='lat' dir='ltr'><strong>perversis</strong></span> <span class='ocrx_word' id='word_1_220' title='bbox 670 2928 864 3010; x_wconf 86' lang='lat' dir='ltr'><strong>dogmatibus</strong></span> <span class='ocrx_word' id='word_1_221' title='bbox 888 2930 1063 3010; x_wconf 81' lang='lat' dir='ltr'><strong>frequenter</strong></span> 
     </span>
     <span class='ocr_line' id='line_1_33' title="bbox 141 3012 1061 3093; baseline 0.003 -21"><span class='ocrx_word' id='word_1_222' title='bbox 141 3013 282 3093; x_wconf 85' lang='lat' dir='ltr'><strong>perferri,</strong></span> <span class='ocrx_word' id='word_1_223' title='bbox 307 3032 385 3092; x_wconf 87' lang='lat' dir='ltr'><strong>quse</strong></span> <span class='ocrx_word' id='word_1_224' title='bbox 408 3031 476 3073; x_wconf 90' lang='lat' dir='ltr'><strong>cum</strong></span> <span class='ocrx_word' id='word_1_225' title='bbox 499 3032 554 3093; x_wconf 90' lang='lat' dir='ltr'><strong>per</strong></span> <span class='ocrx_word' id='word_1_226' title='bbox 577 3032 610 3073; x_wconf 89' lang='lat' dir='ltr'><strong>ee</strong></span> <span class='ocrx_word' id='word_1_227' title='bbox 632 3012 794 3074; x_wconf 86' lang='lat' dir='ltr'><strong>durissima</strong></span> <span class='ocrx_word' id='word_1_228' title='bbox 816 3012 919 3073; x_wconf 87' lang='lat' dir='ltr'><strong>euditu</strong></span> <span class='ocrx_word' id='word_1_229' title='bbox 944 3033 984 3074; x_wconf 85' lang='lat' dir='ltr'><strong>eo</strong></span> <span class='ocrx_word' id='word_1_230' title='bbox 1006 3034 1061 3075; x_wconf 89' lang='lat' dir='ltr'><strong>no·</strong></span> 
     </span>
     <span class='ocr_line' id='line_1_34' title="bbox 142 3095 1061 3176; baseline 0.002 -20"><span class='ocrx_word' id='word_1_231' title='bbox 142 3095 187 3156; x_wconf 91' lang='lat' dir='ltr'><strong>bis</strong></span> <span class='ocrx_word' id='word_1_232' title='bbox 211 3096 334 3157; x_wconf 89' lang='lat' dir='ltr'><strong>duriora</strong></span> <span class='ocrx_word' id='word_1_233' title='bbox 357 3095 554 3172; x_wconf 87' lang='lat' dir='ltr'><strong>videbuntur,</strong></span> <span class='ocrx_word' id='word_1_234' title='bbox 584 3097 666 3175; x_wconf 90' lang='lat' dir='ltr'><strong>quod</strong></span> <span class='ocrx_word' id='word_1_235' title='bbox 694 3115 734 3156; x_wconf 88' lang='lat' dir='ltr'><strong>ex</strong></span> <span class='ocrx_word' id='word_1_236' title='bbox 767 3115 804 3156; x_wconf 85' lang='lat' dir='ltr'><strong>eu</strong></span> <span class='ocrx_word' id='word_1_237' title='bbox 824 3098 953 3176; x_wconf 84' lang='lat' dir='ltr'><strong>regione</strong></span> <span class='ocrx_word' id='word_1_238' title='bbox 981 3100 1061 3158; x_wconf 88' lang='lat' dir='ltr'><strong>veni-</strong></span> 
     </span>
     <span class='ocr_line' id='line_1_35' title="bbox 141 3179 1061 3259; baseline 0.005 -22"><span class='ocrx_word' id='word_1_239' title='bbox 141 3189 218 3257; x_wconf 87' lang='lat' dir='ltr'><strong>rent,</strong></span> <span class='ocrx_word' id='word_1_240' title='bbox 242 3181 323 3240; x_wconf 91' lang='lat' dir='ltr'><strong>unde</strong></span> <span class='ocrx_word' id='word_1_241' title='bbox 346 3180 434 3240; x_wconf 88' lang='lat' dir='ltr'><strong>nobis</strong></span> <span class='ocrx_word' id='word_1_242' title='bbox 457 3179 624 3240; x_wconf 88' lang='lat' dir='ltr'><strong>secundum</strong></span> <span class='ocrx_word' id='word_1_243' title='bbox 648 3199 771 3240; x_wconf 90' lang='lat' dir='ltr'><strong>earnem</strong></span> <span class='ocrx_word' id='word_1_244' title='bbox 795 3182 882 3259; x_wconf 85' lang='lat' dir='ltr'><strong>origo</strong></span> <span class='ocrx_word' id='word_1_245' title='bbox 905 3187 962 3243; x_wconf 88' lang='lat' dir='ltr'><strong>eet.</strong></span> <span class='ocrx_word' id='word_1_246' title='bbox 1000 3181 1061 3244; x_wconf 89' lang='lat' dir='ltr'><strong>Sed</strong></span> 
     </span>
     <span class='ocr_line' id='line_1_36' title="bbox 141 3262 1062 3343; baseline 0.002 -21"><span class='ocrx_word' id='word_1_247' title='bbox 141 3262 299 3322; x_wconf 83' lang='lat' dir='ltr'><strong>solabatur</strong></span> <span class='ocrx_word' id='word_1_248' title='bbox 332 3282 388 3324; x_wconf 87' lang='lat' dir='ltr'><strong>nos</strong></span> <span class='ocrx_word' id='word_1_249' title='bbox 422 3269 485 3322; x_wconf 90' lang='lat' dir='ltr'><strong>turn</strong></span> <span class='ocrx_word' id='word_1_250' title='bbox 516 3265 559 3323; x_wconf 89' lang='lat' dir='ltr'><strong>rei</strong></span> <span class='ocrx_word' id='word_1_251' title='bbox 592 3265 686 3343; x_wconf 90' lang='lat' dir='ltr'><strong>ipsius</strong></span> <span class='ocrx_word' id='word_1_252' title='bbox 719 3263 799 3324; x_wconf 90' lang='lat' dir='ltr'><strong>adeo</strong></span> <span class='ocrx_word' id='word_1_253' title='bbox 828 3263 993 3325; x_wconf 83' lang='lat' dir='ltr'><strong>manifeste</strong></span> <span class='ocrx_word' id='word_1_254' title='bbox 1014 3266 1062 3326; x_wconf 85' lang='lat' dir='ltr'><strong>vel</strong></span> 
     </span>
     <span class='ocr_line' id='line_1_37' title="bbox 140 3345 1063 3423; baseline 0.008 -20"><span class='ocrx_word' id='word_1_255' title='bbox 140 3345 285 3423; x_wconf 87' lang='lat' dir='ltr'><strong>iniquitas</strong></span> <span class='ocrx_word' id='word_1_256' title='bbox 308 3347 356 3407; x_wconf 86' lang='lat' dir='ltr'><strong>vel</strong></span> <span class='ocrx_word' id='word_1_257' title='bbox 380 3345 548 3422; x_wconf 87' lang='lat' dir='ltr'><strong>stoliditas,</strong></span> <span class='ocrx_word' id='word_1_258' title='bbox 586 3353 619 3407; x_wconf 92' lang='lat' dir='ltr'><strong>ut</strong></span> <span class='ocrx_word' id='word_1_259' title='bbox 640 3367 659 3406; x_wconf 91' lang='lat' dir='ltr'><strong>a</strong></span> <span class='ocrx_word' id='word_1_260' title='bbox 681 3349 803 3406; x_wconf 86' lang='lat' dir='ltr'><strong>nemine</strong></span> <span class='ocrx_word' id='word_1_261' title='bbox 826 3349 876 3407; x_wconf 93' lang='lat' dir='ltr'><strong>diu</strong></span> <span class='ocrx_word' id='word_1_262' title='bbox 899 3346 1063 3410; x_wconf 87' lang='lat' dir='ltr'><strong>toleranda</strong></span> 
     </span>
     <span class='ocr_line' id='line_1_38' title="bbox 137 3429 1062 3514; baseline 0.005 -26"><span class='ocrx_word' id='word_1_263' title='bbox 137 3429 330 3503; x_wconf 73' lang='lat' dir='ltr'><strong>crederetur,</strong></span> <span class='ocrx_word' id='word_1_264' title='bbox 365 3438 427 3490; x_wconf 88' lang='lat' dir='ltr'><strong>tum</strong></span> <span class='ocrx_word' id='word_1_265' title='bbox 457 3429 511 3490; x_wconf 90' lang='lat' dir='ltr'><strong>illa</strong></span> <span class='ocrx_word' id='word_1_266' title='bbox 533 3429 664 3490; x_wconf 88' lang='lat' dir='ltr'><strong>subinde</strong></span> <span class='ocrx_word' id='word_1_267' title='bbox 685 3430 846 3491; x_wconf 85' lang='lat' dir='ltr'><strong>nobiscum</strong></span> <span class='ocrx_word' id='word_1_268' title='bbox 868 3431 952 3491; x_wconf 84' lang='lat' dir='ltr'><strong>facta</strong></span> <span class='ocrx_word' id='word_1_269' title='bbox 975 3452 1062 3514; x_wconf 88' lang='lat' dir='ltr'><strong>repn-</strong></span> 
     </span>
    </p>
   </div>
   <div class='ocr_carea' id='block_1_10' title="bbox 138 3512 1183 3678">
    <p class='ocr_par' dir='ltr' id='par_1_11' title="bbox 138 3512 1183 3678">
     <span class='ocr_line' id='line_1_39' title="bbox 139 3512 1182 3596; baseline 0.009 -26"><span class='ocrx_word' id='word_1_270' title='bbox 139 3513 232 3591; x_wconf 88' lang='lat' dir='ltr'><strong>tatio,</strong></span> <span class='ocrx_word' id='word_1_271' title='bbox 272 3532 332 3592; x_wconf 89' lang='lat' dir='ltr'><strong>qna</strong></span> <span class='ocrx_word' id='word_1_272' title='bbox 366 3512 596 3574; x_wconf 87' lang='lat' dir='ltr'><strong>confidebamus</strong></span> <span class='ocrx_word' id='word_1_273' title='bbox 628 3516 702 3574; x_wconf 84' lang='lat' dir='ltr'><strong>istae</strong></span> <span class='ocrx_word' id='word_1_274' title='bbox 736 3520 907 3575; x_wconf 82' lang='lat' dir='ltr'><strong>venenatae</strong></span> <span class='ocrx_word' id='word_1_275' title='bbox 939 3516 1063 3596; x_wconf 78' lang='lat' dir='ltr'><strong>planted</strong></span> <span class='ocrx_word' id='word_1_276' title='bbox 1178 3556 1182 3569; x_wconf 87' lang='lat'>·</span> 
     </span>
     <span class='ocr_line' id='line_1_40' title="bbox 138 3595 1183 3678; baseline 0.01 -24"><span class='ocrx_word' id='word_1_277' title='bbox 138 3595 262 3656; x_wconf 87' lang='lat' dir='ltr'><strong>aliunde</strong></span> <span class='ocrx_word' id='word_1_278' title='bbox 291 3598 320 3655; x_wconf 93' lang='lat' dir='ltr'><strong>in</strong></span> <span class='ocrx_word' id='word_1_279' title='bbox 345 3595 542 3656; x_wconf 83' lang='lat' dir='ltr'><strong>Germaniam</strong></span> <span class='ocrx_word' id='word_1_280' title='bbox 569 3597 734 3658; x_wconf 78' lang='lat' dir='ltr'><strong>translates</strong></span> <span class='ocrx_word' id='word_1_281' title='bbox 763 3617 824 3659; x_wconf 92' lang='lat' dir='ltr'><strong>non</strong></span> <span class='ocrx_word' id='word_1_282' title='bbox 857 3607 1064 3678; x_wconf 80' lang='lat' dir='ltr'><strong>perventuras</strong></span> <span class='ocrx_word' id='word_1_283' title='bbox 1179 3596 1183 3619; x_wconf 92' lang='lat'>&#39;</span> 
     </span>
    </p>
   </div>
   <div class='ocr_carea' id='block_1_11' title="bbox 138 3677 1064 3849">
    <p class='ocr_par' dir='ltr' id='par_1_12' title="bbox 138 3677 1064 3849">
     <span class='ocr_line' id='line_1_41' title="bbox 138 3677 1064 3761; baseline 0.006 -21"><span class='ocrx_word' id='word_1_284' title='bbox 138 3677 177 3740; x_wconf 89' lang='lat' dir='ltr'><strong>ad</strong></span> <span class='ocrx_word' id='word_1_285' title='bbox 189 3679 305 3760; x_wconf 80' lang='lat' dir='ltr'><strong>frugem</strong></span> <span class='ocrx_word' id='word_1_286' title='bbox 328 3680 359 3740; x_wconf 88' lang='lat' dir='ltr'><strong>in</strong></span> <span class='ocrx_word' id='word_1_287' title='bbox 382 3699 420 3741; x_wconf 86' lang='lat' dir='ltr'><strong>ee</strong></span> <span class='ocrx_word' id='word_1_288' title='bbox 441 3685 531 3759; x_wconf 88' lang='lat' dir='ltr'><strong>terra,</strong></span> <span class='ocrx_word' id='word_1_289' title='bbox 555 3700 635 3761; x_wconf 88' lang='lat' dir='ltr'><strong>quae</strong></span> <span class='ocrx_word' id='word_1_290' title='bbox 656 3682 823 3742; x_wconf 87' lang='lat' dir='ltr'><strong>acerrimos</strong></span> <span class='ocrx_word' id='word_1_291' title='bbox 845 3679 1011 3749; x_wconf 78' lang='lat' dir='ltr'><strong>haeresum</strong></span> <span class='ocrx_word' id='word_1_292' title='bbox 1035 3693 1064 3746; x_wconf 86' lang='lat' dir='ltr'><strong>et</strong></span> 
     </span>
     <span class='ocr_line' id='line_1_42' title="bbox 138 3761 932 3849; baseline 0.001 -21"><span class='ocrx_word' id='word_1_293' title='bbox 138 3765 239 3828; x_wconf 89' lang='lat' dir='ltr'><strong>omnis</strong></span> <span class='ocrx_word' id='word_1_294' title='bbox 262 3761 449 3826; x_wconf 79' lang='lat' dir='ltr'><strong>infidelitatis</strong></span> <span class='ocrx_word' id='word_1_295' title='bbox 471 3766 577 3828; x_wconf 86' lang='lat' dir='ltr'><strong>hostes</strong></span> <span class='ocrx_word' id='word_1_296' title='bbox 599 3785 722 3847; x_wconf 83' lang='lat' dir='ltr'><strong>semper</strong></span> <span class='ocrx_word' id='word_1_297' title='bbox 744 3765 932 3849; x_wconf 80' lang='lat' dir='ltr'><strong>protulisset,</strong></span> 
     </span>
    </p>
   </div>
   <div class='ocr_carea' id='block_1_12' title="bbox 0 0 1201 4170">
    <p class='ocr_par' dir='ltr' id='par_1_13' title="bbox 0 0 1201 4170">
     <span class='ocr_line' id='line_1_43' title="bbox 0 0 1201 4170; baseline 0 0"><span class='ocrx_word' id='word_1_298' title='bbox 0 0 1201 4170; x_wconf 95' lang='lat' dir='ltr'><strong> </strong></span> 
     </span>
    </p>
   </div>
  </div>
 </body>
</html>
