2392 4170
446 260 528 317 Doct.
546 259 625 315 llart
645 257 723 314 Luth.
990 254 1052 333 341

133 445 190 513 est,
213 454 281 495 cum
305 433 567 514 sitpotiusstatus
589 452 733 514 pompae,
756 431 1052 514 luxus,opnlentiae,

130 526 184 579 aut
223 518 261 578 ad
299 538 449 577 summum
485 518 709 597 superstitionis
744 526 774 578 et
806 516 993 599 hypocrisis,
1026 520 1051 577 si

131 602 255 681 quando
278 602 380 660 omnia
410 603 439 660 in
472 619 509 660 eo
541 603 657 680 optime
689 601 812 661 habent.
856 601 895 660 Et
927 608 1053 682 propter

131 687 191 745 boc
220 685 412 744 mendacium
450 683 563 744 docent
599 683 779 744 solvendum
813 694 937 762 votum,
970 685 1051 765 quod

132 769 240 829 volunt
261 787 330 827 esse
352 768 486 827 divinum
509 775 717 846 praeceptum.
753 769 887 829 Evanuit
903 788 976 847 ergo
1001 788 1053 829 no·

132 853 177 911 bis
201 853 313 910 misera
335 859 365 910 et
388 851 469 910 male
492 851 634 911 substans
651 852 822 913 substantia
844 850 1052 911 substantialis

130 935 220 994 huius
255 935 318 993 voti
351 935 537 1017 paupertatis
567 936 765 1000 monasticae.
814 933 976 996 Inventum
1007 941 1054 994 est

132 1037 190 1078 nec
213 1024 423 1098 paupertatem
449 1036 517 1077 esse
539 1016 715 1094 dicendam,
744 1027 805 1080 tum
834 1038 891 1078 nec
918 1018 956 1079 ab
979 1019 1053 1097 ipsis

132 1108 236 1160 votum
260 1101 459 1160 substantiale
481 1107 534 1160 aut
556 1110 752 1181 praeceptum
776 1103 904 1177 censeri,
928 1104 978 1183 qui
1001 1101 1053 1162 do·

131 1193 201 1245 cent
229 1183 429 1244 substantiale
462 1182 565 1244 votnm
595 1191 625 1243 et
646 1194 842 1267 praeceptum
872 1202 950 1250 esse.
993 1184 1054 1246 Cur

132 1286 207 1346 ergo
241 1266 420 1327 miserabilis
448 1267 501 1327 illa
523 1269 647 1326 castitas
670 1288 743 1347 prae
777 1275 957 1350 paupertate
992 1276 1052 1329 tarn

131 1350 259 1431 rigidam
293 1349 385 1410 habet
417 1351 616 1410 substantiam
652 1352 683 1411 in
720 1373 774 1413 suo
805 1353 901 1413 voto?
944 1353 1054 1412 Nonne

131 1432 332 1513 concedetis,
362 1441 415 1493 aut
437 1435 606 1493 castitatem
632 1443 701 1495 esse
723 1436 971 1516 accidentalem,
1002 1441 1054 1495 aut
1089 1463 1091 1468 ·

133 1537 189 1594 vos
212 1518 400 1598 paupertatis
423 1524 495 1577 voto
519 1515 659 1599 infinitis,
673 1519 772 1580 modis
793 1520 982 1580 insanire-et
1003 1537 1053 1599 pe·

131 1601 191 1662 rire
213 1607 273 1660 tam
297 1600 438 1661 docendo
463 1620 552 1680 quam
576 1601 750 1662 servando?
925 1602 954 1615 ”

215 1682 403 1747 Concludam
428 1703 522 1763 ergn:
546 1683 677 1758 Quando
700 1684 738 1744 ad
762 1687 972 1767 episcopatum
998 1704 1054 1764 po·

132 1776 192 1830 test
213 1768 383 1846 aequaliter
405 1773 435 1826 et
458 1767 621 1846 religiosus
644 1775 674 1826 et
694 1768 792 1830 laicus
816 1769 981 1844 accedere,
1003 1776 1055 1835 aut

131 1853 290 1932 religionis
313 1859 417 1911 votum
441 1851 513 1910 nihil
537 1857 598 1926 est,
629 1857 683 1910 aut
703 1852 866 1932 religiosus
890 1855 1054 1932 episcopus

132 1938 293 1997 damnatus
317 1941 371 1994 est.
414 1934 491 1994 Nam
514 1935 543 1992 in
567 1933 696 2010 eundem
721 1934 822 1995 locum
846 1935 1002 2008 ascendit,
1023 1936 1054 1994 in

132 2041 222 2100 quem
252 2022 294 2098 is,
325 2019 376 2097 qui
410 2016 499 2077 nullis
529 2018 609 2077 votis
638 2018 779 2078 astrictus
812 2025 879 2096 est,
906 2017 1054 2096 ascendit,

133 2104 214 2184 quod
239 2108 321 2163 esset
341 2101 543 2180 impossibile,
566 2101 590 2160 si
614 2108 687 2161 v'ota
702 2101 923 2183 distinguerent
933 2102 1054 2182 reli'gio·

132 2208 198 2249 sum
223 2207 240 2246 a
262 2184 402 2246 seculari.
445 2184 552 2263 Neque
584 2186 663 2245 enim
697 2186 859 2265 episcopus
887 2192 959 2245 vota
988 2184 1055 2246 reli·

133 2270 233 2351 gionis
256 2274 349 2327 vovet
371 2273 423 2325 ant
445 2286 557 2326 vovere
579 2275 719 2344 tenetur,
742 2268 795 2330 sed
819 2288 879 2328 nec
901 2270 979 2330 ullus
1003 2287 1055 2327 vo-

133 2373 205 2412 vere
227 2350 337 2422 vellet,
367 2355 510 2426 tanquam
540 2350 686 2428 rigidiora
724 2359 753 2411 et
782 2354 971 2430 perfectiora.
1016 2351 1057 2412 Et

132 2444 166 2498 ut
186 2438 216 2494 in
240 2451 359 2494 summa
381 2429 496 2490 dicam:
531 2433 644 2491 Votum
677 2436 863 2513 paupertatis
893 2434 993 2495 adhuc
1016 2437 1056 2494 vi·

133 2521 259 2580 datura
282 2517 397 2576 Satana
423 2515 454 2573 in
482 2515 542 2575 boe
563 2514 713 2593 effictum,
742 2523 774 2575 ut
802 2517 936 2594 religiosi
970 2537 1056 2596 prae·

90 2618 97 2634 ·
133 2612 218 2664 textu
244 2603 308 2661 eius
331 2598 416 2659 liberi
440 2597 514 2657 fiant
536 2619 553 2658 a
575 2596 708 2656 iuvanda
724 2605 904 2678 paupertate
926 2601 1054 2660 aliorum

134 2694 165 2747 et
188 2685 227 2746 ab
249 2680 462 2764 impendendis
485 2680 628 2761 operibus
652 2681 880 2741 misericordiae
916 2688 947 2742 et
982 2683 1055 2741 cari·
1112 2703 1113 2706 ¹

133 2772 223 2847 tatis,
260 2764 340 2846 qnod
376 2771 406 2824 et
437 2784 526 2844 supra
561 2765 724 2844 tetigimus.
767 2764 865 2824 Tenet
891 2767 971 2825 enim
1002 2783 1056 2825 eos

134 2853 256 2913 clausos
268 2899 276 2930 ,
300 2857 332 2909 ut
354 2848 426 2908 nulli
451 2849 602 2923 serviant,
625 2847 735 2907 deinde
757 2849 875 2908 otiosos
898 2846 935 2908 ab
956 2847 1055 2927 operi-

133 2936 190 2997 bus
213 2953 368 3007 manuum,
390 2938 423 2992 ut
445 2939 562 2992 tantum
588 2930 644 2990 sibi
667 2931 769 2990 sinant
790 2931 828 2991 ab
851 2932 919 2990 aliis
941 2931 1056 3006 serviri,

134 3029 164 3081 et
194 3019 252 3078 hac
285 3017 451 3078 occasione
483 3021 601 3076 avertat
633 3014 741 3095 vulgus
770 3033 789 3074 a
815 3014 955 3074 iuvandis
985 3032 1056 3073 vere

134 3100 328 3183 pauperibus,
354 3097 546 3180 coniugibus,
570 3097 678 3170 viduis,
704 3097 858 3176 orphanis,
877 3097 1057 3178 peregrinis,

135 3186 172 3246 ad
196 3182 439 3264 profundendam
464 3181 663 3242 substantiam
680 3182 708 3239 in
734 3180 873 3240 hnsficte
896 3199 1057 3260 pauperes,

136 3287 207 3327 vere
230 3274 331 3327 autem
355 3266 531 3346 opulentos,
555 3266 704 3344 pingues,
735 3264 853 3324 otiosos
877 3270 910 3325 et
931 3281 1056 3324 securos

133 3352 322 3432 hypocritas.

152 3475 153 3478 ,
217 3432 399 3507 Videamus,
433 3451 471 3491 an
516 3429 710 3490 obedientiae
742 3429 913 3489 substantia
949 3429 1057 3489 melius

135 3507 283 3578 subsistat
305 3534 396 3594 quam
420 3514 619 3594 paupertatis.
652 3512 751 3592 Supra
775 3511 907 3573 diximus
930 3518 960 3572 et
982 3509 1058 3572 obe-

136 3601 279 3661 dientiam
304 3617 373 3658 esse
400 3596 576 3677 duplicem,
606 3596 826 3676 evangelicam,
857 3615 918 3674 qua
950 3614 1057 3656 omnes

135 3685 269 3745 invicem
309 3682 499 3756 subiicimur,
538 3698 628 3759 quarn
660 3681 689 3740 in
720 3679 871 3759 baptismo
908 3678 1059 3755 vovimus,

136 3768 195 3828 nec
217 3765 320 3826 denuo
342 3765 406 3825 nisi
432 3761 605 3825 simulando
639 3769 670 3824 et
691 3762 850 3825 illudendo
873 3761 980 3823 voveri
1001 3768 1058 3842 po'-
