2392 4170
128 286 173 359 88
332 282 533 342 Condemnstlo
550 277 694 338 Librorum
721 272 800 333 [λι
826 272 861 331 lt.

131 481 161 525 m
205 460 211 475 '
252 459 284 523 iu
306 455 373 521 dies
401 451 652 519 excrescentibus
679 455 747 513 toto
778 451 892 511 conatu
914 441 1052 516 obviare,

131 545 181 626 qu'
220 541 345 605 andem
359 540 448 603 nobis
462 539 501 601 de
522 534 696 599 huiusmodi
720 532 860 596 doctrine
880 528 980 590 visum
1002 526 1053 605 sit,

131 627 225 710 plene
252 626 372 708 aperire
397 622 562 695 voluimus,
590 624 623 685 et
643 624 781 682 nostram
805 633 897 696 super
917 630 957 672 ee
983 628 1052 669 sen-

133 712 261 773 tentiam
290 709 470 773 Christianis
503 703 646 768 omnibus
675 699 852 784 publicare,
882 715 953 771 nes
966 690 1053 792 quod

134 794 224 872 absit,
245 792 478 855 elimincteinm
487 788 606 872 pridem
629 794 692 850 mm
714 783 874 865 multiplex
899 780 1055 875 impietas,

154 881 281 941 uantum
304 877 336 938 in
358 874 448 938 nobis
470 881 527 951 est,
547 872 674 933 ulterius
702 873 822 949 serpat,
852 870 883 925 et
911 860 1054 923 doctrine

133 896 228 1023 dallax
250 965 378 1041 epatre
399 956 552 1020 mendacii
574 960 684 1017 exorta
704 951 826 1014 fidelem
855 944 973 1008 inliciat
999 962 1055 1034 po·

133 1043 241 1126 pulum
262 1042 331 1106 Dei.

216 1125 384 1189 Sollicitiue
404 1127 509 1206 iisque
530 1143 586 1205 per
608 1143 665 1186 nos
695 1122 870 1186 examinata
896 1139 934 1182 ec
961 1124 1056 1183 metu·

134 1211 196 1272 rius
218 1210 364 1272 universa
385 1207 527 1272 doctrina
547 1208 732 1270 Lutherieno
755 1205 908 1286 adscripta
939 1204 1055 1266 nomini

136 1300 167 1357 ct
187 1292 228 1355 ad
249 1292 375 1375 plenum
396 1292 544 1368 discusse,
566 1291 765 1354 exsecrandis
786 1289 870 1351 illem
902 1287 1055 1350 erroribus

135 1382 256 1439 scatere
283 1383 369 1439 certo
398 1375 654 1458 deprehendimus
676 1383 708 1437 et
728 1373 941 1447 iudicavimus,
962 1369 1056 1432 iidem

135 1460 330 1542 potissimum
369 1461 474 1523 contin
498 1459 618 1521 entibus
656 1465 687 1520 et
729 1477 842 1520 mores.
902 1452 1056 1535 Quodque

136 1543 283 1624 simplicis
305 1543 412 1626 populi
433 1479 595 1605 seductiva
616 1543 672 1620 sit,
707 1540 849 1605 omnibus
871 1538 1056 1601 Ductoribus

135 1628 253 1706 iniuria,
275 1627 422 1708 potestati
444 1625 596 1689 ecclesiae
618 1634 649 1688 et
671 1624 768 1688 ordini
790 1621 981 1686 hierarchica
999 1624 1056 1683 lm·

135 1711 187 1791 pie
206 1709 398 1792 derogativa,
420 1717 526 1791 aperte
540 1709 745 1787 schismatica,
767 1726 875 1770 sacrae
889 1706 1058 1787 scripturae

136 1792 268 1854 adversa
299 1797 332 1855 ei
362 1794 428 1854 eiua
463 1792 682 1875 depravatus,
717 1798 810 1872 atque
847 1792 876 1850 in
911 1788 1056 1870 Spiritum

136 1884 276 1937 sanctum
298 1876 490 1957 blaspheme,
512 1885 544 1938 et
564 1876 635 1938 ideo
657 1875 751 1938 veluti
773 1873 960 1956 reipublicae
972 1871 1058 1934 cliri-

137 1958 257 2020 suanae
277 1960 483 2040 pemicicscm
504 1978 667 2022 censemus
696 1959 824 2021 omnino
854 1956 1057 2018 exterminan-

136 2040 217 2105 dam
240 2060 278 2104 ac
316 2043 418 2123 palam
449 2042 606 2105 ultricibus
634 2041 766 2104 flammis
795 2038 1057 2115 committendam,

136 2132 274 2187 autorem
296 2144 370 2186 vero
392 2123 432 2186 ad
453 2124 607 2206 publicam
630 2125 852 2188 abiuratiouem
876 2121 976 2185 modis
994 2140 1058 2184 om·

136 2207 225 2268 nibus
247 2207 383 2269 iuridicis
405 2227 475 2271 com
499 2208 662 2270 ellendum.

219 2290 261 2352 Ut
281 2297 384 2352 eutem
405 2291 436 2352 id
459 2229 570 2354 odarius
593 2293 710 2354 cunctis
732 2293 917 2370 innoteseat,
940 2292 1059 2373 aliquot

136 2393 177 2435 ex
198 2373 344 2454 praefatis
365 2376 486 2457 scriptis
507 2382 668 2457 excerptas
691 2375 922 2456 Propositicnes
950 2374 1059 2437 ordine

136 2455 272 2537 quodem
298 2455 498 2539 digessimus,
525 2467 557 2520 et
584 2466 721 2522 nostram
752 2460 862 2537 cuique
889 2457 1058 2520 adiecimus

136 2557 314 2619 censuram,
347 2548 468 2623 patrum
502 2550 677 2604 nostrornm
707 2560 823 2603 morem
853 2542 971 2620 imitati,
1007 2542 1058 2623 qni

134 2622 252 2685 alienus
281 2625 386 2705 ntique
412 2644 476 2687 non
506 2633 553 2688 est
573 2626 612 2688 eb
635 2625 801 2687 observata
822 2644 879 2705 per
897 2626 1058 2705 apostolos

136 2706 206 2788 lege
229 2706 404 2771 deliniendi.
446 2708 656 2791 Proposit01)
687 2727 821 2788 namque
843 2708 883 2769 de
913 2709 1057 2788 legalium

137 2788 356 2853 observatione
377 2789 483 2869 dubio,
505 2791 577 2873 quid
600 2791 757 2868 sentirent,
786 2791 844 2870 ipsi
872 2793 979 2871 poucie
1007 2812 1058 2853 ex·

136 2870 326 2952 plicuerunt,
366 2874 536 2937 rationibus
573 2873 646 2956 (cur
674 2876 717 2935 ite
750 2871 929 2956 delinirent)
968 2875 1058 2936 nullis

139 2956 253 3036 scripto
276 2955 440 3039 mandatis,
463 2977 555 3039 quem
576 2957 702 3020 modum
724 2975 848 3038 quoque
870 2955 1057 3020 decernendi

136 3055 225 3101 secra
247 3049 473 3102 consueverunt
493 3048 599 3105 tenere
620 3041 770 3104 Concilio.
814 3041 961 3102 Materiae
983 3060 1057 3103 vero

136 3139 192 3200 per
212 3140 270 3184 nos
293 3121 451 3187 discussae
472 3124 532 3187 hee
553 3125 749 3206 praesertim,
772 3142 849 3203 quas
870 3125 1057 3205 impraesen-

136 3204 243 3265 tiarum
267 3204 359 3268 edere
382 3209 606 3284 constituimus,
630 3207 798 3269 secundum
822 3226 894 3267 sues
925 3210 1056 3269 invicem

136 3289 347 3350 connexiones
370 3291 511 3371 sequenti
534 3297 744 3353 monstrantur
764 3289 875 3354 iudice.

207 3519 240 3589 1)
259 3520 291 3577 ln
310 3520 353 3579 ed.
371 3525 455 3599 origo
476 3526 632 3603 Proposita.
