2392 4170
394 227 520 307 Rationis
538 228 718 292 hntnminnnc,
735 235 784 285 cto·
996 220 1059 305 439

138 387 219 463 tum,
236 389 267 465 nt
289 379 558 462 poniniteturin
582 402 661 464 vege
681 381 800 459 ¹Intonsi
822 381 977 463 opinions,
1000 397 1059 460 ego

136 473 240 529 auten
263 464 428 545 probarim,
450 465 480 529 id
503 464 643 531 fidelibus
664 466 801 547 ipsisque
819 463 943 545 optimis
966 461 1060 548 moni·

137 568 189 614 mn
211 567 385 611 munemne.
822 595 826 600 -

193 692 196 697 ,
227 629 287 695 sed
310 639 341 693 et
361 632 453 695 eiiam
475 633 568 699 hebet
589 641 650 695 tem
664 633 748 695 dives
760 633 921 712 theologus
943 630 1060 699 evasio·

138 734 221 778 nem.
265 714 340 777 Esto
379 715 511 796 (inquit)
551 717 728 798 simpliciter
763 718 908 779 dixisset:
943 715 1060 789 Omnes

138 796 291 873 institiae,
314 809 343 859 et
366 818 474 861 omnes
497 801 660 882 immundi,
695 799 796 863 adhuc
818 799 1059 869 contrahendum

139 889 186 947 nst
209 879 387 960 adportent
412 883 603 962 aliquorum,
638 884 746 947 iterum
771 905 858 946 suam
880 883 931 945 vei
953 883 1059 964 hyper-

139 963 231 1039 bolen
257 962 305 1025 vel
318 964 534 1045 synecdochen
549 967 599 1026 hic
610 968 761 1029 invocans
774 976 947 1048 petronem.
970 964 1060 1047 Quod

138 1047 166 1109 si
189 1046 303 1109 dixeris
327 1048 364 1124 ei,
387 1048 467 1109 unde
490 1049 601 1129 probas
625 1050 754 1130 figuram
775 1050 825 1112 hic
845 1069 925 1128 esse,
947 1056 1060 1111 eicon·

141 1127 323 1199 trahendum
353 1130 444 1191 esse?
481 1132 665 1213 respondet:
709 1133 787 1208 Quis
821 1135 851 1195 in
881 1133 948 1197 eliis
984 1130 1061 1195 loon

139 1212 316 1295 Scripturas
339 1214 384 1273 sic
401 1216 562 1293 invenitur,
586 1214 741 1297 (utsupra
762 1216 937 1296 potnit),ut
956 1214 998 1277 ibi
1007 1211 1061 1296 *ᾖε

140 1294 241 1379 Omne
264 1303 521 1377 cepntmoenens
544 1309 602 1362 eto.
646 1299 704 1360 Ubi
721 1300 835 1375 ¹iterum
856 1298 953 1373 vides,
974 1296 1062 1362 Leto·

141 1399 192 1461 mo
215 1379 362 1458 Magistro
386 1380 513 1442 liberum
544 1402 612 1443 esse
635 1383 732 1451 cnivis
753 1381 885 1462 figerere
907 1390 937 1442 et
958 1379 1062 1449 ludere

125 1464 171 1525 ¹in
194 1460 358 1542 Scripturis
383 1483 438 1543 pro
474 1484 531 1524 sno
565 1466 731 1528 voluntate.
776 1466 815 1527 Et
846 1464 908 1527 hoc
932 1469 1063 1525 nocetur

139 1545 287 1621 Iiovenii,
325 1547 541 1625 magistralitei·
562 1548 732 1628 ponderare
765 1548 941 1617 testimonio
963 1545 1062 1625 Scrip-

141 1638 287 1705 turerum,
309 1626 406 1703 sotide
424 1630 546 1706 doecre,
569 1639 596 1690 et
609 1631 737 1692 t'elieiter
748 1632 870 1695 vincere
881 1629 1062 1701 haereticos.

141 1710 219 1775 Nam
254 1710 314 1770 hoc
344 1711 519 1791 Megisterio
554 1734 612 1794 ego
655 1713 743 1775 facile
776 1712 938 1776 defendam
968 1713 1059 1793 intem

141 1794 242 1871 isniee
265 1795 477 1872 autoritatem,
511 1797 608 1857 sotum
640 1818 732 1857 unum
753 1796 903 1859 iudaeum
935 1790 1061 1875 impium

142 1874 327 1958 significare,
349 1887 379 1937 et
400 1877 569 1958 prohibebo
592 1879 754 1941 Lotomum
776 1889 916 1960 quoque,
938 1897 977 1939 ne
999 1872 1063 1940 itt'o-

142 1979 209 2025 num
231 1958 363 2023 iustitias
393 1981 431 2020 ex
454 1963 512 2022 isto
535 1962 604 2023 loco
632 1963 806 2027 immundas
828 1961 931 2025 fecere
976 1959 1061 2032 hesit,

142 2051 172 2104 et
194 2041 296 2102 iocum
321 2042 402 2103 hunc
424 2047 466 2103 eis
489 2054 604 2124 aptare,
627 2047 656 2106 in
680 2045 762 2111 hunc
784 2043 923 2107 modum:
946 1979 977 2113 gs
1001 2041 1064 2106 dix·

143 2127 216 2202 erit,
238 2124 353 2186 Omnes
380 2137 499 2189 vestrae
521 2130 654 2191 iustitiae
675 2137 746 2193 sont
767 2128 914 2209 pollutos,
935 2142 1063 2204 respon-

144 2202 236 2288 deho,
257 2207 318 2267 hoc
340 2210 579 2271 contrahendum
596 2221 642 2273 est
663 2209 838 2289 sicutillnd,
861 2208 960 2275 Omne
974 2215 1066 2288 ceput

141 2310 303 2369 moerens,
331 2291 369 2350 od
393 2293 513 2372 aliquos
537 2299 661 2374 propter
688 2295 827 2376 figuram.
872 2293 912 2355 At
935 2291 1065 2370 occipio·

132 2393 213 2456 ,mns
235 2373 304 2434 illos
329 2374 459 2457 sliquos,
482 2384 512 2437 et
527 2379 589 2441 sint
609 2377 680 2455 duo,
704 2378 904 2455 dicemusque
925 2375 981 2451 eie,
995 2373 1065 2439 Om-

144 2457 345 2534 nesiustitiae
367 2467 486 2519 vestroe
498 2459 651 2539 pollutae,
674 2458 786 2534 dicent,
807 2458 889 2537 Non,
912 2454 1067 2536 eetfigurn

145 2538 325 2618 locutionis,
348 2540 398 2601 ubi
422 2550 518 2603 totum
542 2561 598 2621 pro
620 2550 707 2622 parte
722 2543 859 2611 sumitur.
882 2540 1067 2603 videmurne

146 2623 216 2700 tibi,
239 2620 346 2700 lector,
368 2623 494 2703 pulchre
510 2624 726 2704 theologieeti?
747 2624 825 2689 Nem
850 2642 919 2689 oum
938 2621 1068 2689 Lot0m0

147 2706 222 2769 sotis
246 2706 284 2769 sit
307 2725 325 2763 a
347 2705 437 2767 simili
459 2708 489 2771 in
515 2706 678 2787 Scripturie
700 2725 850 2788 pugnare,
872 2703 975 2780 credo,
998 2704 1068 2782 quia

147 2788 243 2853 semel
265 2787 374 2868 legerit
396 2790 543 2870 virginem
567 2792 741 2871 peperisse,
763 2789 898 2851 fecturus
920 2787 960 2847 sit
981 2785 1069 2866 vispi-

146 2892 202 2936 nns
227 2879 339 2935 matres
353 2874 473 2953 quoties
487 2873 581 2952 volet,
605 2880 777 2951 contentus,
801 2872 944 2952 quiahoc
965 2870 994 2929 in
1018 2868 1069 2928 oli-

148 2974 210 3037 quo
235 2954 305 3016 loco
328 2957 372 3038 sic
395 2956 562 3038 contigisse
585 2955 747 3019 ostendere
770 2955 876 3037 possit.

234 3034 311 3107 Vide
334 3037 436 3116 itaque
459 3040 714 3112 studieetmoree
730 3037 947 3118 sophistarum,
962 3031 1071 3113 quibos

149 3118 232 3183 eliud
257 3139 318 3183 non
341 3119 473 3197 faciunt,
508 3141 599 3201 quom
636 3132 668 3182 ut
692 3123 775 3182 varie
811 3131 844 3180 et
865 3116 1072 3181 inconstantia

148 3202 209 3269 sint
232 3203 345 3283 omnin.
390 3203 483 3267 Suum
508 3205 582 3264 iilud
598 3201 1002 3283 decretellnm,.Anetheme
1024 3199 1071 3272 sit,

148 3287 199 3367 qui
223 3285 350 3362 dixerit,
387 3288 530 3349 mandate
551 3288 607 3351 Dei
646 3308 715 3348 esse
736 3284 954 3367 impossibilia,
987 3290 1070 3343 tanto

148 3371 269 3449 rigore,
291 3375 375 3433 tento
397 3371 586 3449 pertinacia,
608 3371 899 3447 ninnibesonent,
923 3372 1072 3442 statuunt,

151 3459 184 3525 nt
205 3470 331 3531 prorsus
365 3453 515 3532 syllohom
549 3455 618 3533 piae
649 3453 775 3533 glossae
806 3472 879 3523 non,
902 3449 1073 3521 admittent,

150 3541 248 3599 totum
264 3535 408 3597 mundum
431 3536 665 3613 haerctioantes,
687 3537 711 3603 si
736 3535 807 3617 qnid
821 3542 929 3603 contra
953 3531 1069 3595 mutim.

227 3738 259 3804 *J
282 3734 342 3794 Ioni.
367 3739 392 3797 1,
