2392 4170
52 252 57 278 ⁸
134 260 197 330 468
426 265 586 322 Confutatio
609 263 774 322 Lutherluna'

135 423 195 480 iam
222 420 299 480 duos
321 420 427 496 loeus,¹
442 423 470 481 in
495 441 556 501 quo
579 422 691 482 Paulus
714 429 874 501 peceatum
898 425 990 478 vooet
1011 437 1057 478 re·

136 503 252 582 liquum
276 503 388 564 mulum
409 504 610 584 baptismalis.

218 586 297 646 Hino
324 586 435 647 Paulus
459 588 546 649 Rom.
569 590 597 651 8.
627 596 658 647 et
680 588 745 648 Col.
766 591 793 650 3.
817 587 901 647 iubet
932 584 1056 644 mortifl-

138 671 200 730 oari
224 668 359 731 membre
382 683 622 751 superterram,
645 672 736 747 iram,
761 670 935 744 libidinem,
958 669 1056 727 avari-

139 753 210 812 tiam
234 761 264 812 et
285 753 413 813 similia:
457 759 571 835 opertis
594 753 693 813 verbis
717 763 814 827 utens,
837 757 896 811 iarn
920 770 982 811 uon
1007 770 1058 810 so-

139 836 200 894 lum
225 836 385 916 appellans
408 838 507 917 ipsum
530 847 700 918 peceatum,
725 837 778 894 sed
802 833 1056 894 suis'nominibnr

136 921 231 996 iram,
255 917 618 994 libidinem‚'averitiam.
662 919 702 978 Et
723 919 800 979 haee
822 919 893 978 novi
931 919 981 976 isti
1003 918 1055 976 liu·

137 1020 266 1080 guarum
290 1011 413 1062 autores
437 1004 663 1082 persuadebunt
691 1020 752 1061 nou
776 1002 1055 1081 esse-nominavi·

135 1085 262 1158 tiorum,
293 1103 393 1163 neque
414 1095 627 1165 peecatorum,
659 1085 761 1145 scribit
785 1087 865 1143 enim
888 1084 1004 1142 sauotis
1025 1091 1054 1142 et

135 1166 276 1227 fidelibus
299 1169 476 1247 Apostolus.
524 1170 650 1249 Fiugunt
673 1169 783 1247 igitur,
819 1167 911 1226 libido
942 1168 972 1225 in
996 1167 1054 1225 isto

133 1249 204 1310 looo
228 1270 289 1311 nou
312 1253 502 1327 estodium,
532 1253 585 1311 sed
609 1271 709 1331 poena
744 1251 861 1330 peooati
893 1258 923 1308 et
944 1250 1054 1329 imper·

133 1332 225 1397 feotio
260 1333 432 1413 quaedam,
468 1355 529 1394 uon
566 1343 672 1395 oontra
696 1335 793 1413 legem
817 1333 889 1409 Dei,
924 1352 962 1392 nn
992 1350 1054 1393 non

133 1424 199 1476 erat
221 1419 311 1476 etiam
341 1436 443 1496 poene
482 1421 598 1496 peceati
634 1423 704 1476 ante
738 1415 943 1495 baptismum?
993 1413 1055 1474 Gur

117 1507 207 1558 tuno
240 1507 306 1558 erat
327 1500 510 1580 pennatum?
544 1503 591 1560 An
628 1501 789 1579 imputatio
822 1500 872 1557 hio
900 1498 968 1558 solu
991 1516 1053 1558 mu-

132 1583 208 1641 tavit
234 1601 297 1642 rem
331 1593 361 1642 et
393 1584 557 1644 naturam?
600 1583 735 1656 Necesse
780 1600 853 1660 ergo
888 1580 1052 1657 habebunt,

133 1666 305 1726 uuiversum
336 1665 462 1726 Paulum
493 1667 586 1726 ferme
617 1669 705 1726 novis
735 1663 891 1725 vocabulis
924 1664 1053 1743 replere,

134 1750 230 1807 erasis
268 1749 333 1808 istis
370 1749 491 1809 inoletie
506 1748 546 1832 ¹).
601 1749 652 1810 Sin
674 1750 782 1809 Roma.
806 1751 840 1812 6:
884 1747 953 1807 Non
987 1766 1053 1827 reg·

134 1839 187 1890 net
211 1842 373 1911 peooatum
387 1833 417 1891 in
435 1833 553 1896 mortali
577 1852 706 1912 corpore
720 1835 831 1907 vestro,
856 1839 890 1891 ut
902 1829 1052 1891 obediatis

133 1916 395 1994 oonoupisoentiis
418 1916 493 1976 eius.
530 1915 609 1990 Quid
627 1917 739 1976 elarius
761 1915 819 1973 dioi
842 1913 964 1993 potuit?
985 1932 1053 1994 peo-

132 2004 238 2057 oatum
260 1999 341 2057 inest
351 2000 380 2057 in
397 2017 527 2077 corpore
551 2006 581 2057 et
594 1996 878 2076 oonoupisoentia2)
904 1997 1051 2069 eiusdem,

132 2079 186 2138 sed
210 2099 248 2140 ue
269 2088 386 2160 regnet,
409 2081 574 2141 curandum
589 2090 642 2140 est.
687 2081 814 2140 Hioiarn
827 2081 933 2138 tertius
956 2079 1052 2139 loous.

133 2162 265 2238 Quartus
288 2162 415 2223 ibidem:
461 2164 622 2224 Peooatunr
654 2167 733 2223 euim
764 2163 850 2221 vobis
873 2180 933 2222 non
959 2162 1051 2222 domi·

135 2245 272 2321 nebitur,
307 2247 378 2324 quia
411 2266 470 2306 non
496 2249 568 2307 estis
592 2248 648 2306 sub
672 2249 754 2325 lege,
791 2246 843 2305 sed
867 2247 923 2304 sub
946 2247 1051 2325 gratia.

135 2328 217 2388 Eoos
239 2329 295 2387 sub
319 2331 417 2408 gretia
442 2332 601 2409 agentibus
625 2331 744 2404 scribit,
773 2338 803 2388 et
826 2338 986 2408 peecatum
1010 2331 1052 2388 eis

135 2428 196 2471 non
220 2411 369 2472 dominari
392 2413 472 2472 dioit.
517 2413 606 2489 Quod
630 2415 734 2493 utique
749 2432 810 2472 uon
835 2413 871 2471 de
895 2409 1052 2485 extraneo,

135 2494 190 2554 sed
213 2496 353 2575 iutreuoo
377 2504 499 2577 oportet
521 2497 657 2575 intelligi¹
704 2497 778 2571 Quis
802 2497 881 2555 enim
906 2504 1052 2555 extraneo

134 2578 276 2638 resistere
298 2587 417 2659 potest,
449 2588 480 2639 et
508 2581 635 2640 alterum
669 2579 829 2659 prohibere
865 2598 902 2636 ne
926 2577 1052 2657 penset?

136 2659 265 2735 Quintus
287 2663 416 2722 ibidem:
460 2664 554 2723 Vetus
578 2664 671 2723 homo
694 2674 799 2723 noster
832 2660 921 2719 simul
958 2661 1051 2720 oruoi-

136 2744 216 2805 fixus
239 2752 297 2823 est,
319 2753 351 2804 ut
375 2745 545 2806 destruatur
561 2766 671 2826 eorpus
696 2747 823 2825 peooati.
867 2744 989 2815 Noster,
1011 2745 1051 2802 iu·

134 2829 213 2906 quit,
243 2828 336 2888 homo
360 2829 525 2888 crucifixus
550 2837 612 2903 est,
647 2838 799 2889 ettamen
835 2826 1051 2886 destruendum

134 2919 181 2971 eet
207 2929 319 2991 eorpus
342 2914 459 2990 peooeti
484 2916 512 2970 in
532 2913 646 2971 eisdem
662 2914 759 2972 nobis.
803 2911 965 2988 Nunquam
988 2909 1052 2968 vult

135 2993 247 3070 disere,
270 3002 302 3053 ut
324 2993 459 3053 destrunt
483 3015 593 3075 eorpus
616 2995 853 3075 imperfectionis
866 3001 917 3053 aaut
941 3010 1052 3072 oorpus

134 3095 263 3155 poenae.
307 3076 398 3149 Eone,
422 3079 555 3156 quinque
579 3079 664 3138 looos
688 3085 810 3157 apertos
835 3076 1000 3150 habemus,
1024 3077 1050 3134 iu

134 3157 244 3237 quibus
267 3159 379 3220 Paulus
402 3172 561 3239 peecatum
585 3173 691 3237 vocat,
728 3168 941 3240 praeterens,
975 3175 1051 3238 quos

133 3260 195 3300 non
219 3261 415 3303 numeramus
439 3244 553 3320 adhue,
586 3244 635 3302 nbi
668 3243 840 3302 nominibus
862 3240 1052 3302 individuali-

135 3325 189 3382 bus
213 3325 353 3385 vitiorum
378 3329 479 3386 utitur.
523 3328 561 3386 Et
582 3329 658 3386 liaeo
681 3328 785 3386 omnia
807 3326 954 3385 eoelestia
977 3327 1052 3384 toni-

134 3415 201 3467 truo
237 3408 346 3469 cedere
378 3418 490 3490 nogent
514 3412 569 3469 sibi
601 3410 796 3469 fumivenduli
820 3409 1054 3472 homunciones,

134 3509 194 3550 unu
216 3500 335 3573 reperta
357 3492 537 3571 gloseelloe
564 3495 687 3573 proprio
712 3493 811 3571 oapite
846 3491 983 3571 prolate,
1015 3509 1052 3549 ne

389 3636 547 3644 ——oss—

206 3727 233 3788 lt
261 3721 291 3775 ln
320 3721 362 3776 ed.
388 3720 465 3777 deu:
507 3723 618 3776 inolitis.
682 3722 715 3790 2)
740 3723 771 3775 In
801 3723 843 3775 ed.
873 3725 959 3791 orig.:
989 3737 1053 3775 eon-

130 3796 324 3868 cupiscentiao.
