2392 4170
175 246 238 327 23³2
469 252 632 315 lnt'ornrstto
649 256 819 315 delectarum

180 446 317 514 pressam
346 431 568 493 institutionem
596 438 627 493 et
654 431 830 493 mandatum
862 427 973 491 onaan
1007 429 1105 491 alters

136 570 139 575 ,
178 536 249 598 pars
271 514 461 577 sacramenti
484 514 570 576 laicis
592 523 698 597 erepta
720 523 775 579 est.
1044 518 1069 537 ·’
1097 518 1101 523 “

263 596 353 673 Quod
377 599 404 658 ai
427 608 553 678 propter
574 598 894 679 aliquasnecesearias
915 596 1105 656 mutationes

178 700 310 763 magnae
332 679 557 757 distractiones,
579 681 706 743 dissidia
728 691 777 742 aut
792 679 938 760 tumultus
954 680 1104 758 oriantur,

176 784 238 825 nou
261 771 367 825 nostra
389 764 467 825 haec
488 774 540 824 aut
562 784 684 846 eorum,
708 767 758 846 qni
788 782 933 843 spargere
961 762 1014 823 vel·
1034 780 1104 842 pro·

175 860 291 931 pagare
323 847 482 908 veritatem
513 846 661 908 divinam.
681 849 823 928 cupiunt,
852 846 945 927 culpa
973 844 1104 906 iudicari

176 930 277 1005 debet,
302 931 355 992 sed
379 931 421 992 illi
445 932 637 1011 vituperandi
659 940 740 1009 suot,
763 931 813 1010 qui
836 928 909 990 odio
925 929 1104 1009 invidiaque

176 1012 341 1095 flagrantes
364 1032 420 1095 pro
442 1012 635 1076 defendenda
656 1014 819 1095 dignitate,
843 1014 907 1073 otio
936 1012 1104 1091 stantius,

176 1097 309 1176 denique
338 1116 392 1177 pro
423 1096 499 1157 iocis
531 1091 639 1160 contra
673 1117 742 1158 aras
773 1096 886 1158 bellum
913 1114 1037 1175 gerere,
1072 1100 1104 1155 et

176 1194 358 1263 quacunque
375 1190 504 1261 possunt
525 1182 716 1243 immanitate
733 1180 813 1241 hanc
830 1179 927 1239 lucem
943 1178 1104 1240 obst-ruere

176 1268 207 1322 et
229 1262 358 1324 obruere
381 1282 442 1324 uon
465 1271 617 1326 verentur.

260 1346 291 1407 st
314 1344 478 1408 Pontifices
499 1347 542 1406 illi
570 1355 601 1408 st
622 1346 778 1408 Pharisaei
814 1366 875 1406 una
902 1364 971 1405 cum
1004 1343 1100 1426 Magi-

176 1429 245 1489 stris
268 1432 380 1490 nostris
403 1431 523 1490 eximiis
551 1439 780 1492 sacrosanctum
813 1428 869 1489 Dei
898 1428 1026 1489 verbum
1048 1446 1103 1508 pu·

176 1511 256 1572 bliee
278 1512 385 1584 audiri,
408 1512 586 1592 praedicuri,
622 1514 682 1597 legi
711 1513 945 1595 permitterent,
981 1511 1103 1571 etiamsi

178 1614 239 1655 non
262 1591 483 1656 assentirentur
512 1598 588 1677 ipsi,
616 1605 669 1657 aut
697 1616 757 1676 qua
787 1600 913 1677 possent
940 1612 1101 1673 argumen-

178 1687 275 1738 tornur
300 1686 331 1738 et
352 1677 527 1758 Scripturas
551 1681 795 1741 testimoniorum
822 1677 913 1761 copia
934 1676 1104 1739 refutarent

178 1777 236 1821 uec
252 1760 400 1822 ¹violenta
430 1770 461 1822 et
483 1762 643 1823 manifesta
671 1762 851 1822 crudelitate
877 1767 1103 1842 grassarentur,

178 1842 280 1906 nullae
307 1843 497 1928 discordiae,
531 1846 721 1926 seditiones,
751 1844 897 1907 tumultus
924 1843 1102 1908 existerent.

178 1927 254 1989 Cum
284 1947 358 1989 vero
387 1929 472 1989 nullo
497 1929 700 1991 fundamento
729 1937 783 1990 aut
808 1925 985 2009 Scripturas
1018 1928 1102 1987 testi-

177 2011 282 2072 monio
306 2012 384 2093 uixi,
406 2014 469 2072 imo
492 2012 678 2074 reclamante
711 2014 898 2072 conscientia
928 2012 1047 2091 Regum
1071 2020 1104 2073 et

177 2094 349 2175 Principum
374 2096 483 2156 animis
497 2096 577 2157 hanc
599 2095 637 2156 de
660 2096 747 2156 uobis
761 2096 936 2175 opinionem
954 2094 1102 2154 instillent

177 2196 214 2237 ac
237 2180 324 2258 quasi
347 2178 529 2260 insculpunt,
555 2180 708 2239 haeretica
730 2188 760 2238 et
782 2181 882 2258 impia
898 2197 985 2251 esse,
1023 2197 1102 2258 qnae

177 2260 372 2342 profitemur,
396 2281 455 2322 non
487 2283 561 2323 sane
585 2263 754 2322 mirandum
785 2271 849 2333 est,
872 2261 1102 2340 praedicatores

178 2342 275 2486 verbid
297 2343 354 2404 Dei
385 2364 453 2405 cum
484 2348 545 2406 suia
580 2345 769 2406 auditoribus
806 2344 917 2424 affligi,
952 2344 1102 2423 comburi,

179 2427 254 2487 truci
279 2429 331 2487 ari.

222 2528 224 2533 ·
258 2507 396 2592 Ideoque
419 2512 447 2571 hi
481 2512 599 2572 furores
628 2512 871 2575 adversariorum
907 2519 937 2572 et
964 2512 1102 2589 ingentia

177 2593 312 2674 pericula
330 2614 391 2655 uon
415 2596 490 2655 tanti
509 2594 647 2655 iacienda
669 2606 721 2656 aui
738 2614 776 2655 eo
800 2613 896 2674 usque
909 2593 1103 2657 formidanda

177 2686 257 2757 sunt,
279 2697 381 2758 neque
403 2681 482 2738 enim
507 2679 660 2758 Christus,
689 2680 760 2759 quia
782 2679 842 2738 hoc
864 2698 960 2758 genus
982 2679 1103 2739 incom-

178 2760 279 2840 moda,
302 2761 481 2837 discordias,
493 2763 671 2838 seditiones,
686 2762 776 2838 balla,
791 2762 954 2842 parricidia
970 2763 1103 2842 piorum,

180 2863 258 2927 voce
280 2843 442 2926 Evangelii
471 2845 684 2925 impendentes
712 2865 874 2925 regnorum
915 2846 1103 2906 mutationes

179 2928 342 3007 vanasque
364 2931 467 2988 ruinas
490 2929 705 3011 prospiciebat,
727 2937 808 2988 metu
833 2930 1026 2989 exanimatus
1050 2928 1102 2989 ob·

179 3011 289 3070 mutuit
310 3019 362 3070 aut
396 3013 592 3072 ministerium
616 3011 748 3072 docendi
772 3009 915 3090 reliquit?
957 3010 1104 3092 Apostoli

178 3092 311 3174 quidem,
335 3113 402 3154 cum
417 3096 572 3176 sapientes
596 3094 820 3155 detestarentur
840 3094 1102 3173 praedicationem

178 3176 350 3257 Evangelii,
373 3185 516 3257 tanquam
540 3179 639 3251 facem
663 3177 877 3252 dissidiorum,
901 3177 1102 3257 perturbatio·

177 3259 678 3341 uum,tumultuuru,schismatum,
690 3262 886 3337 seditionum,
903 3279 981 3339 quae
998 3260 1104 3320 Hiero·

177 3341 544 3422 solymaeioterludaeos
563 3342 948 3424 propterlegemdivinitns
960 3342 1105 3404 datamet

177 3426 402 3509 promulgatam
424 3426 649 3504 excitabantur,
666 3428 762 3487 nihilo
774 3427 908 3488 timidius
929 3434 981 3487 aut
1005 3426 1104 3507 negti·

176 3510 296 3589 gentius
319 3509 451 3571 docendi
473 3511 676 3591 fungebantur
698 3529 831 3574 munere.

260 3592 408 3653 Diabolus
431 3593 512 3654 haud
536 3593 626 3654 dubie
648 3592 754 3654 obiicit
774 3593 863 3655 nobis
882 3594 940 3653 ista
957 3611 1103 3673 corpora-

176 3675 217 3736 lia
238 3682 427 3756 externaque
448 3677 604 3757 pericula,
626 3684 659 3737 ut
680 3695 800 3738 cursum
824 3675 995 3755 Evangelii,
1018 3676 1102 3757 quod

175 3765 313 3820 extrema
335 3758 415 3840 odit,
436 3760 573 3822 inhibeat
601 3778 640 3822 ac
665 3768 847 3823 remoratur.
890 3758 1008 3820 idcirco
1039 3776 1103 3821 nou
