<?xml version="1.0" encoding="UTF-8"?>
<!DOCTYPE html PUBLIC "-//W3C//DTD XHTML 1.0 Transitional//EN"
    "http://www.w3.org/TR/xhtml1/DTD/xhtml1-transitional.dtd">
<html xmlns="http://www.w3.org/1999/xhtml" xml:lang="en" lang="en">
 <head>
  <title>
</title>
<meta http-equiv="Content-Type" content="text/html;charset=utf-8" />
  <meta name='ocr-system' content='tesseract 3.04.00' />
  <meta name='ocr-capabilities' content='ocr_page ocr_carea ocr_par ocr_line ocrx_word'/>
</head>
<body>
  <div class='ocr_page' id='page_1' title='image "./dmartinilutheri03luthgoog_0195.png"; bbox 0 0 2392 4170; ppageno 0'>
   <div class='ocr_carea' id='block_1_1' title="bbox 146 221 882 295">
    <p class='ocr_par' dir='ltr' id='par_1_1' title="bbox 146 221 882 295">
     <span class='ocr_line' id='line_1_1' title="bbox 146 221 882 295; baseline -0.004 -13"><span class='ocrx_word' id='word_1_1' title='bbox 146 221 206 290; x_wconf 70' lang='grc'>184</span> <span class='ocrx_word' id='word_1_2' title='bbox 329 224 459 281; x_wconf 68' lang='lat' dir='ltr'>Auerno</span> <span class='ocrx_word' id='word_1_3' title='bbox 478 242 556 281; x_wconf 85' lang='lat' dir='ltr'>omn.</span> <span class='ocrx_word' id='word_1_4' title='bbox 573 227 653 280; x_wconf 81' lang='lat' dir='ltr'>artie.</span> <span class='ocrx_word' id='word_1_5' title='bbox 672 225 708 279; x_wconf 88' lang='lat' dir='ltr'>D.</span> <span class='ocrx_word' id='word_1_6' title='bbox 728 226 763 280; x_wconf 82' lang='grc' dir='ltr'>Ι.</span> <span class='ocrx_word' id='word_1_7' title='bbox 781 225 813 279; x_wconf 75' lang='lat'>1.</span> <span class='ocrx_word' id='word_1_8' title='bbox 830 241 882 295; x_wconf 84' lang='lat' dir='ltr'>per</span> 
     </span>
    </p>
   </div>
   <div class='ocr_carea' id='block_1_2' title="bbox 142 379 1102 1462">
    <p class='ocr_par' dir='ltr' id='par_1_2' title="bbox 142 379 1102 1462">
     <span class='ocr_line' id='line_1_2' title="bbox 142 379 1069 462; baseline 0.002 -21"><span class='ocrx_word' id='word_1_9' title='bbox 142 388 270 443; x_wconf 71' lang='lat' dir='ltr'>csanctae</span> <span class='ocrx_word' id='word_1_10' title='bbox 291 379 676 447; x_wconf 81' lang='lat' dir='ltr'>vocabulonominaretnr,</span> <span class='ocrx_word' id='word_1_11' title='bbox 696 399 759 460; x_wconf 86' lang='lat' dir='ltr'>quo</span> <span class='ocrx_word' id='word_1_12' title='bbox 771 379 998 462; x_wconf 75' lang='lat' dir='ltr'>significaretur</span> <span class='ocrx_word' id='word_1_13' title='bbox 1008 398 1069 443; x_wconf 78' lang='lat' dir='ltr'>non</span> 
     </span>
     <span class='ocr_line' id='line_1_3' title="bbox 142 464 1070 541; baseline 0 -16"><span class='ocrx_word' id='word_1_14' title='bbox 142 484 213 524; x_wconf 86' lang='lat' dir='ltr'>esse</span> <span class='ocrx_word' id='word_1_15' title='bbox 232 464 462 539; x_wconf 70' lang='lat' dir='ltr'>remissibilem,</span> <span class='ocrx_word' id='word_1_16' title='bbox 492 466 569 523; x_wconf 85' lang='lat' dir='ltr'>sicut</span> <span class='ocrx_word' id='word_1_17' title='bbox 592 483 699 524; x_wconf 79' lang='lat' dir='ltr'>revera</span> <span class='ocrx_word' id='word_1_18' title='bbox 719 464 910 525; x_wconf 85' lang='lat' dir='ltr'>remissibilis</span> <span class='ocrx_word' id='word_1_19' title='bbox 931 484 995 527; x_wconf 90' lang='lat' dir='ltr'>non</span> <span class='ocrx_word' id='word_1_20' title='bbox 1015 472 1070 541; x_wconf 83' lang='lat' dir='ltr'>ert,</span> 
     </span>
     <span class='ocr_line' id='line_1_4' title="bbox 142 547 1070 626; baseline 0.003 -20"><span class='ocrx_word' id='word_1_21' title='bbox 142 547 335 626; x_wconf 67' lang='lat' dir='ltr'>disciplinam</span> <span class='ocrx_word' id='word_1_22' title='bbox 356 547 490 621; x_wconf 77' lang='lat' dir='ltr'>Domini,</span> <span class='ocrx_word' id='word_1_23' title='bbox 524 547 621 608; x_wconf 90' lang='lat' dir='ltr'>multo</span> <span class='ocrx_word' id='word_1_24' title='bbox 646 549 745 607; x_wconf 88' lang='lat' dir='ltr'>minus</span> <span class='ocrx_word' id='word_1_25' title='bbox 766 547 929 609; x_wconf 85' lang='lat' dir='ltr'>vendibilis</span> <span class='ocrx_word' id='word_1_26' title='bbox 951 560 984 609; x_wconf 87' lang='lat' dir='ltr'>et</span> <span class='ocrx_word' id='word_1_27' title='bbox 1003 564 1070 609; x_wconf 77' lang='lat' dir='ltr'>ou·</span> 
     </span>
     <span class='ocr_line' id='line_1_5' title="bbox 142 630 1069 711; baseline 0 -20"><span class='ocrx_word' id='word_1_28' title='bbox 142 631 297 711; x_wconf 81' lang='lat' dir='ltr'>ponebilis</span> <span class='ocrx_word' id='word_1_29' title='bbox 315 630 482 710; x_wconf 86' lang='lat' dir='ltr'>aliqnando</span> <span class='ocrx_word' id='word_1_30' title='bbox 499 631 689 704; x_wconf 77' lang='lat' dir='ltr'>crederetur,</span> <span class='ocrx_word' id='word_1_31' title='bbox 720 633 798 691; x_wconf 85' lang='lat' dir='ltr'>sicut</span> <span class='ocrx_word' id='word_1_32' title='bbox 820 631 913 693; x_wconf 87' lang='lat' dir='ltr'>hodie</span> <span class='ocrx_word' id='word_1_33' title='bbox 934 631 1069 693; x_wconf 82' lang='lat' dir='ltr'>ridemur</span> 
     </span>
     <span class='ocr_line' id='line_1_6' title="bbox 143 712 1102 809; baseline 0.003 -34"><span class='ocrx_word' id='word_1_34' title='bbox 143 712 208 775; x_wconf 82' lang='lat' dir='ltr'>fieri</span> <span class='ocrx_word' id='word_1_35' title='bbox 230 714 363 774; x_wconf 84' lang='lat' dir='ltr'>conficta</span> <span class='ocrx_word' id='word_1_36' title='bbox 383 715 443 774; x_wconf 86' lang='lat' dir='ltr'>ista</span> <span class='ocrx_word' id='word_1_37' title='bbox 474 734 556 775; x_wconf 79' lang='lat' dir='ltr'>nova</span> <span class='ocrx_word' id='word_1_38' title='bbox 576 715 803 793; x_wconf 76' lang='lat' dir='ltr'>mostscrione,</span> <span class='ocrx_word' id='word_1_39' title='bbox 835 735 917 794; x_wconf 81' lang='lat' dir='ltr'>quae</span> <span class='ocrx_word' id='word_1_40' title='bbox 939 714 1068 795; x_wconf 75' lang='lat' dir='ltr'>plenarie</span> <span class='ocrx_word' id='word_1_41' title='bbox 1098 738 1102 809; x_wconf 63' lang='lat' dir='ltr'>p</span> 
     </span>
     <span class='ocr_line' id='line_1_7' title="bbox 143 797 1102 879; baseline 0.002 -22"><span class='ocrx_word' id='word_1_42' title='bbox 143 800 317 873; x_wconf 84' lang='lat' dir='ltr'>remittitur,</span> <span class='ocrx_word' id='word_1_43' title='bbox 336 816 406 857; x_wconf 89' lang='lat' dir='ltr'>cum</span> <span class='ocrx_word' id='word_1_44' title='bbox 429 798 508 871; x_wconf 82' lang='lat' dir='ltr'>talis,</span> <span class='ocrx_word' id='word_1_45' title='bbox 531 806 564 857; x_wconf 93' lang='lat' dir='ltr'>nt</span> <span class='ocrx_word' id='word_1_46' title='bbox 578 798 653 871; x_wconf 85' lang='lat' dir='ltr'>dixi,</span> <span class='ocrx_word' id='word_1_47' title='bbox 674 818 743 857; x_wconf 83' lang='lat' dir='ltr'>esse</span> <span class='ocrx_word' id='word_1_48' title='bbox 756 800 941 879; x_wconf 54' lang='lat' dir='ltr'>nonpossig</span> <span class='ocrx_word' id='word_1_49' title='bbox 961 797 1066 859; x_wconf 67' lang='lat' dir='ltr'>neda·</span> <span class='ocrx_word' id='word_1_50' title='bbox 1093 844 1102 859; x_wconf 74' lang='grc'><em>.</em></span> 
     </span>
     <span class='ocr_line' id='line_1_8' title="bbox 143 881 1065 961; baseline 0 -19"><span class='ocrx_word' id='word_1_51' title='bbox 143 881 352 960; x_wconf 89' lang='lat' dir='ltr'>poenitentiae</span> <span class='ocrx_word' id='word_1_52' title='bbox 374 883 465 941; x_wconf 86' lang='lat' dir='ltr'>tertia</span> <span class='ocrx_word' id='word_1_53' title='bbox 485 901 559 961; x_wconf 88' lang='lat' dir='ltr'>pars</span> <span class='ocrx_word' id='word_1_54' title='bbox 579 882 697 940; x_wconf 88' lang='lat' dir='ltr'>censeri</span> <span class='ocrx_word' id='word_1_55' title='bbox 719 881 841 944; x_wconf 82' lang='lat' dir='ltr'>debeat.</span> <span class='ocrx_word' id='word_1_56' title='bbox 1062 910 1065 915; x_wconf 95' lang='lat'>·</span> 
     </span>
     <span class='ocr_line' id='line_1_9' title="bbox 226 962 1065 1045; baseline 0 -20"><span class='ocrx_word' id='word_1_57' title='bbox 226 963 316 1025; x_wconf 84' lang='lat' dir='ltr'>Unde</span> <span class='ocrx_word' id='word_1_58' title='bbox 336 965 367 1023; x_wconf 92' lang='lat' dir='ltr'>in</span> <span class='ocrx_word' id='word_1_59' title='bbox 389 984 532 1024; x_wconf 75' lang='lat' dir='ltr'>sermone</span> <span class='ocrx_word' id='word_1_60' title='bbox 555 983 624 1024; x_wconf 88' lang='lat' dir='ltr'>meo</span> <span class='ocrx_word' id='word_1_61' title='bbox 654 965 820 1026; x_wconf 84' lang='lat' dir='ltr'>vernaculo</span> <span class='ocrx_word' id='word_1_62' title='bbox 840 966 1003 1045; x_wconf 82' lang='lat' dir='ltr'>insigniter</span> <span class='ocrx_word' id='word_1_63' title='bbox 1021 962 1065 1025; x_wconf 75' lang='lat' dir='ltr'>ad-</span> 
     </span>
     <span class='ocr_line' id='line_1_10' title="bbox 144 1046 1084 1129; baseline 0.001 -23"><span class='ocrx_word' id='word_1_64' title='bbox 144 1050 213 1123; x_wconf 89' lang='lat' dir='ltr'>ieci,</span> <span class='ocrx_word' id='word_1_65' title='bbox 233 1065 297 1108; x_wconf 92' lang='lat' dir='ltr'>non</span> <span class='ocrx_word' id='word_1_66' title='bbox 319 1065 389 1108; x_wconf 86' lang='lat' dir='ltr'>esse</span> <span class='ocrx_word' id='word_1_67' title='bbox 410 1049 485 1108; x_wconf 86' lang='lat' dir='ltr'>istas</span> <span class='ocrx_word' id='word_1_68' title='bbox 506 1060 568 1107; x_wconf 88' lang='lat' dir='ltr'>tres</span> <span class='ocrx_word' id='word_1_69' title='bbox 589 1062 692 1127; x_wconf 88' lang='lat' dir='ltr'>partes</span> <span class='ocrx_word' id='word_1_70' title='bbox 714 1050 934 1127; x_wconf 86' lang='lat' dir='ltr'>poenitentiae,</span> <span class='ocrx_word' id='word_1_71' title='bbox 963 1058 997 1109; x_wconf 91' lang='lat' dir='ltr'>ut</span> <span class='ocrx_word' id='word_1_72' title='bbox 1014 1046 1084 1129; x_wconf 88' lang='lat' dir='ltr'>ipti</span> 
     </span>
     <span class='ocr_line' id='line_1_11' title="bbox 147 1129 1064 1211; baseline 0.004 -22"><span class='ocrx_word' id='word_1_73' title='bbox 147 1148 263 1191; x_wconf 91' lang='lat' dir='ltr'>morem</span> <span class='ocrx_word' id='word_1_74' title='bbox 286 1129 402 1191; x_wconf 82' lang='lat' dir='ltr'>hebent</span> <span class='ocrx_word' id='word_1_75' title='bbox 423 1131 462 1190; x_wconf 92' lang='lat' dir='ltr'>de</span> <span class='ocrx_word' id='word_1_76' title='bbox 483 1134 527 1191; x_wconf 89' lang='lat' dir='ltr'>eis</span> <span class='ocrx_word' id='word_1_77' title='bbox 551 1131 649 1210; x_wconf 65' lang='lat' dir='ltr'>loqui,</span> <span class='ocrx_word' id='word_1_78' title='bbox 670 1151 792 1211; x_wconf 86' lang='lat' dir='ltr'>semper</span> <span class='ocrx_word' id='word_1_79' title='bbox 814 1134 896 1192; x_wconf 88' lang='lat' dir='ltr'>enim</span> <span class='ocrx_word' id='word_1_80' title='bbox 917 1131 1002 1193; x_wconf 84' lang='lat' dir='ltr'>volni</span> <span class='ocrx_word' id='word_1_81' title='bbox 1021 1150 1064 1193; x_wconf 78' lang='grc' dir='ltr'>οι·</span> 
     </span>
     <span class='ocr_line' id='line_1_12' title="bbox 144 1212 1064 1296; baseline 0.001 -22"><span class='ocrx_word' id='word_1_82' title='bbox 144 1224 266 1294; x_wconf 86' lang='lat' dir='ltr'>ceptam</span> <span class='ocrx_word' id='word_1_83' title='bbox 292 1213 485 1294; x_wconf 89' lang='lat' dir='ltr'>disciplinam</span> <span class='ocrx_word' id='word_1_84' title='bbox 508 1215 649 1291; x_wconf 70' lang='lat' dir='ltr'>Domini,</span> <span class='ocrx_word' id='word_1_85' title='bbox 688 1234 780 1294; x_wconf 88' lang='lat' dir='ltr'>quarn</span> <span class='ocrx_word' id='word_1_86' title='bbox 801 1235 871 1276; x_wconf 89' lang='lat' dir='ltr'>esse</span> <span class='ocrx_word' id='word_1_87' title='bbox 901 1215 1013 1296; x_wconf 77' lang='lat' dir='ltr'>negari</span> <span class='ocrx_word' id='word_1_88' title='bbox 1031 1212 1064 1275; x_wconf 83' lang='lat' dir='ltr'>ab</span> 
     </span>
     <span class='ocr_line' id='line_1_13' title="bbox 144 1297 1063 1378; baseline 0.005 -21"><span class='ocrx_word' id='word_1_89' title='bbox 144 1297 207 1359; x_wconf 89' lang='lat' dir='ltr'>ullo</span> <span class='ocrx_word' id='word_1_90' title='bbox 219 1298 442 1373; x_wconf 70' lang='lat' dir='ltr'>remissibilem,</span> <span class='ocrx_word' id='word_1_91' title='bbox 460 1299 515 1358; x_wconf 88' lang='lat' dir='ltr'>sed</span> <span class='ocrx_word' id='word_1_92' title='bbox 526 1298 878 1378; x_wconf 86' lang='lat' dir='ltr'>tantum&#39;impouibilem,</span> <span class='ocrx_word' id='word_1_93' title='bbox 898 1298 972 1361; x_wconf 91' lang='lat' dir='ltr'>ideo</span> <span class='ocrx_word' id='word_1_94' title='bbox 981 1298 1063 1361; x_wconf 76' lang='lat' dir='ltr'>aliu</span> 
     </span>
     <span class='ocr_line' id='line_1_14' title="bbox 144 1378 1065 1462; baseline 0.001 -22"><span class='ocrx_word' id='word_1_95' title='bbox 144 1381 321 1442; x_wconf 85' lang='lat' dir='ltr'>necessario</span> <span class='ocrx_word' id='word_1_96' title='bbox 344 1381 426 1460; x_wconf 87' lang='lat' dir='ltr'>lore,</span> <span class='ocrx_word' id='word_1_97' title='bbox 456 1394 486 1440; x_wconf 89' lang='lat' dir='ltr'>et</span> <span class='ocrx_word' id='word_1_98' title='bbox 508 1400 660 1460; x_wconf 86' lang='lat' dir='ltr'>nusquam</span> <span class='ocrx_word' id='word_1_99' title='bbox 683 1382 887 1462; x_wconf 82' lang='lat' dir='ltr'>descriptam,</span> <span class='ocrx_word' id='word_1_100' title='bbox 918 1402 1011 1461; x_wconf 82' lang='lat' dir='ltr'>qnam</span> <span class='ocrx_word' id='word_1_101' title='bbox 1028 1378 1065 1441; x_wconf 81' lang='lat' dir='ltr'>ut</span> 
     </span>
    </p>
   </div>
   <div class='ocr_carea' id='block_1_3' title="bbox 144 1432 1102 1622">
    <p class='ocr_par' dir='ltr' id='par_1_3' title="bbox 144 1432 1102 1622">
     <span class='ocr_line' id='line_1_15' title="bbox 144 1432 1102 1593; baseline 0.005 -71"><span class='ocrx_word' id='word_1_102' title='bbox 144 1464 385 1525; x_wconf 71' lang='lat' dir='ltr'>satisfactionem</span> <span class='ocrx_word' id='word_1_103' title='bbox 408 1465 532 1539; x_wconf 81' lang='lat' dir='ltr'>docent,</span> <span class='ocrx_word' id='word_1_104' title='bbox 553 1463 690 1545; x_wconf 81' lang='lat' dir='ltr'>totem1)</span> <span class='ocrx_word' id='word_1_105' title='bbox 715 1467 745 1524; x_wconf 90' lang='lat' dir='ltr'>in</span> <span class='ocrx_word' id='word_1_106' title='bbox 764 1485 855 1525; x_wconf 89' lang='lat' dir='ltr'>manu</span> <span class='ocrx_word' id='word_1_107' title='bbox 879 1465 984 1546; x_wconf 81' lang='lat' dir='ltr'>Papae</span> <span class='ocrx_word' id='word_1_108' title='bbox 994 1432 1102 1593; x_wconf 51' lang='lat' dir='ltr'>pud*</span> 
     </span>
     <span class='ocr_line' id='line_1_16' title="bbox 144 1548 724 1622; baseline 0.007 -16"><span class='ocrx_word' id='word_1_109' title='bbox 144 1556 220 1622; x_wconf 88' lang='lat' dir='ltr'>tam,</span> <span class='ocrx_word' id='word_1_110' title='bbox 242 1549 335 1608; x_wconf 90' lang='lat' dir='ltr'>etiarn</span> <span class='ocrx_word' id='word_1_111' title='bbox 357 1548 452 1607; x_wconf 84' lang='lat' dir='ltr'>invita</span> <span class='ocrx_word' id='word_1_112' title='bbox 473 1549 586 1608; x_wconf 86' lang='lat' dir='ltr'>iustitia</span> <span class='ocrx_word' id='word_1_113' title='bbox 610 1548 724 1610; x_wconf 87' lang='lat' dir='ltr'>divina.</span> 
     </span>
    </p>
   </div>
   <div class='ocr_carea' id='block_1_4' title="bbox 531 1713 696 1777">
    <p class='ocr_par' dir='ltr' id='par_1_4' title="bbox 531 1713 696 1777">
     <span class='ocr_line' id='line_1_17' title="bbox 531 1713 696 1777; baseline 0.006 -2"><span class='ocrx_word' id='word_1_114' title='bbox 531 1713 696 1777; x_wconf 79' lang='lat' dir='ltr'>Sextus:</span> 
     </span>
    </p>
   </div>
   <div class='ocr_carea' id='block_1_5' title="bbox 205 1826 1065 2473">
    <p class='ocr_par' dir='ltr' id='par_1_5' title="bbox 205 1826 1065 2473">
     <span class='ocr_line' id='line_1_18' title="bbox 208 1826 1062 1912; baseline -0.001 -20"><span class='ocrx_word' id='word_1_115' title='bbox 208 1830 375 1907; x_wconf 85' lang='lat' dir='ltr'>Gontritio,</span> <span class='ocrx_word' id='word_1_116' title='bbox 405 1840 633 1911; x_wconf 73' lang='lat' dir='ltr'>coaeparatur</span> <span class='ocrx_word' id='word_1_117' title='bbox 656 1851 711 1912; x_wconf 91' lang='lat' dir='ltr'>per</span> <span class='ocrx_word' id='word_1_118' title='bbox 732 1832 976 1909; x_wconf 86' lang='lat' dir='ltr'>discussionem,</span> <span class='ocrx_word' id='word_1_119' title='bbox 1008 1826 1062 1891; x_wconf 87' lang='lat' dir='ltr'>ool·</span> 
     </span>
     <span class='ocr_line' id='line_1_19' title="bbox 206 1914 1063 1996; baseline -0.002 -21"><span class='ocrx_word' id='word_1_120' title='bbox 206 1914 389 1990; x_wconf 88' lang='lat' dir='ltr'>lectionem,</span> <span class='ocrx_word' id='word_1_121' title='bbox 423 1920 455 1974; x_wconf 85' lang='lat' dir='ltr'>et</span> <span class='ocrx_word' id='word_1_122' title='bbox 492 1914 728 1976; x_wconf 89' lang='lat' dir='ltr'>detestationem</span> <span class='ocrx_word' id='word_1_123' title='bbox 760 1921 977 1996; x_wconf 88' lang='lat' dir='ltr'>peccatorum,</span> <span class='ocrx_word' id='word_1_124' title='bbox 1011 1928 1063 1994; x_wconf 72' lang='lat' dir='ltr'>qu</span> 
     </span>
     <span class='ocr_line' id='line_1_20' title="bbox 206 1998 1064 2077; baseline -0.001 -20"><span class='ocrx_word' id='word_1_125' title='bbox 206 1999 275 2077; x_wconf 85' lang='lat' dir='ltr'>quis</span> <span class='ocrx_word' id='word_1_126' title='bbox 296 1998 447 2077; x_wconf 82' lang='lat' dir='ltr'>recogitet</span> <span class='ocrx_word' id='word_1_127' title='bbox 468 2015 567 2058; x_wconf 90' lang='lat' dir='ltr'>annos</span> <span class='ocrx_word' id='word_1_128' title='bbox 589 2018 663 2059; x_wconf 88' lang='lat' dir='ltr'>suos</span> <span class='ocrx_word' id='word_1_129' title='bbox 684 2001 714 2059; x_wconf 91' lang='lat' dir='ltr'>in</span> <span class='ocrx_word' id='word_1_130' title='bbox 731 1998 937 2059; x_wconf 75' lang='lat' dir='ltr'>amaritudine</span> <span class='ocrx_word' id='word_1_131' title='bbox 954 1998 1064 2059; x_wconf 79' lang='lat' dir='ltr'>animae</span> 
     </span>
     <span class='ocr_line' id='line_1_21' title="bbox 208 2076 1064 2163; baseline -0.001 -23"><span class='ocrx_word' id='word_1_132' title='bbox 208 2100 302 2158; x_wconf 85' lang='lat' dir='ltr'>ense,</span> <span class='ocrx_word' id='word_1_133' title='bbox 324 2080 526 2160; x_wconf 89' lang='lat' dir='ltr'>ponderando</span> <span class='ocrx_word' id='word_1_134' title='bbox 549 2094 746 2162; x_wconf 85' lang='lat' dir='ltr'>peccatorum</span> <span class='ocrx_word' id='word_1_135' title='bbox 769 2083 968 2163; x_wconf 83' lang='lat' dir='ltr'>gravitatem,</span> <span class='ocrx_word' id='word_1_136' title='bbox 1000 2076 1064 2141; x_wconf 83' lang='lat' dir='ltr'>mul</span> 
     </span>
     <span class='ocr_line' id='line_1_22' title="bbox 207 2162 1064 2242; baseline 0.002 -19"><span class='ocrx_word' id='word_1_137' title='bbox 207 2162 379 2242; x_wconf 82' lang='lat' dir='ltr'>titudinem,</span> <span class='ocrx_word' id='word_1_138' title='bbox 400 2164 588 2239; x_wconf 80' lang='lat' dir='ltr'>foeditatem,</span> <span class='ocrx_word' id='word_1_139' title='bbox 620 2167 816 2225; x_wconf 84' lang='lat' dir='ltr'>amissionem</span> <span class='ocrx_word' id='word_1_140' title='bbox 839 2176 986 2225; x_wconf 76' lang='lat' dir='ltr'>aeternae</span> <span class='ocrx_word' id='word_1_141' title='bbox 1004 2164 1064 2225; x_wconf 83' lang='lat' dir='ltr'>bct·</span> 
     </span>
     <span class='ocr_line' id='line_1_23' title="bbox 207 2246 1064 2326; baseline 0 -23"><span class='ocrx_word' id='word_1_142' title='bbox 207 2247 353 2321; x_wconf 85' lang='lat' dir='ltr'>titudinis,</span> <span class='ocrx_word' id='word_1_143' title='bbox 376 2254 407 2307; x_wconf 91' lang='lat' dir='ltr'>et</span> <span class='ocrx_word' id='word_1_144' title='bbox 428 2249 662 2326; x_wconf 77' lang='lat' dir='ltr'>acquisitionem</span> <span class='ocrx_word' id='word_1_145' title='bbox 684 2257 827 2309; x_wconf 84' lang='lat' dir='ltr'>aeternae</span> <span class='ocrx_word' id='word_1_146' title='bbox 850 2246 1064 2311; x_wconf 81' lang='lat' dir='ltr'>damnationis:</span> 
     </span>
     <span class='ocr_line' id='line_1_24' title="bbox 205 2329 1065 2413; baseline 0.002 -24"><span class='ocrx_word' id='word_1_147' title='bbox 205 2329 283 2389; x_wconf 87' lang='lat' dir='ltr'>haec</span> <span class='ocrx_word' id='word_1_148' title='bbox 306 2331 448 2390; x_wconf 87' lang='lat' dir='ltr'>contritio</span> <span class='ocrx_word' id='word_1_149' title='bbox 470 2331 544 2391; x_wconf 84' lang='lat' dir='ltr'>lacit</span> <span class='ocrx_word' id='word_1_150' title='bbox 565 2332 772 2412; x_wconf 83' lang='lat' dir='ltr'>hypocritam,</span> <span class='ocrx_word' id='word_1_151' title='bbox 800 2332 863 2392; x_wconf 90' lang='lat' dir='ltr'>imo</span> <span class='ocrx_word' id='word_1_152' title='bbox 885 2332 985 2411; x_wconf 82' lang='lat' dir='ltr'>magia</span> <span class='ocrx_word' id='word_1_153' title='bbox 1005 2346 1065 2413; x_wconf 79' lang='lat' dir='ltr'>per</span> 
     </span>
     <span class='ocr_line' id='line_1_25' title="bbox 207 2420 354 2473; baseline 0.014 -2"><span class='ocrx_word' id='word_1_154' title='bbox 207 2420 354 2473; x_wconf 77' lang='lat' dir='ltr'>catonem.</span> 
     </span>
    </p>
   </div>
   <div class='ocr_carea' id='block_1_6' title="bbox 146 2546 1069 2795">
    <p class='ocr_par' dir='ltr' id='par_1_6' title="bbox 146 2546 1069 2795">
     <span class='ocr_line' id='line_1_26' title="bbox 237 2546 1067 2624; baseline 0 -15"><span class='ocrx_word' id='word_1_155' title='bbox 237 2546 385 2624; x_wconf 78' lang='lat' dir='ltr'>Quamvis</span> <span class='ocrx_word' id='word_1_156' title='bbox 422 2548 503 2609; x_wconf 87' lang='lat' dir='ltr'>hanc</span> <span class='ocrx_word' id='word_1_157' title='bbox 540 2550 770 2610; x_wconf 81' lang='lat' dir='ltr'>conclusionem</span> <span class='ocrx_word' id='word_1_158' title='bbox 793 2551 884 2609; x_wconf 86' lang='lat' dir='ltr'>etiam</span> <span class='ocrx_word' id='word_1_159' title='bbox 909 2549 1067 2611; x_wconf 74' lang='lat' dir='ltr'>omissus</span> 
     </span>
     <span class='ocr_line' id='line_1_27' title="bbox 146 2629 1068 2710; baseline 0.003 -20"><span class='ocrx_word' id='word_1_160' title='bbox 146 2629 276 2710; x_wconf 84' lang='lat' dir='ltr'>doceat,</span> <span class='ocrx_word' id='word_1_161' title='bbox 311 2639 343 2692; x_wconf 87' lang='lat' dir='ltr'>et</span> <span class='ocrx_word' id='word_1_162' title='bbox 363 2651 473 2693; x_wconf 86' lang='lat' dir='ltr'>sensus</span> <span class='ocrx_word' id='word_1_163' title='bbox 495 2635 667 2693; x_wconf 88' lang='lat' dir='ltr'>communis</span> <span class='ocrx_word' id='word_1_164' title='bbox 690 2634 824 2694; x_wconf 92' lang='lat' dir='ltr'>omnium</span> <span class='ocrx_word' id='word_1_165' title='bbox 849 2633 893 2695; x_wconf 85' lang='lat' dir='ltr'>ila</span> <span class='ocrx_word' id='word_1_166' title='bbox 914 2633 946 2692; x_wconf 92' lang='lat' dir='ltr'>in</span> <span class='ocrx_word' id='word_1_167' title='bbox 967 2651 1004 2693; x_wconf 87' lang='lat' dir='ltr'>ae</span> <span class='ocrx_word' id='word_1_168' title='bbox 1023 2648 1068 2693; x_wconf 79' lang='lat' dir='ltr'>ex·</span> 
     </span>
     <span class='ocr_line' id='line_1_28' title="bbox 147 2713 1069 2795; baseline 0 -22"><span class='ocrx_word' id='word_1_169' title='bbox 147 2715 296 2793; x_wconf 80' lang='lat' dir='ltr'>periatur,</span> <span class='ocrx_word' id='word_1_170' title='bbox 326 2724 359 2775; x_wconf 93' lang='lat' dir='ltr'>ut</span> <span class='ocrx_word' id='word_1_171' title='bbox 379 2713 566 2795; x_wconf 83' lang='lat' dir='ltr'>superfluum</span> <span class='ocrx_word' id='word_1_172' title='bbox 591 2718 630 2774; x_wconf 91' lang='lat' dir='ltr'>sit</span> <span class='ocrx_word' id='word_1_173' title='bbox 656 2715 887 2795; x_wconf 78' lang='lat' dir='ltr'>probaticam,</span> <span class='ocrx_word' id='word_1_174' title='bbox 918 2727 1022 2777; x_wconf 87' lang='lat' dir='ltr'>tamen</span> <span class='ocrx_word' id='word_1_175' title='bbox 1041 2717 1069 2773; x_wconf 85' lang='lat' dir='ltr'>nl</span> 
     </span>
    </p>
   </div>
   <div class='ocr_carea' id='block_1_7' title="bbox 145 2794 1069 2941">
    <p class='ocr_par' dir='ltr' id='par_1_7' title="bbox 145 2794 1069 2941">
     <span class='ocr_line' id='line_1_29' title="bbox 145 2794 1069 2878; baseline 0.003 -22"><span class='ocrx_word' id='word_1_176' title='bbox 145 2796 320 2858; x_wconf 86' lang='lat' dir='ltr'>obstruatur</span> <span class='ocrx_word' id='word_1_177' title='bbox 359 2817 395 2858; x_wconf 90' lang='lat' dir='ltr'>os</span> <span class='ocrx_word' id='word_1_178' title='bbox 427 2798 616 2877; x_wconf 88' lang='lat' dir='ltr'>loquentium</span> <span class='ocrx_word' id='word_1_179' title='bbox 656 2800 779 2877; x_wconf 88' lang='lat' dir='ltr'>iniqua,</span> <span class='ocrx_word' id='word_1_180' title='bbox 812 2798 986 2878; x_wconf 82' lang='lat' dir='ltr'>Scripturas</span> <span class='ocrx_word' id='word_1_181' title='bbox 1018 2794 1069 2859; x_wconf 72' lang='lat' dir='ltr'>Da&#39;</span> 
     </span>
     <span class='ocr_line' id='line_1_30' title="bbox 146 2881 352 2941; baseline 0.005 -1"><span class='ocrx_word' id='word_1_182' title='bbox 146 2881 352 2941; x_wconf 87' lang='lat' dir='ltr'>consulamus.</span> 
     </span>
    </p>
   </div>
   <div class='ocr_carea' id='block_1_8' title="bbox 145 2963 1073 3544">
    <p class='ocr_par' dir='ltr' id='par_1_8' title="bbox 145 2963 1073 3544">
     <span class='ocr_line' id='line_1_31' title="bbox 228 2963 1070 3043; baseline 0.001 -19"><span class='ocrx_word' id='word_1_183' title='bbox 228 2963 360 3024; x_wconf 90' lang='lat' dir='ltr'>Primum</span> <span class='ocrx_word' id='word_1_184' title='bbox 384 2964 443 3023; x_wconf 88' lang='lat' dir='ltr'>hoc</span> <span class='ocrx_word' id='word_1_185' title='bbox 465 2984 556 3024; x_wconf 75' lang='lat' dir='ltr'>nemo</span> <span class='ocrx_word' id='word_1_186' title='bbox 580 2964 720 3043; x_wconf 84' lang='lat' dir='ltr'>negabit:</span> <span class='ocrx_word' id='word_1_187' title='bbox 743 2964 894 3026; x_wconf 74' lang='lat' dir='ltr'>contritio</span> <span class='ocrx_word' id='word_1_188' title='bbox 916 2970 1070 3043; x_wconf 81' lang='lat' dir='ltr'>qnantum·</span> 
     </span>
     <span class='ocr_line' id='line_1_32' title="bbox 147 3045 1071 3127; baseline 0.001 -23"><span class='ocrx_word' id='word_1_189' title='bbox 147 3045 219 3105; x_wconf 88' lang='lat' dir='ltr'>libet</span> <span class='ocrx_word' id='word_1_190' title='bbox 254 3045 429 3127; x_wconf 73' lang='lat' dir='ltr'>magna2),</span> <span class='ocrx_word' id='word_1_191' title='bbox 463 3049 519 3106; x_wconf 80' lang='lat' dir='ltr'>nisi</span> <span class='ocrx_word' id='word_1_192' title='bbox 552 3047 607 3108; x_wconf 87' lang='lat' dir='ltr'>flat</span> <span class='ocrx_word' id='word_1_193' title='bbox 639 3067 745 3108; x_wconf 91' lang='lat' dir='ltr'>amore</span> <span class='ocrx_word' id='word_1_194' title='bbox 776 3047 926 3126; x_wconf 84' lang='lat' dir='ltr'>iustitiae,</span> <span class='ocrx_word' id='word_1_195' title='bbox 961 3054 994 3108; x_wconf 85' lang='lat' dir='ltr'>et</span> <span class='ocrx_word' id='word_1_196' title='bbox 1025 3046 1071 3125; x_wconf 85' lang='lat' dir='ltr'>(nl</span> 
     </span>
     <span class='ocr_line' id='line_1_33' title="bbox 146 3124 1070 3208; baseline 0.002 -21"><span class='ocrx_word' id='word_1_197' title='bbox 146 3130 268 3208; x_wconf 86' lang='lat' dir='ltr'>ipsimet</span> <span class='ocrx_word' id='word_1_198' title='bbox 288 3129 411 3202; x_wconf 78' lang='lat' dir='ltr'>dicunt)</span> <span class='ocrx_word' id='word_1_199' title='bbox 440 3131 469 3190; x_wconf 90' lang='lat' dir='ltr'>in</span> <span class='ocrx_word' id='word_1_200' title='bbox 494 3133 620 3191; x_wconf 88' lang='lat' dir='ltr'>caritate</span> <span class='ocrx_word' id='word_1_201' title='bbox 640 3131 712 3208; x_wconf 89' lang='lat' dir='ltr'>Dei,</span> <span class='ocrx_word' id='word_1_202' title='bbox 749 3150 810 3191; x_wconf 92' lang='lat' dir='ltr'>non</span> <span class='ocrx_word' id='word_1_203' title='bbox 834 3136 883 3190; x_wconf 87' lang='lat' dir='ltr'>est</span> <span class='ocrx_word' id='word_1_204' title='bbox 903 3147 995 3206; x_wconf 85' lang='lat' dir='ltr'>vera,</span> <span class='ocrx_word' id='word_1_205' title='bbox 1021 3124 1070 3189; x_wconf 86' lang='lat' dir='ltr'>sed</span> 
     </span>
     <span class='ocr_line' id='line_1_34' title="bbox 145 3210 1071 3292; baseline 0.004 -23"><span class='ocrx_word' id='word_1_206' title='bbox 145 3212 297 3273; x_wconf 84' lang='lat' dir='ltr'>simulata.</span> <span class='ocrx_word' id='word_1_207' title='bbox 341 3212 453 3274; x_wconf 90' lang='lat' dir='ltr'>Omnia</span> <span class='ocrx_word' id='word_1_208' title='bbox 472 3215 564 3291; x_wconf 86' lang='lat' dir='ltr'>enim,</span> <span class='ocrx_word' id='word_1_209' title='bbox 599 3232 678 3292; x_wconf 89' lang='lat' dir='ltr'>quae</span> <span class='ocrx_word' id='word_1_210' title='bbox 700 3223 788 3274; x_wconf 84' lang='lat' dir='ltr'>extra</span> <span class='ocrx_word' id='word_1_211' title='bbox 809 3215 969 3274; x_wconf 87' lang='lat' dir='ltr'>caritatem</span> <span class='ocrx_word' id='word_1_212' title='bbox 990 3210 1071 3289; x_wconf 82' lang='lat' dir='ltr'>liunt,</span> 
     </span>
     <span class='ocr_line' id='line_1_35' title="bbox 146 3294 1072 3372; baseline 0.004 -19"><span class='ocrx_word' id='word_1_213' title='bbox 146 3295 229 3370; x_wconf 88' lang='lat' dir='ltr'>nihil,</span> <span class='ocrx_word' id='word_1_214' title='bbox 255 3315 334 3356; x_wconf 85' lang='lat' dir='ltr'>vana</span> <span class='ocrx_word' id='word_1_215' title='bbox 356 3303 387 3355; x_wconf 91' lang='lat' dir='ltr'>et</span> <span class='ocrx_word' id='word_1_216' title='bbox 412 3295 490 3356; x_wconf 88' lang='lat' dir='ltr'>lalsa</span> <span class='ocrx_word' id='word_1_217' title='bbox 515 3306 606 3372; x_wconf 85' lang='lat' dir='ltr'>sunt,</span> <span class='ocrx_word' id='word_1_218' title='bbox 639 3307 672 3357; x_wconf 93' lang='lat' dir='ltr'>ut</span> <span class='ocrx_word' id='word_1_219' title='bbox 697 3301 722 3360; x_wconf 93' lang='lat' dir='ltr'>l.</span> <span class='ocrx_word' id='word_1_220' title='bbox 746 3296 883 3358; x_wconf 82' lang='lat' dir='ltr'>Corinth.</span> <span class='ocrx_word' id='word_1_221' title='bbox 906 3299 955 3361; x_wconf 83' lang='lat'>13.</span> <span class='ocrx_word' id='word_1_222' title='bbox 984 3294 1072 3357; x_wconf 83' lang='lat' dir='ltr'>docel</span> 
     </span>
     <span class='ocr_line' id='line_1_36' title="bbox 147 3376 1070 3460; baseline 0.004 -23"><span class='ocrx_word' id='word_1_223' title='bbox 147 3376 274 3454; x_wconf 87' lang='lat' dir='ltr'>Paulus,</span> <span class='ocrx_word' id='word_1_224' title='bbox 303 3379 457 3458; x_wconf 91' lang='lat' dir='ltr'>quianon</span> <span class='ocrx_word' id='word_1_225' title='bbox 481 3378 558 3439; x_wconf 83' lang='lat' dir='ltr'>flunt</span> <span class='ocrx_word' id='word_1_226' title='bbox 579 3400 619 3440; x_wconf 91' lang='lat' dir='ltr'>ex</span> <span class='ocrx_word' id='word_1_227' title='bbox 641 3388 707 3442; x_wconf 90' lang='lat' dir='ltr'>toto</span> <span class='ocrx_word' id='word_1_228' title='bbox 730 3380 839 3455; x_wconf 81' lang='lat' dir='ltr'>corde,</span> <span class='ocrx_word' id='word_1_229' title='bbox 867 3379 951 3460; x_wconf 91' lang='lat' dir='ltr'>quod</span> <span class='ocrx_word' id='word_1_230' title='bbox 967 3386 1070 3441; x_wconf 75' lang='lat' dir='ltr'>auten</span> 
     </span>
     <span class='ocr_line' id='line_1_37' title="bbox 146 3460 1073 3544; baseline 0.002 -23"><span class='ocrx_word' id='word_1_231' title='bbox 146 3481 187 3521; x_wconf 86' lang='lat' dir='ltr'>ex</span> <span class='ocrx_word' id='word_1_232' title='bbox 215 3462 308 3523; x_wconf 90' lang='lat' dir='ltr'>corde</span> <span class='ocrx_word' id='word_1_233' title='bbox 342 3481 405 3523; x_wconf 90' lang='lat' dir='ltr'>non</span> <span class='ocrx_word' id='word_1_234' title='bbox 436 3462 484 3542; x_wconf 81' lang='lat' dir='ltr'>tit,</span> <span class='ocrx_word' id='word_1_235' title='bbox 517 3463 578 3523; x_wconf 90' lang='lat' dir='ltr'>iam</span> <span class='ocrx_word' id='word_1_236' title='bbox 612 3464 784 3544; x_wconf 87' lang='lat' dir='ltr'>hypocrisis</span> <span class='ocrx_word' id='word_1_237' title='bbox 815 3470 872 3542; x_wconf 86' lang='lat' dir='ltr'>est,</span> <span class='ocrx_word' id='word_1_238' title='bbox 903 3464 985 3523; x_wconf 83' lang='lat' dir='ltr'>sicut</span> <span class='ocrx_word' id='word_1_239' title='bbox 1005 3460 1073 3523; x_wconf 87' lang='lat' dir='ltr'>dicit</span> 
     </span>
    </p>
   </div>
   <div class='ocr_carea' id='block_1_9' title="bbox 274 3600 566 3609">
    <p class='ocr_par' dir='ltr' id='par_1_9' title="bbox 274 3600 566 3609">
     <span class='ocr_line' id='line_1_38' title="bbox 274 3600 566 3609; baseline 0 0"><span class='ocrx_word' id='word_1_240' title='bbox 274 3600 566 3609; x_wconf 71' lang='lat'>---—---·-—---.-—</span> 
     </span>
    </p>
   </div>
   <div class='ocr_carea' id='block_1_10' title="bbox 146 3661 1072 3803">
    <p class='ocr_par' dir='ltr' id='par_1_10' title="bbox 146 3661 1072 3803">
     <span class='ocr_line' id='line_1_39' title="bbox 218 3661 1072 3733; baseline 0 -18"><span class='ocrx_word' id='word_1_241' title='bbox 218 3662 246 3727; x_wconf 91' lang='lat' dir='ltr'>l)</span> <span class='ocrx_word' id='word_1_242' title='bbox 265 3663 296 3714; x_wconf 92' lang='lat' dir='ltr'>ln</span> <span class='ocrx_word' id='word_1_243' title='bbox 316 3661 360 3715; x_wconf 88' lang='lat' dir='ltr'>cd.</span> <span class='ocrx_word' id='word_1_244' title='bbox 379 3663 462 3731; x_wconf 68' lang='lat' dir='ltr'>erip:</span> <span class='ocrx_word' id='word_1_245' title='bbox 493 3669 558 3715; x_wconf 86' lang='lat' dir='ltr'>tota.</span> <span class='ocrx_word' id='word_1_246' title='bbox 614 3664 646 3719; x_wconf 70' lang='lat'>21</span> <span class='ocrx_word' id='word_1_247' title='bbox 667 3661 751 3717; x_wconf 83' lang='lat' dir='ltr'>ibid:</span> <span class='ocrx_word' id='word_1_248' title='bbox 780 3663 973 3717; x_wconf 82' lang='lat' dir='ltr'>contritionem</span> <span class='ocrx_word' id='word_1_249' title='bbox 993 3676 1072 3733; x_wconf 80' lang='lat' dir='ltr'>quan·</span> 
     </span>
     <span class='ocr_line' id='line_1_40' title="bbox 146 3738 637 3803; baseline 0.004 -17"><span class='ocrx_word' id='word_1_250' title='bbox 146 3738 204 3787; x_wconf 85' lang='lat' dir='ltr'>tum</span> <span class='ocrx_word' id='word_1_251' title='bbox 223 3748 357 3803; x_wconf 64' lang='lat' dir='ltr'>magnam</span> <span class='ocrx_word' id='word_1_252' title='bbox 376 3760 410 3773; x_wconf 93' lang='lat'><em>-</em></span> <span class='ocrx_word' id='word_1_253' title='bbox 429 3748 485 3787; x_wconf 88' lang='lat' dir='ltr'>non</span> <span class='ocrx_word' id='word_1_254' title='bbox 504 3739 547 3789; x_wconf 87' lang='lat' dir='ltr'>ert</span> <span class='ocrx_word' id='word_1_255' title='bbox 564 3750 637 3789; x_wconf 87' lang='lat' dir='ltr'>vara.</span> 
     </span>
    </p>
   </div>
   <div class='ocr_carea' id='block_1_11' title="bbox 0 0 1212 4170">
    <p class='ocr_par' dir='ltr' id='par_1_11' title="bbox 0 0 1212 4170">
     <span class='ocr_line' id='line_1_41' title="bbox 0 0 1212 4170; baseline 0 0"><span class='ocrx_word' id='word_1_256' title='bbox 0 0 1212 4170; x_wconf 95' lang='lat' dir='ltr'> </span> 
     </span>
    </p>
   </div>
  </div>
 </body>
</html>
