2392 4170
132 270 191 338 284
438 273 581 328 Resolutio
600 271 703 342 disput.
722 271 757 326 de

133 428 310 508 praedicare
333 428 502 508 Apostolus
524 427 660 507 appellet
680 426 861 502 illuminare,
884 419 925 486 ad
945 420 1056 484 octoa-

133 530 239 572 scnses
260 512 368 591 primo.

382 645 508 707 Decima
531 665 613 707 nona
635 644 814 708 Conclusio.

216 763 472 824 Sacramenta
506 768 596 824 novi
635 763 863 824 testamenti
896 759 1059 841 promit·

134 852 222 906 tunt
244 846 438 922 omnibus,
473 846 563 907 daut
592 864 683 906 vero
705 846 829 905 solum
852 842 1060 904 credenti·

135 928 202 989 bus
234 931 409 1008 gratiam.
463 929 628 990 Probatur:
662 928 741 1004 Quia
775 927 898 988 verbum
932 925 988 986 Dei
1027 931 1060 986 et

135 1013 310 1091 promissio,
332 1013 412 1071 sicut
432 1014 522 1072 etiam
547 1021 740 1072 sacramenta
763 1010 903 1070 omnibus
926 1007 1059 1069 oderun-

134 1104 192 1172 tur,
214 1094 314 1174 dignis
337 1103 367 1155 et
379 1095 520 1176 indignis,
565 1096 720 1154 Vocantur
735 1112 843 1154 omnes
865 1092 904 1152 ad
927 1091 1062 1171 nuptias,

134 1179 213 1238 sicut
233 1179 349 1253 vestiti,
371 1180 413 1238 ita
435 1198 496 1239 uon
520 1180 619 1238 vestiti
643 1185 729 1238 veste
752 1175 895 1255 nuptiali,
922 1173 978 1234 sad
1001 1172 1060 1234 soli

136 1260 298 1321 credentes
321 1262 475 1341 accipiunt
488 1263 628 1340 gratiam,
651 1280 718 1320 cum
737 1257 875 1319 sinefldo
897 1259 936 1317 sit
946 1258 1061 1337 impos·

135 1343 222 1403 sibile
253 1343 375 1423 placere
403 1345 481 1406 Deo.
531 1344 562 1405 Si
589 1346 668 1404 enim
698 1343 786 1404 Rom.
819 1344 857 1404 14
884 1340 969 1400 cibus
991 1356 1060 1400 oor-

134 1427 249 1505 poralis
272 1426 411 1504 damnat,
438 1429 463 1487 si
485 1434 574 1501 extra
596 1426 687 1487 fidem
711 1424 926 1497 manducatur,
949 1429 983 1482 ut
1003 1421 1058 1481 ibi·

135 1508 203 1570 dem
228 1509 314 1569 dicit:
338 1507 396 1584 Qui
412 1516 514 1569 autem
528 1509 652 1584 iudicat,
675 1511 698 1567 si
713 1506 953 1584 manducaverit,
976 1505 1063 1566 dum·

135 1599 308 1667 natusest,
331 1611 423 1652 omne
443 1593 542 1670 enirn,
571 1591 653 1671 quod
677 1611 737 1652 non
761 1599 807 1650 est
829 1609 869 1650 ex
891 1587 967 1664 lide,
990 1605 1060 1668 pac-

136 1681 236 1735 catum
260 1683 323 1748 est,
352 1683 467 1752 quanto
491 1678 589 1755 magis
611 1677 635 1734 si
660 1683 746 1735 extra
768 1672 859 1733 fldem
881 1689 1060 1731 sacramen·

134 1762 198 1817 tum
222 1759 400 1835 perceperit.
443 1757 501 1818 Hic
529 1759 609 1818 enim
634 1756 770 1820 Christus
798 1756 879 1816 dicet
900 1753 1059 1814 omnibus:

134 1837 219 1900 Sicut
240 1839 412 1916 credidisti,
445 1842 490 1899 sic
512 1840 567 1901 liat
598 1842 661 1900 tibi.
705 1839 827 1901 Scilicet
859 1840 884 1897 si
907 1836 1006 1898 credis
1030 1847 1061 1896 te
1112 1886 1120 1895 ,

132 1924 261 2001 gratiam
274 1924 406 2002 assequi,
430 1926 645 2002 consequeris,
666 1924 711 1983 sin
725 1930 836 1991 autem,
852 1917 1059 1982 damnaberis.

330 2056 483 2117 vicesima
505 2056 671 2118 Conclusio
694 2064 725 2118 ct
747 2056 861 2117 ultima.

218 2174 343 2234 Recte
366 2174 510 2234 dietum
534 2181 608 2252 est,
639 2182 885 2235 sacramenta
907 2172 1058 2232 veteris

134 2259 363 2317 testamenti
401 2275 473 2316 non
512 2257 784 2331 iustificasso,
823 2255 982 2315 etiamsi
1018 2254 1057 2314 iu

133 2338 268 2398 tideet
289 2341 460 2400 caritate
481 2340 632 2403 fierent.
667 2340 917 2420 Haecpatentex
932 2336 1060 2399 conclu·

134 2422 221 2481 sione
246 2419 301 2498 133
324 2423 395 2500 quis
406 2421 457 2482 illa
470 2429 663 2484 sacramenta
676 2431 728 2482 aut
740 2421 854 2482 fiebant
866 2429 938 2480 ante
955 2417 1061 2490 fldern,

135 2511 188 2563 aut
208 2516 279 2581 post
302 2504 400 2566 fidem.
446 2503 476 2564 Si
509 2511 581 2564 ante
613 2504 721 2578 fidem,
754 2504 826 2564 nihil
858 2503 997 2563 fecerunt
1018 2501 1058 2562 ad

136 2585 397 2659 ludificationem,
433 2605 523 2666 quam
557 2586 622 2648 sola
649 2586 725 2646 fides
747 2587 858 2662 donat,
889 2595 923 2645 ut
944 2585 1059 2645 dictum

136 2675 196 2740 eutr
219 2671 243 2728 si
266 2677 337 2749 post
359 2668 460 2743 iidem,
481 2671 541 2729 iam
565 2676 650 2729 erant
672 2688 767 2750 opera
789 2680 819 2729 et
837 2668 951 2728 fructus
974 2669 1057 2727 iusti·

134 2749 296 2826 flectionis,
320 2771 379 2811 noo
394 2763 494 2812 antem
518 2752 762 2813 iustificationem
780 2752 943 2812 iaciebant.
987 2749 1056 2812 Non

136 2835 215 2893 enim
237 2836 334 2894 iustus
357 2843 437 2900 erat.¹
467 2836 538 2913 quia
559 2835 612 2895 illa
634 2835 783 2909 faciebat,
816 2835 870 2894 sed
903 2833 955 2892 illa
988 2832 1059 2894 idco

135 2919 215 2977 iusta
237 2925 338 2994 eraut,
372 2919 443 2995 qnia
465 2915 643 2977 iustificatos
667 2915 833 2995 perfidem
857 2935 892 2976 eu
916 2914 1059 2975 iaciebat.

136 2997 222 3059 Siout
244 3001 436 3060 consecratio
465 3000 568 3059 altaris
598 3018 659 3060 non
681 3000 754 3061 facit
775 3000 971 3079 episcopum,
1004 2997 1060 3058 sed

136 3084 301 3160 episeopus
323 3082 395 3141 facit
418 3083 692 3142 consecrationem.
736 3082 776 3142 Et
796 3083 875 3141 sicot
897 3098 1059 3140 consecra·

58 3189 65 3198 ’
135 3165 189 3233 tio,
212 3166 329 3224 etiarnsi
343 3162 430 3224 fieret
442 3165 479 3224 ab
492 3165 641 3244 episcopo
654 3164 794 3224 omnibus
809 3163 945 3223 vestibus
961 3163 1060 3224 sacris

135 3245 241 3306 induto
265 3256 295 3305 et
306 3249 409 3307 omnia
424 3247 567 3324 requisita
581 3246 714 3312 facienti,
737 3254 912 3306 nontamen
927 3264 981 3324 per
1002 3244 1063 3305 hoc

135 3328 250 3389 iaceret
284 3330 462 3409 episcopum
500 3348 569 3389 esse
610 3332 808 3410 episcopum,
849 3328 903 3387 sed
943 3328 1061 3406 episco-

135 3414 274 3492 pusiam
298 3420 361 3489 est,
394 3414 434 3470 ita
457 3412 507 3471 illa
532 3431 641 3491 opera,
677 3410 910 3491 quamtumlibet
939 3411 1059 3471 aiusto

135 3492 264 3570 flebant,
296 3513 357 3554 non
388 3494 540 3555 faciebant
569 3495 697 3570 iustum,
732 3494 786 3555 sed
809 3496 869 3554 iam
892 3491 1061 3573 perfidem

134 3577 232 3637 iustus
268 3584 350 3656 arat,
387 3578 438 3654 qui
478 3577 528 3636 illa
570 3577 710 3638 faciebat.
772 3576 859 3637 Adeo
893 3584 991 3635 totum
1029 3575 1058 3634 in

137 3657 197 3719 ilde
218 3661 319 3722 intusa
339 3659 454 3740 Pendet
482 3661 650 3740 negotium.
698 3659 777 3720 Male
809 3677 883 3737 orgo
914 3658 1062 3718 damnant

137 3742 316 3825 Magistrum
338 3743 375 3805 D.
398 3743 574 3805 scholastici
595 3744 626 3805 in
648 3744 736 3805 huius
748 3741 969 3825 propositionis
992 3758 1059 3802 sau·
