2392 4170
406 231 440 286 D.
459 233 493 287 ll.
512 232 590 287 Luth.
608 233 794 289 praeludium.
1022 235 1079 323 31.Ἰ

132 393 216 466 snut,
241 405 334 466 quam
357 385 505 447 dicendo:
536 387 603 448 Hoc
631 396 678 448 est
699 389 968 470 Viglephisticnm,
990 389 1066 451 Hus-

132 472 269 550 siticnm‚
293 469 493 532 haereticum.
536 470 605 531 Hoc
632 473 713 531 enim
741 471 861 533 elumbe
888 474 919 532 in
947 493 1066 534 summa

133 573 260 633 semper
281 559 370 613 natat
391 554 499 630 saliva,
522 559 614 632 atque
637 554 720 614 aliud
743 555 826 636 nihil,
849 557 908 638 nbi,
931 559 956 616 si
978 563 1066 636 petas

133 639 338 716 scripturam,
373 637 493 696 dicunt:
528 636 592 696 Nos
626 640 670 696 sic
699 640 845 698 sentimus
876 649 906 698 et
934 641 1067 702 ecclesia

137 723 185 789 lid
209 727 273 796 est,
302 721 459 799 nosipsi)
490 721 535 778 sio
558 719 785 799 determinavit,
816 722 894 781 adeo
925 723 1065 785 homines

133 803 259 883 reprobi
283 803 365 863 circa
386 802 477 862 fidem
501 810 532 862 et
558 803 751 864 incredibiles
775 805 863 865 nobis
893 825 949 865 sna
971 807 1065 885 phan-

133 893 270 946 tasmata
293 888 457 946 autoritate
472 886 624 946 ecclesiae
641 906 697 967 pro
722 888 856 948 articulis
868 887 937 948 fidei
951 890 1066 950 audent

132 967 365 1048 proponerelj.

219 1051 277 1110 Est
298 1061 399 1111 autem
425 1070 512 1111 mene
533 1053 703 1112 sententiae
726 1055 803 1113 ratio
822 1073 943 1133 magna,
965 1056 1065 1135 impri-

135 1136 193 1193 mis
215 1133 289 1210 illc,
312 1134 394 1213 qnod
426 1135 524 1194 verbis
546 1134 655 1194 divinis
687 1154 748 1195 non
772 1145 819 1196 est
842 1137 904 1196 nlla
925 1139 1066 1198 facienda

134 1220 197 1294 vis,
221 1235 324 1295 neque
345 1236 400 1295 per
420 1217 589 1286 hominem,
618 1236 717 1297 neque
740 1238 794 1297 per
816 1219 974 1299 angelum,
998 1220 1064 1298 sed,

135 1307 285 1378 quactum
308 1298 372 1359 fieri
395 1306 512 1379 potest,
540 1302 571 1359 in
594 1299 819 1380 simplicissima
842 1302 1066 1381 significatione

135 1382 289 1443 servanda
300 1390 381 1459 sunt,
404 1389 452 1461 et,
467 1383 525 1443 nisi
538 1384 698 1444 manifesta
722 1386 949 1444 circumstantia
962 1395 1065 1465 cogat,

135 1477 221 1526 extra
258 1466 491 1546 grammaticam
527 1473 557 1527 et
580 1469 752 1547 ‚propriam
789 1468 970 1548 accipienda
1002 1488 1064 1529 non

134 1557 218 1626 sunt,
246 1567 288 1608 ne
309 1547 398 1609 detur
419 1547 601 1609 adversariis
624 1551 749 1610 occasio
774 1552 944 1610 nniversam
969 1553 1064 1631 scrip·

134 1639 232 1692 turam
256 1630 409 1691 eludendi.
456 1630 525 1707 Quo
554 1634 683 1693 oonsilio
712 1643 795 1693 recte
818 1633 967 1713 Origenes
990 1635 1063 1694 olim

136 1715 313 1796 repudiatus
337 1725 393 1792 est,
416 1715 498 1793 quod
520 1715 602 1796 ligna
625 1726 656 1776 et
678 1718 791 1789 omnia,
814 1713 894 1798 qnae
917 1718 955 1777 de
976 1736 1064 1797 para·

137 1798 199 1859 diso
224 1798 409 1872 scribuntur,
431 1800 632 1877 grammatica
644 1800 799 1859 locutione
823 1807 1010 1879 contempta,
1032 1801 1062 1859 in

136 1882 300 1963 allegorias
324 1882 455 1958 verterit,
478 1901 546 1942 cnm
570 1882 641 1945 hinc
663 1884 762 1962 possit
784 1882 864 1957 duci,
894 1883 978 1963 ligna
1000 1901 1062 1943 non

134 1984 201 2026 esse
224 1972 331 2025 creata
358 1984 376 2025 c
402 1964 476 2026 Deo.
521 1965 566 2025 Ita
595 1973 625 2025 et
651 1965 716 2043 hic,
751 1985 820 2024 cnm
852 1966 1062 2044 evangelistae

134 2050 213 2110 clare
235 2047 386 2125 scribant,
416 2047 567 2108 Christum
591 2050 750 2128 accepisse
771 2068 884 2128 panem
912 2068 950 2109 ac
972 2048 1061 2109 bene·

134 2131 257 2210 dixisse,
281 2140 314 2191 et
324 2133 455 2192 Actuum
478 2131 562 2208 liber,
586 2138 616 2192 et
630 2131 740 2191 Paulus
764 2132 924 2212 apostolus
947 2141 1060 2211 pan'em

133 2216 278 2294 deinceps
307 2215 479 2294 appellent,
507 2233 611 2274 verum
644 2224 764 2294 oportet
787 2215 915 2295 intelligi
939 2235 1060 2297 panem,

135 2317 302 2377 verumque
325 2298 438 2375 vinum
459 2299 537 2358 sicut
565 2317 669 2358 verum
698 2299 837 2358 calicem.
882 2299 951 2359 Non
980 2301 1060 2359 enim

135 2383 261 2442 calicem
284 2381 677 2442 transsubstantiationem
705 2382 761 2462 ipsi
792 2381 905 2442 dicunt.
953 2383 1062 2443 Trans·

135 2464 420 2526 snbstantiationem
449 2483 521 2524 vero
550 2470 702 2545 potestate
724 2464 826 2524 divina
848 2466 958 2526 lactem
993 2486 1062 2527 cnm

72 2552 78 2570 '
139 2568 193 2609 con
218 2549 261 2608 sit
282 2566 410 2608 necesse
431 2549 514 2627 poni,
536 2566 592 2628 pro
609 2545 756 2626 figmento
770 2549 922 2609 humanae
945 2552 1063 2629 opinio·

135 2634 175 2692 nis
198 2631 325 2707 haberi,
354 2631 425 2710 quia
446 2631 528 2691 nulla
551 2632 715 2710 scriptura,
745 2632 829 2692 nulla
850 2634 970 2693 ratione
991 2635 1063 2694 niti·
1105 2639 1110 2651 ’

133 2723 187 2793 tur,
210 2722 245 2774 nt
268 2712 450 2776 ridebimus·

215 2796 361 2858 Absurde
381 2804 428 2858 est
461 2815 534 2876 ergo
558 2802 588 2857 et
610 2816 691 2857 nova
715 2795 876 2857 verborum
898 2799 1065 2879 impositio,

135 2901 247 2961 panem
281 2900 338 2960 pro
366 2881 470 2960 specie
503 2880 554 2941 vel
583 2880 793 2941 accidentibus
822 2882 928 2960 panis,
961 2883 1064 2941 vinum

135 2984 189 3045 pro
200 2963 363 3044 specicvel
374 2964 651 3024 accidentibusvini
659 2965 765 3043 accipi.
785 2964 1066 3024 Curnonetomnia

133 3048 193 3106 alia
215 3065 271 3127 pro
294 3047 456 3125 speciebus
468 3057 499 3105 et
512 3045 721 3106 accidentibus
736 3047 912 3126 accipiunt?
935 3047 1066 3121 Quodsi

134 3137 236 3190 cetera
259 3131 365 3190 omnia
379 3136 565 3205 constarent,
588 3138 763 3190 nontamen
779 3130 885 3189 liceret
901 3131 995 3189 verba
1008 3129 1065 3188 Dei

135 3215 180 3273 sic
201 3213 335 3289 elevare,
357 3219 479 3272 etcum
503 3219 588 3274 tanta
608 3213 717 3272 iniuria
744 3213 805 3272 suis
835 3212 1064 3292 significationi·

133 3295 190 3356 bns
212 3296 374 3358 exinaniri.

218 3378 281 3440 sed
303 3388 334 3438 et
348 3378 482 3439 ecclesia
505 3378 584 3439 ultra
606 3377 688 3438 mille
700 3377 848 3438 ducentos
872 3397 970 3438 annos
983 3384 1066 3438 recte

137 3462 275 3540 credidit,
297 3480 356 3522 nec
377 3479 518 3540 usquam,
541 3480 755 3540 necunquam
777 3460 815 3522 de
838 3462 898 3521 ista
912 3460 1067 3522 transsub-

137 3546 335 3606 stantiatione
359 3551 560 3625 (portentoso
573 3545 690 3605 scilicet
707 3544 859 3605 vocabulo
872 3552 902 3604 et
924 3545 1063 3622 somnio)

139 3630 343 3690 meminerunt
364 3627 394 3689 S.
406 3628 522 3706 Patres,
545 3626 645 3690 donec
668 3628 771 3706 coepit
780 3627 952 3688 Aristotelis
974 3629 1065 3689 simu-

194 3766 224 3837 1)
244 3765 276 3820 Iu
296 3766 340 3822 ed.
359 3769 435 3822 Jen.:
456 3765 614 3821 obtrudere.
