2392 4170
139 240 183 314 92
492 250 584 307 mou·
602 248 715 306 maen

141 430 329 512 telligendo,
357 433 445 512 qnasi
467 432 552 494 Dens
579 433 724 496 invidiam
751 440 783 493 et
811 434 888 494 iram
916 436 1063 493 creasset

140 514 181 577 Et
200 516 287 576 multi
309 516 361 578 alii
389 538 508 580 errores
531 518 655 583 nefandi
676 525 805 600 possent
831 518 877 578 sic
898 538 939 579 ex
959 516 1062 597 Scrip

139 605 209 661 tura
231 619 410 683 emergere,
440 603 623 684 sillogistri
651 623 714 664 non
743 602 907 683 vigilarent
933 608 967 662 et
994 620 1062 682 per·

139 685 296 745 mitterent
314 687 428 747 nudam
449 686 636 768 scripturam
658 687 804 767 allegare.

223 767 291 829 llec
324 770 407 832 valet
435 772 556 847 dicere,
584 772 667 852 quod
693 770 850 850 Scriptura
878 776 926 829 est
951 770 983 829 iu
1005 768 1063 829 ali-

141 851 252 930 quibus
272 852 347 913 locis
369 862 486 934 aperta,
507 858 580 934 quia
604 856 665 916 iam
690 854 854 935 probatum
868 858 916 914 eet
936 854 1062 935 opposi-

141 945 204 994 tum
233 956 274 995 ex
313 935 410 998 Gene.
440 939 476 1013 1,
509 939 560 999 ubi
592 937 712 998 videtur
749 937 943 1018 apertissima
981 956 1061 999 csse.

139 1017 241 1079 Mam
263 1018 344 1095 ideo,
366 1022 439 1100 quia
459 1030 575 1084 certum
598 1028 646 1083 est
657 1021 844 1102 Scriptorum
865 1020 1062 1083 alicubiesse

139 1099 322 1181 obscuram,
349 1124 424 1184 ergo
452 1106 564 1185 ubique
596 1112 681 1166 tenet
703 1105 940 1184 consequentia:
980 1103 1063 1180 Quia

139 1190 186 1247 est
205 1185 320 1266 ubique
332 1187 469 1249 eiusdem
482 1191 620 1259 rationis,
643 1188 756 1268 ubique
776 1195 824 1248 est
836 1207 919 1263 vera,
941 1194 1060 1265 aneta,

139 1276 268 1350 ergoet
300 1270 575 1351 ubique-obscura.
618 1272 704 1334 Sicut
723 1274 753 1331 in
778 1272 868 1332 simili
895 1270 971 1332 dicit
991 1270 1062 1331 An·-

139 1353 266 1414 stoteles
287 1353 327 1414 de
352 1355 566 1436 homogeniis,
595 1355 676 1436 qnod
706 1363 809 1435 partes
837 1355 995 1416 imitantur
1015 1360 1061 1415 to

140 1440 215 1514 tum,
236 1438 316 1497 sicut
342 1458 423 1518 aqua
445 1446 494 1500 est
524 1446 591 1500 tota
611 1439 738 1500 humida
758 1445 790 1498 et
810 1437 962 1515 rotunda,
984 1456 1060 1517 ergo

138 1525 171 1580 ct
193 1525 299 1598 guttae
328 1530 400 1582 sunt
428 1523 572 1584 humidae
603 1530 635 1583 et
665 1521 827 1584 rotundae.
871 1521 956 1580 Bene
984 1539 1060 1601 ergo

138 1602 210 1662 iecit
229 1604 362 1679 Eccius,
384 1606 508 1684 quaudo
529 1606 652 1686 Lipsiae
672 1624 735 1666 non
759 1605 857 1665 voluit
887 1603 1061 1684 Scripturas

137 1686 245 1747 andire
275 1707 315 1747 ex
335 1687 485 1765 luthero,
511 1689 566 1750 sed
589 1690 705 1770 exegit,
735 1696 769 1749 ut
794 1708 850 1748 sua
878 1692 909 1748 et
936 1688 1059 1748 Petrum

138 1771 293 1848 expositio
319 1771 484 1834 audiretur.
531 1774 627 1834 Recte
656 1779 688 1833 et
715 1772 923 1852 Hieronymus
951 1770 1061 1831 Emser

137 1851 223 1929 iacit,
245 1855 370 1932 qnando
392 1856 505 1936 probat
525 1858 612 1916 iuxta
632 1855 689 1915 has
710 1855 847 1936 regulas,
869 1851 1059 1933 scripturam

136 1954 207 1996 csse
229 1935 408 2015 obscuram,
430 1959 504 2019 crgo
528 1938 660 1998 luthero
683 1958 746 1999 non
769 1956 838 1998 esse
860 1935 1058 1999 credendum.

219 2021 283 2081 lmo
307 2023 408 2082 uidete
423 2024 638 2107 nenessitatem
660 2021 829 2082 mirabilem
843 2021 1058 2100 blagistrorum
1118 2044 1125 2055 ·

136 2108 322 2163 nostrornm.
365 2103 433 2166 Nec
464 2112 566 2166 textus
588 2105 706 2165 Bibliae
734 2112 887 2179 maneret,
918 2104 976 2164 uisi
1000 2103 1058 2183 ipsi

137 2193 250 2246 meent.
308 2187 410 2266 Ecce,
441 2189 565 2268 quidam
598 2208 666 2247 cum
703 2188 821 2268 legeret
855 2186 1059 2266 Evangeliunr

136 2268 238 2328 Lucae
260 2272 289 2331 7.
312 2269 362 2330 ubi
384 2273 529 2352 scriptum
553 2278 613 2332 est:
636 2271 741 2332 Simou
758 2270 852 2330 habet-
872 2269 925 2330 tibi
943 2268 1059 2348 aliquid

136 2351 250 2430 dicere,
271 2352 426 2433 Magister,
448 2354 512 2431 dio,
543 2357 612 2435 ipse
634 2353 792 2435 deceptus,
822 2373 876 2433 per
898 2353 1017 2413 literam
1040 2351 1058 2412 d

136 2435 260 2512 poetice
287 2444 320 2496 et
343 2438 496 2499 haeretice
518 2439 673 2516 scriptam,
706 2445 818 2517 putans
855 2455 924 2496 esse
947 2455 964 2494 c
986 2435 1059 2512 etl,

136 2516 212 2596 legit
232 2519 292 2578 sio:
321 2519 426 2581 Simon
449 2521 543 2582 babet
564 2520 617 2581 tibi
640 2521 754 2599 aliquid
778 2520 911 2596 elicere,
939 2526 971 2578 et
991 2518 1058 2579 ille:

135 2599 289 2680 Magister,
313 2600 380 2667 clio.
412 2604 498 2664 Alius
514 2604 619 2681 legere
640 2603 759 2663 debuit:
783 2604 901 2681 Regem
925 2608 1058 2662 vestrum

136 2683 333 2764 crucifigam,
362 2694 393 2748 et
426 2687 514 2768 legit:
550 2688 665 2764 Regem
702 2694 835 2747 vestrum
872 2684 1058 2765 crucifigam,

135 2769 272 2828 maximo
295 2789 406 2834 errore.
443 2771 519 2832 ltem
542 2770 620 2831 alins
643 2769 748 2830 decem
763 2789 849 2829 muas
871 2788 927 2848 pro
950 2767 1057 2829 decem

135 2869 232 2914 mnas.
277 2852 317 2911 ldt
352 2854 427 2915 talia
460 2854 564 2915 multa.
612 2853 696 2931 Ergo
727 2852 897 2913 cavendum
930 2873 949 2912 a
977 2849 1060 2913 nuda

134 2931 290 3077 ¹Scridptura
311 2935 423 3017 valde,
457 2944 489 2998 et
519 2957 575 3017 pro
604 2936 816 3012 ealllagistris
847 2936 959 2995 nostris
982 2935 1059 3014 vigi·

145 3036 184 3076 au
209 3036 269 3078 um.

216 3099 304 3175 ltem,
325 3120 395 3161 cum
412 3102 562 3163 Lutherus
573 3109 702 3182 negaret
721 3103 751 3162 in
764 3101 927 3181 Scripturis
949 3119 1057 3181 pnrga-

134 3182 244 3241 torinm
266 3184 389 3263 probari
419 3192 547 3264 aperte,
578 3193 626 3246 est
655 3186 818 3245 conclusus
847 3204 903 3264 per
936 3183 1058 3263 exposi-

133 3264 248 3326 tionem
272 3266 486 3346 blagistrorum
502 3276 688 3346 nostrorum,
710 3286 804 3346 super
817 3267 913 3326 illud:
934 3267 1058 3327 Transi·

134 3347 232 3408 vimus
246 3352 415 3430 perignem
431 3358 461 3410 et
475 3370 594 3432 aquam.
619 3352 658 3411 Et
672 3371 726 3431 per
739 3349 813 3410 illud
829 3354 857 3412 1.
871 3348 1008 3410 Corinth.
1022 3350 1058 3414 3:

133 3428 244 3492 Salvus
261 3434 327 3510 erit,
341 3436 385 3493 sic
396 3442 510 3515 tamen,
525 3435 610 3513 quasi
624 3436 800 3514 perignem.
822 3433 863 3492 Et
878 3433 990 3495 Psalm.
1002 3434 1057 3497 16:

133 3512 206 3594 lgna
228 3534 277 3573 me
310 3518 502 3580 examinasti.
536 3518 568 3579 Si
591 3518 671 3577 enim
694 3518 744 3578 hic
767 3515 865 3576 nudas
883 3515 1057 3597 Scripturas

133 3614 350 3675 sequeremur,
377 3600 451 3661 nihil
480 3602 670 3681 probaretur.
720 3600 795 3660 ltam
829 3597 922 3659 illud:
957 3598 1057 3659 Pasce

133 3697 209 3740 oves
229 3700 330 3757 meas,
352 3684 378 3743 si
412 3686 478 3745 sine
508 3685 639 3764 liripipio
663 3684 767 3764 aliquo
804 3682 969 3762 allegatur,
992 3701 1054 3743 non

132 3762 286 3845 significat
306 3767 459 3847 papisare,
476 3767 530 3828 sed
545 3767 757 3848 evangelisare
768 3765 888 3826 videtur
911 3765 1055 3826 eiusesse
