2392 4170
152 254 195 322 82
497 254 594 312 Ludna
612 248 725 312 Lntheri
779 278 781 282 ·

154 428 238 509 dicit,
260 428 386 490 Decane
408 445 465 488 roa
487 428 570 507 entia,
593 426 793 509 intendendo,
817 426 900 506 qnod
923 446 964 488 ex
997 427 1078 489 cani·

152 512 210 573 bue
232 512 295 571 nati
317 529 432 590 eumue,
455 517 502 571 eet
523 510 759 575 eo’ntumelioea.
802 509 842 570 Et
865 512 896 571 in
925 529 964 572 eo
991 511 1075 591 qnod

153 593 293 673 intendit,
315 612 376 655 non
399 593 493 654 licere
513 594 613 674 irasci,
635 601 683 654 eet
702 594 798 674 impia
819 599 851 654 et
881 595 972 655 nimie
1004 613 1076 656 one-

152 678 250 738 rativa
270 677 350 758 legia
374 675 574 738 Christianae.
823 685 825 689 “

236 758 293 842 13)
318 759 386 820 Ηοο
407 761 498 820 etiam
520 759 683 839 Homerus,
705 759 777 821 lieet
799 778 921 840 caecus,
943 759 1029 822 vidit.

237 843 322 903 llaec
342 843 516 923 Propositio
539 848 587 903 eet
607 842 766 903 manileete
782 842 871 923 talea,
893 850 925 903 et
941 841 1077 923 philoeo·

152 926 243 1006 ph-iae
265 926 428 1006 contraria,
449 927 480 986 in
502 944 540 986 eo
564 925 648 1005 quod
670 925 753 1004 dicit,
782 944 894 987 caecus
914 925 1000 1005 vidit,
1028 927 1076 987 tri·

152 1009 248 1069 haene
269 1015 370 1070 actum
394 1009 560 1088 positivum
583 1010 773 1090 privationi,
787 1011 839 1089 qni
868 1016 916 1071 eet
944 1007 1074 1084 coinel)

152 1091 281 1167 habitus,
304 1098 338 1152 ut
358 1090 541 1153 Aristotelea
564 1091 645 1154 dicit.

234 1173 290 1257 tl)
314 1175 424 1236 Peiora
445 1176 577 1240 vincere.
839 1223 843 1231 .

233 1257 319 1318 llaec
339 1258 512 1338 Propositio
535 1265 581 1318 eat
601 1258 680 1319 falsa
702 1263 733 1317 et
753 1257 857 1338 impia.
906 1257 947 1319 Et
975 1259 1007 1319 in
1036 1278 1074 1321 eo

150 1339 233 1420 quod
249 1359 362 1422 graece
384 1343 498 1421 scripta
520 1346 568 1401 eat
586 1347 731 1421 suspecta
752 1339 791 1400 de
808 1340 938 1405 haeresi.
981 1342 1021 1402 ldt
1042 1343 1073 1404 in

149 1423 210 1485 hoc
232 1423 314 1502 quod
337 1423 482 1504 intendit,
507 1424 620 1484 melum
653 1442 721 1483 esee
753 1423 861 1484 lortius
892 1423 993 1501 bono,
1025 1434 1075 1485 eet

151 1506 330 1586 blasphema
351 1507 381 1565 in
405 1506 521 1585 Deum,
556 1508 608 1586 qni
643 1512 691 1566 eet
722 1505 838 1566 bonum
867 1510 1074 1587 omnipotens.

150 1587 296 1650 Similiter
319 1595 351 1649 et
372 1607 500 1650 erronea
522 1590 553 1649 in
576 1588 783 1670 philosophia,
807 1590 879 1669 quia
900 1590 1014 1651 malum
1030 1600 1077 1651 eet

29 1684 32 1689 ’
149 1671 238 1751 nihil,
261 1671 315 1733 eed
337 1671 412 1733 nihil
434 1690 496 1732 non
518 1678 623 1752 potest
653 1670 767 1750 aliquid
796 1673 929 1739 vincere,
978 1672 1019 1734 Et
1044 1675 1075 1734 in

148 1754 211 1815 hoe
231 1753 314 1834 quod
336 1755 475 1833 intendit,
498 1774 555 1816 noe
573 1774 643 1817 eeee
661 1756 795 1835 peioree,
818 1762 865 1816 eat
882 1755 1076 1836 detractorie,

104 1864 108 1870 ·
150 1836 312 1918 derogativ
365 1844 398 1899 et
417 1839 535 1919 piarum
557 1840 676 1899 aurium
699 1837 858 1901 offeneira.

233 1924 291 1998 15)
313 1857 402 1996 aQuid
434 1920 474 1982 ad
508 1940 582 2000 noa,
618 1919 694 2002 quid
724 1920 906 1983 Aristotelea
936 1923 1074 2004 impurus

148 2002 243 2065 horno
265 2003 370 2065 dicat?
620 2009 632 2042 ·’
855 2038 858 2043 -

230 2087 316 2148 liaeo
336 2087 511 2168 Propositio
529 2091 578 2149 eet
599 2086 786 2148 detractorie
807 2085 955 2168 principie
976 2089 1072 2169 philo·

148 2169 326 2249 sophorum.
368 2170 409 2231 Et
429 2171 459 2230 in
483 2189 538 2251 eo,
561 2170 644 2250 quod
667 2169 760 2250 dicit,
785 2190 853 2232 eum
886 2190 949 2233 non
977 2171 1072 2233 iuieee

149 2252 454 2333 purumhominem,
481 2253 700 2333 intendendo,¹
721 2252 804 2334 quod
838 2255 951 2316 mixtus
984 2255 1074 2316 fuerit

150 2335 284 2416 diaholo,
307 2343 354 2396 eet
376 2337 535 2398 manifeste
568 2337 646 2397 falsa
674 2345 705 2397 et
737 2337 829 2398 etulte
862 2346 989 2399 aeserta.
1033 2338 1072 2399 tlt

149 2435 205 2497 pro
219 2427 334 2498 quanto
351 2421 414 2480 vult
431 2420 659 2501 philosophiam
682 2439 750 2480 esse
771 2421 933 2502 impuram,
952 2427 1005 2482 eet
1025 2440 1071 2482 aa·

149 2507 230 2562 serta
245 2503 283 2563 ab
296 2503 419 2564 inimico
441 2504 588 2563 scientiae
610 2507 642 2563 et
662 2503 835 2585 ignorante,
858 2507 929 2584 quia
944 2506 1072 2567 scientia

148 2602 210 2646 non
232 2585 326 2646 habet
346 2587 500 2647 inimicum
524 2586 582 2645 niei
605 2587 812 2665 ignorantem,
836 2588 878 2648 ait
899 2607 993 2668 purus
1019 2589 1072 2648 ille

147 2667 241 2729 homo
264 2668 463 2750 Aristotelea,
486 2668 763 2750 praeclarissimum
781 2669 901 2731 'lumen
934 2679 1071 2752 naturae,

148 2750 316 2812 secundum
346 2760 483 2813 nostrum
513 2759 701 2833 compatrem
714 2750 746 2830 ²)
781 2751 920 2819 Electum.
970 2754 1011 2815 Et
1039 2757 1070 2816 in

147 2833 207 2894 hoc
229 2834 311 2914 qnod
333 2836 406 2914 vult,
428 2855 489 2897 non
515 2836 611 2896 teneri
632 2837 795 2896 autoritate
817 2836 1003 2917 Aristotelia,
1025 2845 1072 2900 eet

148 2919 310 2978 manifecte
332 2927 493 2998 proterva,
530 2920 672 2999 pertinax
705 2925 736 2979 et
767 2919 1003 2982 irreverentialie
1037 2923 1067 2982 in

147 3008 242 3061 totam
265 3002 454 3063 Facultatem
476 3002 594 3063 Artium
618 3010 649 3061 et
669 3001 868 3082 Theologiae.

229 3083 287 3167 16)
311 3084 412 3167 Signia
434 3105 497 3146 non
521 3085 682 3167 oredimus,
707 3085 762 3145 sed
785 3083 960 3167 Scripturis.

229 3166 314 3228 Haeo
336 3168 510 3250 Propositio
533 3176 580 3228 eet
602 3168 761 3228 manifeste
778 3172 951 3249 temeraria,
973 3170 1069 3233 rebel-

146 3248 206 3309 lem
228 3250 367 3312 indicans
389 3253 525 3314 animum
550 3258 581 3312 et
614 3253 799 3313 contrarium
815 3251 940 3332 Spiritui
962 3262 1071 3316 saneto

146 3339 177 3392 et
200 3334 295 3413 eignie
317 3336 393 3417 eine,
416 3354 485 3395 cum
508 3336 635 3396 historia
656 3335 859 3397 Lombardica
887 3343 919 3398 et
938 3337 1071 3399 Vincen-

145 3416 204 3476 tiue
225 3417 255 3477 in
278 3436 334 3478 eno
357 3419 484 3500 speculo
507 3418 729 3499 exemplorum,
762 3424 793 3479 et
816 3420 959 3482 monachi
982 3421 1070 3482 Prae

146 3497 298 3562 dicatorea
329 3503 360 3561 in
396 3521 453 3563 auo
482 3502 613 3564 Rotario
647 3502 720 3562 eolis
754 3503 849 3581 signis
885 3510 1009 3566 utantur
1030 3504 1070 3567 ad

144 3582 347 3663 probandum.

217 3754 249 3821 l)
268 3753 300 3809 In
318 3753 362 3811 ed.
382 3757 453 3814 len:
472 3756 570 3813 eolica.
606 3755 640 3827 2)
663 3755 694 3812 ln
713 3753 756 3814 ed
776 3755 864 3830 origo
888 3763 1070 3830 etiamnum.
