2392 4170
443 275 575 337 ministris
592 273 735 338 austasius.
962 332 968 349 ,
987 251 1049 341 Ι222

132 440 197 519 εἰη
213 436 341 506 dosebit
362 412 435 505 eum
460 442 572 507 omnia.
616 441 657 506 lit
677 441 831 507 Iohannes
852 441 910 505 aits
935 436 1049 505 iinotio

132 528 197 588 eius
220 526 343 590 donabit
360 547 416 589 vos
430 529 543 603 omnia,
566 527 626 589 boe
638 534 693 599 est,
717 531 790 590 utin
807 547 928 588 summa
940 525 1051 603 dicam,

133 609 323 681 Christianus
345 612 388 674 ita
409 618 510 674 sertus
532 619 589 690 est,
613 611 684 693 quid
708 612 834 674 eredere
851 619 882 673 et
903 631 964 672 uon
988 628 1051 671 ore·

134 694 206 757 ders
231 695 358 766 debeat,
385 704 417 758 ut
444 698 535 759 etiam
559 715 614 778 pro
646 716 684 757 eo
717 698 784 775 ipso
808 697 968 774 moriatur,
1001 698 1052 755 aut

133 779 242 841 saltem
261 780 342 842 mori
364 788 489 861 paratus
512 781 559 841 sit

216 887 315 964 Nune,
337 892 479 967 rogote,
502 874 580 967 duas
600 892 647 948 est
667 886 751 948 frons
773 882 977 967 Papista'rum‚
1000 884 1051 962 qui

133 971 263 1031 iactant:
295 964 404 1032 Laioos
439 977 561 1051 oportet
596 969 683 1033 nobis
719 969 862 1049 oredsrrr',¹
898 987 959 1029 non
995 965 1053 1028 sibi

134 1053 231 1131 ipsis?
274 1054 353 1131 Quid
371 1054 437 1116 boo
459 1054 645 1134 est-diuers,
674 1055 750 1135 nisi,
780 1055 909 1116 fatemur
930 1050 1051 1131 quidem

134 1136 325 1211 Christianos
346 1137 459 1200 habere
471 1137 616 1216 Spiritum
629 1144 779 1215 sanctum,
802 1154 863 1217 quo
886 1135 1053 1198 certissime

134 1221 250 1301 uniunt,
274 1221 563 1302 *quidaredendum
595 1223 648 1296 sit,
681 1225 735 1283 aut
762 1240 824 1284 uon
847 1221 902 1299 sit,
936 1239 1052 1280 verum·

134 1311 248 1380 tamen,
272 1307 343 1385 quia
355 1307 487 1388 Spiritus
501 1312 625 1368 sanetus
647 1310 695 1366 est
717 1304 806 1367 nobis
827 1304 960 1385 interior,
981 1319 1054 1363 nos-

135 1389 270 1470 qus'ilio
300 1391 396 1451 mutio
419 1389 591 1465 doctiores,
623 1388 693 1450 ideo
721 1389 811 1452 nobis
834 1387 925 1450 debat
947 1382 1053 1448 subiioi

122 1480 168 1535 at
189 1473 396 1536 sosannim?
500 1512 511 1521 -›
536 1506 546 1535 r
792 1497 794 1501 ·
863 1499 866 1503 ·
927 1486 939 1515 ·'

162 1592 165 1597 '
219 1580 312 1661 Igitur
332 1579 463 1662 seipsos
486 1578 649 1642 voluerunt
669 1579 728 1641 bau
749 1580 868 1640 ratione
891 1577 1068 1657 magistros,

136 1662 248 1743 tenere,
271 1670 306 1724 ut
325 1664 430 1725 liceret
451 1662 581 1735 dooere,
604 1668 806 1743 quaeeunque
827 1661 951 1728 liberet,
982 1659 1052 1721 duur

137 1746 247 1808 nuliius
273 1746 418 1831 iudioium
447 1742 582 1827 oportuit
609 1745 783 1808 formidare.
833 1744 900 1806 Hoo
928 1743 1055 1805 obtento

138 1829 327 1891 nuliius-fuit
349 1828 463 1910 negbtii
487 1829 543 1890 sibi
573 1831 677 1891 omnia
699 1848 862 1910 usurpare,
896 1846 975 1906 quae
996 1825 1055 1889 Dei

139 1919 170 1974 et
190 1912 347 1985 homiuum
368 1919 447 1988 sunt,
468 1932 506 1974 aa
527 1912 619 1992 piane
642 1912 718 1974 deos
741 1912 816 1974 fieri.
842 1910 940 1973 Nobis
953 1917 1054 1971 auteur

138 1996 251 2058 dietum
261 1995 295 2072 *i
306 2002 368 2058 est:
389 1996 475 2059 Unus
488 1996 693 2078 estmagister
704 2002 814 2072 vester,
829 1993 977 2064 cbristus,
999 2010 1055 2056 ros

135 2082 240 2141 'anter‘n
272 2080 380 2142 iratres
414 2082 497 2142 estis.
539 2079 614 2141 lde'o
647 2092 772 2160 'prorsus
811 2077 948 2140 eiusdem
983 2077 1055 2138 iuris

138 2164 242 2224 suuius
272 2182 388 2229 omnes.
430 2164 539 2245 Neque
567 2164 647 2225 enim
684 2163 832 2245 permittit
859 2160 1056 2224 fraternitatis

138 2264 249 2307 nomen
274 2255 304 2306 et
324 2249 516 2322 communio,
552 2253 583 2308 ut
617 2247 695 2310 alter
723 2247 819 2308 attero
847 2243 987 2327 superior
1007 2243 1056 2322 sit,

136 2335 190 2390 aut
210 2329 280 2409 plus
302 2329 499 2391 baereditatis
521 2335 574 2391 aut
594 2332 667 2391 iuris
683 2331 805 2411 babent,
828 2329 1006 2410 praesertim
1025 2328 1055 2388 in
1169 2380 1177 2393 ,

136 2413 227 2474 rebu's
250 2411 467 2493 spiritualibus,
503 2412 673 2492 dequibus
705 2433 787 2473 nuno
810 2413 938 2493 agimus.
982 2409 1055 2473 Ideo

137 2495 272 2558 offioium
292 2494 373 2557 istud
395 2495 567 2568 iudiaandi,
602 2497 681 2557 siout
708 2502 741 2556 et
763 2497 867 2557 omnia
889 2495 950 2557 alia
970 2512 1057 2574 pras-
1110 2547 1112 2550 .

138 2579 236 2656 diota,
272 2599 334 2641 non
368 2577 461 2641 modo
487 2596 669 2658 recuperare
690 2576 781 2641 nobis
805 2579 894 2652 lieet,
922 2576 976 2638 sed
998 2577 1057 2638 nisi

137 2663 434 2744 rsauperavsrimus‚
479 2661 630 2725 Christum
673 2662 807 2725 fratrem·
825 2659 1056 2740 abnegabimus.

138 2747 245 2827 Neque
272 2747 352 2808 enim
375 2745 425 2807 hio
447 2744 486 2807 de
507 2745 594 2807 libito
625 2751 679 2807 ant
698 2744 800 2824 berito,
833 2743 888 2806 sed
912 2743 951 2806 de
970 2760 1057 2824 prae

137 2835 230 2910 septo
256 2837 287 2891 et
307 2830 484 2892 neeessario
515 2834 698 2910 mactamus,
731 2835 765 2891 ut
798 2828 980 2891 maledictus
1008 2829 1057 2908 sit,

137 2914 188 2992 qui
209 2913 313 2994 Papae
339 2912 532 2993 tyrannidem
566 2918 730 2994 agnosoat‚
763 2911 941 2974 benedictus
972 2928 1058 2987 vero,

138 2997 188 3076 qui
211 2998 262 3077 pia
284 2997 440 3075 apostasia
462 2995 621 3060 detrectet.

220 3101 335 3162 Verum
356 3101 435 3163 baso
456 3103 559 3163 omnis
591 3102 629 3164 ds
650 3103 716 3163 iura
738 3099 893 3164 sommuni
916 3099 1059 3161 Christis·

137 3204 245 3246 nomm
270 3184 419 3264 diximus,
456 3204 526 3246 nam
563 3204 632 3247 uum
657 3186 793 3247 omnium
817 3183 1057 3246 Christianorum

137 3267 215 3329 bees
236 3270 298 3330 sint
319 3270 424 3330 omnia
450 3269 511 3337 (uti
534 3268 751 3348 probavimus)
775 3267 959 3342 eommunia,
982 3265 1058 3327 nulii

118 3351 209 3412 diost
241 3352 272 3413 in
317 3351 448 3413 madium
494 3352 617 3433 prodire
659 3353 822 3413 autoritate
867 3349 988 3430 propria
1027 3356 1060 3410 et

137 3431 194 3495 sibi
217 3435 351 3515 arripare
372 3435 446 3509 soli,
480 3435 562 3515 quod
591 3435 728 3496 omnium
751 3440 807 3497 est.
852 3433 962 3513 Atripe
982 3450 1059 3492 sans

137 3620 270 3629 ..ᾠη-

150 3722 154 3729 ·
192 3715 226 3789 ·)
244 3710 342 3774 naar.
362 3714 407 3774 en.
