2392 4170
131 244 196 315 276
440 242 758 305 Dorommmrrttsts
986 269 990 277 ·

134 409 245 471 minem
259 428 287 471 -s
308 407 430 472 orosto
451 415 617 473 rouretum
639 411 671 471 in
689 428 786 490 opem
805 408 938 472 hominis
959 407 1060 471 ddsrs

134 494 281 554 inserunt
323 492 350 554 Ο
372 493 540 555 horrendos
559 492 712 573 tenebras,
734 511 754 554 ο
777 490 967 555 miserandos
988 510 1059 555 oss

133 576 257 653 sitotss,
290 594 309 637 o
344 576 567 639 abominandus
597 578 743 652 insanius,
786 574 926 652 Sinnius,
949 573 1060 657 sinn,

133 658 214 721 ludis
232 660 266 721 in
289 659 448 721 animabus
471 661 669 742 pereuntibus
690 666 722 721 ei
743 658 964 740 perdentibus?
1060 712 1063 717 .
1100 664 1104 669 ’

216 741 264 805 Ex
286 743 333 804 bis
354 744 501 805 fructibus
523 744 702 825 suistoredo
714 744 789 805 sotis
808 743 956 824 ooguosci
968 742 1062 824 lupos

133 828 210 888 istos
230 844 377 907 rapaces,
410 845 471 907 qun
494 828 641 907 opinions
662 835 797 924 voveant
819 828 993 925 strivsnt,
1009 836 1062 888 ·ut

132 919 347 1074 dimitti
361 910 885 1074 tt‘tstttittpittttt
903 909 1062 1055 titiis
1118 1022 1122 1027 -

133 1095 263 1158 negare,
297 1076 444 1139 ludssum
477 1075 558 1157 fieri,
587 1089 618 1138 st
648 1085 683 1138 ut
703 1077 809 1138 Petrus
827 1074 862 1160 *)
895 1076 1061 1156 praedixit,

133 1158 172 1221 sd
196 1161 342 1221 vomitum
365 1162 511 1240 gentilem
533 1161 642 1225 redire.
684 1157 781 1222 Vides
804 1162 885 1221 enim
907 1159 982 1221 nihil
1000 1161 1060 1221 nisi

133 1261 230 1324 opero
250 1246 382 1324 speotnri
410 1245 449 1304 sb
483 1247 548 1305 istis
582 1245 708 1325 perditis
737 1242 910 1306 homiuibus
933 1249 965 1305 et
984 1243 1062 1305 tniis

132 1345 238 1407 opem,
255 1340 341 1407 ‘queo
354 1327 620 1408 Christioperibus
633 1334 778 1408 sequent,
801 1327 869 1389 sois
880 1327 938 1388 imo
952 1345 1059 1407 usust,

133 1411 387 1491 quisprsetexto
409 1412 534 1473 nomine
556 1411 729 1477 Christiano
745 1429 772 1477 ,ι
784 1410 964 1473 christianis
976 1409 1062 1473 innts
1114 1442 1118 1449 ·

39 1568 44 1577 ι
133 1501 242 1573 putant
274 1495 303 1555 in
325 1493 460 1555 fide-ills
482 1496 634 1575 sacrilege
656 1504 688 1557 st
708 1493 931 1570 abominando,
965 1511 1060 1572 quom

132 1577 309 1657 generalem
332 1587 364 1639 et
383 1578 545 1639 intormem
569 1585 691 1640 voosnt,
723 1578 827 1658 Igitur,
849 1575 1063 1658 sisutlpdtxi,

37 1723 40 1730 ,
132 1660 263 1740 amptius
291 1680 353 1730 ms,
370 1681 432 1729 noo
464 1668 600 1723 moratur
622 1668 825 1742 spontaneum
853 1659 926 1721 iliud
950 1669 1059 1722 votnm

134 1744 370 1823 monachorum,
400 1746 563 1825 quominus
586 1746 686 1806 omitti
714 1750 744 1806 et
766 1745 864 1824 possit
886 1753 917 1803 et
937 1743 1060 1809 debssi.

62 1878 65 1882 .
133 1824 213 1910 Quid
235 1828 316 1887 enirn
340 1833 390 1889 est
410 1834 515 1890 votum
538 1829 608 1904 hoo,
631 1830 824 1908 nisipsotum
841 1845 909 1889 oum
934 1827 1060 1889 doemo-

23 1938 27 1943 ·
133 1909 221 1975 nibus
243 1910 377 1973 inuium?
422 1912 584 1973 Doctrinae
607 1913 858 1990 doemoniorum,
886 1930 1007 1971 errores
1028 1924 1061 1971 et

134 1994 296 2055 mendosis
317 2003 380 2056 tete
403 1998 524 2057 vovisse
557 1993 630 2057 dioit
664 1994 792 2075 Spiritus
815 1994 902 2056 Deus
924 1999 1005 2070 tuus,
1028 1996 1066 2056 st'

133 2085 165 2139 tu
189 2075 321 2158 dubitas,
343 2098 382 2139 sn
405 2080 522 2139 resitire
544 2085 576 2140 si
597 2079 770 2159 relinquere
791 2088 895 2139 uotum
920 2077 1059 2138 debens?

133 2160 270 2222 Advorte
297 2161 335 2221 od
367 2162 511 2248 Paulum,
545 2165 595 2241 qui
627 2181 688 2224 non
712 2161 811 2222 solum
834 2162 982 2222 docentes
1006 2170 1060 2222 nut

133 2255 290 2325 nogentes,
321 2246 375 2305 ssd
401 2255 432 2305 et
452 2246 646 2306 attendentes
669 2252 835 2325 memorat,
868 2246 932 2305 imo
956 2245 994 2304 ds
1016 2253 1058 2305 st·

133 2328 326 2389 tondentibus
350 2330 540 2408 potissimum
565 2329 699 2409 loquitur
721 2329 843 2389 disens:
887 2326 1060 2388 Disoedsnt

135 2432 153 2471 n
174 2410 244 2490 fide,
267 2413 461 2491 attendentes
484 2412 639 2492 spiritibus
651 2413 761 2473 erroris
775 2422 806 2472 et
824 2412 970 2472 dootrinis
985 2411 1058 2471 dse-

134 2496 316 2557 moniorum.
361 2496 455 2557 Vides
478 2496 528 2557 hio
555 2496 711 2556 auditores
733 2503 764 2555 st
785 2513 933 2573 sequooss
957 2496 1058 2574 primo

132 2576 204 2639 looo
233 2581 392 2640 nominari.
437 2581 477 2639 At
502 2581 644 2639 monachi
668 2586 768 2655 uerte,
791 2578 861 2639 dum
885 2584 1060 2656 spontanee

80 2665 83 2669 ’
134 2671 256 2741 vovent,
281 2681 341 2723 non
355 2662 477 2724 ‚doosnt
500 2663 578 2722 hseo
600 2662 769 2739 mendosis,
792 2661 846 2720 sed
870 2659 951 2720 docti
967 2668 1057 2722 etso-
1085 2709 1093 2723 .

134 2747 216 2806 duoti
241 2755 418 2825 sequuntur.
462 2744 563 2821 Quare
576 2746 686 2806 Paulus
699 2764 823 2825 prorsus
848 2743 1060 2805 universaliter

133 2829 267 2908 loquitur
287 2830 317 2889 in
341 2848 449 2889 omnes
472 2830 606 2889 coelibes
629 2831 721 2904 istos,
756 2835 787 2889 et
809 2828 909 2888 nullos
932 2829 1058 2908 exeipit.

132 2911 173 2973 Et
194 2911 265 2992 quid
288 2912 389 2972 multis
412 2912 553 2992 egimus?
576 2915 625 2973 oui
648 2913 782 2974 huonon
796 2911 870 2972 setis
893 2917 949 2985 est,
973 2912 1057 2990 quod

42 3050 44 3055 .
132 2994 262 3076 Spiritus
297 2994 403 3062 definit
433 2997 588 3057 doctrinas
611 2995 864 3070 doemoniorum,
888 2993 1060 3070 mendosis,

31 3120 34 3124 -
133 3096 269 3159 errores,
309 3079 485 3159 hypocrisin
509 3099 592 3152 esse,
631 3098 710 3160 quae
731 3085 897 3158 voventur,
920 3076 993 3156 quid
1016 3079 1059 3138 iiii

122 3165 206 3229 [satis
242 3161 318 3223 erit?
368 3159 443 3237 Quis
478 3172 600 3243 pastum
635 3161 838 3223 doemonibus
872 3171 991 3236 servat,
1027 3171 1061 3222 ut

132 3245 328 3322 namnetim,
367 3265 404 3306 so
435 3265 495 3306 non
519 3249 621 3325 potius
650 3247 894 3325 quamprimum
918 3243 1061 3307 dissolvit

133 3335 165 3445 ep
186 3327 317 3491 (3θὲἳὲἱί
338 3412 464 3489 doinus,
488 3411 602 3474 nitide
623 3432 699 3494 pura
722 3411 906 3473 miraculoso
927 3413 1059 3473 serveris

134 3512 251 3555 vovens
270 3504 300 3556 st
323 3496 429 3557 vivens
451 3498 481 3556 in
506 3498 598 3575 votis,
620 3498 700 3557 siout
713 3493 907 3556 Bernhardus
921 3503 953 3554 et
972 3494 1058 3556 multi

132 3578 183 3639 siii
204 3579 316 3639 rervsti
338 3586 419 3660 sunt,
442 3581 552 3659 quibus
574 3588 700 3663 propter
721 3578 816 3673 iidem⁸
836 3577 964 3657 christi,
997 3597 1060 3658 qus

203 3756 235 3831 'i
255 3757 281 3815 2.
299 3757 358 3815 Pet
378 3762 404 3818 2
478 3764 509 3828 1)
530 3763 563 3816 ln
581 3760 626 3818 sd.
645 3761 750 3832 prioro:
771 3758 822 3816 sio.
