2392 4170
133 238 177 305 44
386 241 428 295 De
449 241 527 311 capt.
549 240 645 309 Babyl.
663 241 805 297 Ecclesiae

138 396 243 470 sionis,
266 394 366 455 nullus
392 415 497 457 eorum
520 402 645 474 tractat,
673 403 765 476 atquc
786 397 829 457 ita
852 396 942 456 fidem
965 401 995 456 et
1017 401 1062 456 to·

135 485 197 539 tarn
234 480 346 539 missae
386 480 526 540 virtutem
557 480 645 540 nobis
679 480 887 541 obliterarunt.
940 479 1061 539 Deinde

133 561 260 622 alteram
284 564 348 622 eius
370 570 504 642 partem,
526 564 642 623 scilicet
663 565 783 643 signum
805 584 859 624 seu
881 582 1058 623 sacramen·

133 653 196 704 turn
219 645 316 705 solum
340 654 476 726 versant,
513 647 650 726 sedita,
681 657 713 706 ut
744 666 801 707 nee
828 649 859 706 in
888 647 946 705 bac
967 645 1058 705 fidem

44 767 46 771 ‚
133 727 277 808 doceant,
300 728 353 788 sad
376 749 447 790 suas
470 733 729 810 praeparationes,
754 738 784 790 et
807 750 902 810 opera
920 736 1059 808 operata,

133 813 381 892 participationes
405 821 434 873 et
451 813 581 891 fructus3
605 816 738 890 misaam,
761 815 861 874 donec
882 815 912 872 in
935 812 1057 892 profun-

133 895 205 955 dum
227 897 375 974 venerint,
398 904 433 971 et
450 896 488 956 de
510 897 848 957 transsubstantiatione
871 896 999 975 aliisque
1016 899 1060 954 in·

133 977 226 1038 finitis
249 979 468 1059 metaphysicis
497 982 585 1059 nugis
615 988 817 1059 negarentur,
846 987 877 1039 et
898 980 1058 1039 scientiam

132 1080 298 1140 verumque
338 1083 425 1122 usum
457 1071 518 1122 tarn
550 1065 723 1123 testamenti
754 1083 845 1142 quarn
873 1063 1058 1122 sacramenti

131 1162 200 1203 cum
225 1146 366 1206 universa
379 1145 439 1206 lide
451 1146 618 1222 abolerent,
640 1147 846 1225 iacerentque,
869 1158 901 1205 ut
923 1144 1057 1225 populus

105 1228 241 1293 'Christi
280 1236 331 1298 (ut
359 1229 509 1309 propbeta
540 1229 629 1303 dicit)
668 1230 899 1290 oblivisceretur
929 1229 986 1287 Dei
1010 1229 1055 1287 sui

132 1310 239 1371 diebus
268 1313 444 1373 innumeris.
487 1313 531 1372 Tu
555 1332 644 1390 vero,
672 1315 738 1373 sine
765 1313 842 1373 alios
871 1329 1058 1392 percensere

133 1395 234 1453 varios
256 1395 370 1455 fructus
393 1396 514 1456 auditae
536 1398 648 1456 missae
675 1404 705 1456 et
733 1397 867 1456 animum
891 1404 974 1455 tuum
999 1394 1061 1454 huc

131 1476 265 1554 intende,
288 1485 320 1537 ut
342 1497 410 1537 cum
433 1478 627 1558 propheta*)
646 1479 729 1540 dicas
741 1486 771 1539 et
793 1479 911 1554 credas,
935 1479 984 1537 hic
1005 1477 1059 1536 tibi

131 1579 151 1618 a
171 1560 238 1620 Deo
260 1568 398 1640 paratam
422 1581 490 1622 esse
523 1582 660 1623 mensam
691 1581 796 1622 eoram
829 1568 877 1640 te,
911 1561 1059 1620 adversus

132 1660 239 1703 omnes
262 1646 314 1722 qui
337 1644 482 1704 tribulant
503 1651 550 1721 te,
572 1647 602 1705 in
625 1664 685 1723 qua
708 1652 852 1726 pascatur
874 1651 905 1704 et
932 1646 1059 1723 pingue·

133 1733 201 1785 scat
221 1725 296 1786 fides
319 1733 379 1792 tua.
424 1728 492 1788 Non
521 1737 621 1788 autem
652 1730 786 1808 pascitur
818 1729 892 1787 fides
928 1735 980 1787 tua
1001 1728 1059 1785 nisi

133 1811 346 1889 promissionis
368 1809 490 1871 divinae
512 1811 617 1890 verbo,
639 1811 732 1872 homo
755 1811 835 1871 enim
858 1830 920 1871 non
943 1811 973 1868 in
990 1810 1059 1869 solo

133 1912 214 1973 pane
237 1895 320 1972 vivit,
343 1893 448 1954 sedin
472 1896 555 1954 omni
567 1894 671 1967 verbo,
696 1894 778 1973 quod
791 1893 929 1973 procedit
952 1892 990 1952 dc
1006 1911 1060 1952 ore
1099 1939 1102 1942 .

135 1975 265 2054 Dei.**)
312 1975 413 2051 Quare
435 1978 464 2035 in
488 1979 581 2037 missa
603 1985 674 2037 ante
697 1978 801 2038 omnia
823 1976 906 2036 verbi
928 1977 1060 2055 promis·

134 2060 229 2119 sionis
253 2066 282 2119 te
306 2059 535 2120 observatorem
565 2079 633 2120 esse
656 2061 895 2120 curiosissimum
927 2064 1059 2137 oportet,

134 2149 279 2221 tanquam
303 2143 526 2222 opulentissimi
549 2144 691 2220 convivii,
714 2143 910 2203 omnimodae
924 2159 1060 2220 pascuae

134 2231 165 2286 et
193 2232 319 2285 sanctae
344 2225 520 2286 refectionis
542 2232 629 2303 tuae,
664 2239 696 2286 ut
728 2226 789 2286 hoe
822 2245 895 2306 prae
918 2225 1059 2285 omnibus

133 2310 258 2368 maximi
276 2308 381 2385 facias,
404 2308 564 2388 plurimum
578 2310 608 2368 iu
630 2308 660 2367 id
675 2309 822 2386 confidas,
845 2307 1059 2368 etfirmissime

130 2393 162 2451 in
184 2409 221 2450 eo
244 2391 381 2466 haereas,
405 2393 496 2451 etiam
519 2411 573 2470 per
588 2399 714 2452 mortem
739 2399 769 2451 et
792 2393 896 2451 omnia
918 2399 1058 2470 peccata.

133 2473 223 2549 Quod
245 2475 270 2532 si
292 2474 410 2549 feceris,
433 2494 493 2534 uon
516 2474 614 2535 solum
637 2474 733 2534 stillas
755 2476 841 2554 istas,
865 2480 897 2533 et
916 2474 1059 2533 minutias

132 2562 282 2616 t'ructuum
313 2558 439 2634 missae,
473 2576 548 2635 quas
579 2557 701 2636 quidam
724 2560 815 2617 etiam
848 2559 1059 2636 superstitiose

132 2639 295 2713 finxerunt,
320 2638 373 2699 sed
396 2641 494 2718 ipsum
517 2641 632 2700 iontem
655 2641 854 2720 principalem
877 2642 958 2699 vitae
981 2640 1056 2700 obti-

133 2722 236 2798 nebis,
270 2721 360 2782 tidem
395 2723 511 2783 scilicet
533 2724 632 2801 verbi,
666 2743 704 2783 ex
738 2743 798 2803 qua
831 2722 1057 2783 omnebonum

132 2804 207 2880 fluit,
231 2807 309 2865 sicut
330 2805 394 2866 loh.
417 2807 446 2868 4.
471 2807 557 2866 dicit:
586 2805 644 2881 Qui
667 2809 696 2866 in
720 2827 769 2866 me
791 2805 903 2881 credit,
926 2805 963 2864 de
987 2825 1056 2865 ven·

133 2895 178 2948 tre
208 2890 272 2947 eius
301 2887 396 2947 fluent
419 2908 517 2967 aquae
548 2892 653 2966 vivae,
673 2892 761 2949 item:
791 2888 849 2963 Qui
879 2887 988 2949 biberit
1017 2908 1057 2949 ex

132 2990 224 3052 aqua,
246 2990 338 3050 quam
361 2991 419 3050 ego
443 2972 533 3050 dabo,
558 2973 608 3032 fiet
629 2975 659 3032 in
685 2991 722 3032 eo
745 2972 813 3032 fons
836 2973 1057 3050 aquaevivae,

132 3053 269 3114 salientis
291 3056 321 3113 in
344 3056 439 3114 vitam
462 3064 625 3116 aeternam.

214 3136 277 3197 Iam
302 3136 361 3196 duo
386 3146 464 3213 sunt,
487 3158 566 3218 quae
588 3138 688 3198 solent
710 3155 766 3196 nos
780 3144 908 3216 tentare,
931 3137 1058 3196 nefrac-

132 3224 181 3278 tus
204 3221 315 3280 missae
338 3222 552 3299 percipiamus.
595 3221 732 3281 Alterum
757 3227 812 3295 est,
834 3238 890 3280 nos
906 3238 1057 3299 essepec·

132 3308 253 3362 catores
275 3310 305 3363 et
327 3303 468 3382 indiguos
491 3305 684 3384 praenimia
706 3303 821 3363 vilitate
841 3302 931 3362 rebus
955 3305 1056 3366 tantis.

132 3385 286 3463 Alterum,
309 3388 426 3447 etiamsi
452 3387 536 3466 digni
566 3405 718 3463 essemus,
747 3385 926 3465 magnitudo
955 3394 1056 3446 tamen

130 3487 230 3528 rerum
253 3474 338 3530 tauta
359 3477 420 3544 est,
448 3476 481 3528 ut
503 3479 611 3530 natura
632 3470 832 3549 pusillanimis
861 3489 921 3528 uon
944 3469 1058 3531 audeat

132 3570 170 3612 ea
191 3558 296 3632 petere
318 3560 371 3613 aut
392 3571 525 3632 sperare.
569 3553 647 3614 Nam
676 3554 885 3613 remissionem
913 3560 1055 3632 peccato-

188 3743 219 3813 ·)
239 3741 312 3799 rso.
333 3741 377 3800 23.
414 3690 578 3810 rasam.
598 3741 624 3796 4.
646 3804 648 3809 y
