2392 4170
32 265 36 272 ·
127 237 193 306 §w
420 242 578 296 Conmtatic
596 243 762 296 Lathcriaaa

128 401 214 463 scius
235 408 340 482 gratus
362 408 393 459 et
413 398 559 482 acceptas
578 403 658 462 inter
679 418 787 463 omncs
813 400 954 462 hordincs
972 396 1046 481 pra·

128 486 235 566 pitium
256 492 288 547 et
309 483 489 545 clementem
511 485 611 546 Deum
634 485 776 561 haberet,
810 493 843 546 ut
873 484 962 546 nobis
982 484 1047 545 ltdc

129 568 242 630 donam
265 577 298 630 et
317 569 409 628 ctiam
430 567 511 629 hanc
532 571 662 650 gratiam
685 575 860 630 mercretur.

211 652 317 714 laban.
339 654 367 714 1.
398 651 551 713 Ichaancs
588 652 766 733 Baptista1)
801 654 861 712 sic:
896 652 960 725 Ias
989 666 1049 731 per

131 736 238 797 Musca
259 736 335 797 data
356 743 418 811 est,
450 737 549 815 gratia
580 755 655 796 vcro
684 741 715 796 et
735 737 847 796 raritas
869 754 925 815 par
944 734 1048 794 Iesddi

129 818 281 880 Christum
303 821 384 880 iacta
416 827 479 896 θεὶς
510 825 542 879 ct
562 818 700 897 infra²):
734 818 861 879 Pieriam
892 818 996 901 gratia
1016 820 1050 878 ct

129 903 265 966 varitate.
307 904 354 964 lta
374 903 486 962 veritas
508 921 549 962 ex
566 901 687 964 carisa>
709 904 739 962 in
768 921 827 962 nos
848 900 948 962 fluens
969 899 1050 962 tides

128 994 185 1063 ast,
206 986 304 1067 gratia
324 983 418 1045 tidem
439 984 604 1046 comitatur
624 985 664 1046 cb
685 987 815 1065 gratiam
825 984 946 1061 Christi,
968 984 1050 1044 sicat

128 1067 242 1129 ibidem
262 1069 436 1149 praemisit:
478 1069 526 1129 De
551 1068 739 1149 plenitudine
767 1070 832 1129 cias
861 1080 970 1129 omncs
997 1072 1058 1141 dc,

129 1153 266 1232 capimus
288 1153 416 1233 gratiam
439 1170 495 1232 pro
525 1153 633 1232 gratia.
677 1151 776 1226 Quam
804 1153 953 1232 gratiam,
988 1152 1058 1230 gra·

128 1254 189 1315 qna
210 1236 333 1314 gratia?
353 1236 483 1314 gratiam
505 1233 1049 1311 nostram,uta0bisiaveret1)cirs,

129 1336 185 1398 pro
206 1320 305 1400 gratia
324 1318 453 1397 christi,
481 1337 543 1398 qua
562 1318 606 1378 iili
628 1317 712 1378 iavet
734 1318 827 1379 Deus.
870 1318 967 1393 Quia,
1003 1317 1049 1376 itr-

127 1402 202 1480 qait,
223 1401 288 1463 Lex
308 1421 364 1483 per
379 1402 486 1462 Mosen
500 1401 584 1474 data,
605 1400 660 1461 sed
683 1403 784 1479 gratia
804 1407 835 1461 et
857 1401 969 1461 veritas
991 1408 1051 1480 par

126 1485 227 1545 Iesum
261 1484 413 1547 Christum
451 1484 534 1544 iacta
566 1490 623 1545 cst.
678 1483 835 1544 Habemus
876 1502 951 1563 crgo
984 1481 1048 1544 dti'o

128 1566 211 1629 bona
232 1568 392 1648 Evangelii
421 1567 568 1628 adversas
595 1567 657 1627 duc
688 1566 770 1627 mala
791 1567 899 1647 Legis,
932 1565 1049 1626 danum

128 1669 184 1730 pro
205 1657 346 1731 paccata,
369 1651 498 1732 gratiam
519 1669 576 1730 pro
597 1651 652 1710 ira.
694 1650 758 1710 iam
781 1651 933 1730 sequitur,
963 1647 1050 1729 quod

129 1733 180 1793 iila
202 1733 280 1808 duc,
318 1735 363 1794 ira
394 1743 426 1794 et
451 1735 566 1814 gratia,
602 1735 647 1793 sic
676 1752 710 1792 se
738 1732 853 1793 habent
877 1739 965 1802 (cum
987 1732 1050 1791 sitit

128 1823 216 1876 extra
236 1821 326 1895 aas),
349 1818 432 1877 ut'in
456 1823 553 1877 totum
567 1815 775 1892 effundantur,
798 1821 833 1876 ut
852 1817 904 1895 qui
926 1814 983 1875 sub
1003 1814 1052 1875 ira

128 1906 185 1974 cst,
201 1906 284 1961 tatus
306 1899 363 1960 sub
382 1907 450 1961 tota
469 1901 515 1960 ira
537 1906 593 1975 est,
615 1900 666 1978 qui
689 1897 747 1959 sub
759 1900 866 1978 gratia,
888 1903 971 1959 totus
992 1897 1051 1958 sub

128 1989 195 2044 tota
216 1985 315 2062 gratia
336 1992 399 2062 cst,
433 1983 506 2061 qaia
533 1983 577 2040 ira
608 1988 639 2041 et
660 1983 760 2063 gratia
781 2000 931 2062 personas
952 1980 1051 2061 smpi-

128 2066 222 2126 ciunt.
265 2066 365 2141 Quem
387 2066 469 2125 anim
493 2065 627 2124 Deus-in
650 2065 779 2144 gratiam
801 2065 928 2145 recipit,
951 2069 1050 2125 totum

128 2149 254 2227 recipit,
283 2157 314 2208 et
337 2150 385 2208 cui
409 2147 508 2224 favet,
542 2148 572 2206 in
596 2155 693 2208 totum
715 2147 815 2224 iavet,
851 2166 970 2221 rursus,
1000 2146 1050 2206 cui

128 2231 285 2303 irascitur,
321 2231 352 2290 in
391 2237 488 2291 totum
518 2231 668 2290 irascitur.
711 2229 780 2290 Non
809 2232 889 2290 enim
922 2231 1051 2308 partitur

127 2314 207 2373 hanc
229 2314 368 2393 gratiam,
392 2314 470 2373 sicut
492 2312 574 2373 dona
596 2315 738 2394 part-itur,
760 2332 817 2373 nec
838 2312 937 2392 diligit
957 2319 1051 2393 caput

128 2403 158 2456 et
179 2394 244 2456 odit
265 2395 371 2477 pedes,
393 2395 452 2456 acc
474 2395 557 2457 iavet
577 2397 699 2456 animae
721 2402 752 2455 et
774 2395 840 2456 odit
855 2414 978 2475 corpus.
1010 2395 1050 2454 Et

128 2487 229 2539 tamen
245 2478 340 2540 donat
352 2481 483 2557 animae,
507 2478 590 2560 quod
606 2498 669 2539 aon
688 2477 785 2539 donat
799 2479 930 2559 corpori,
954 2478 1051 2539 donat

128 2562 238 2642 capiti,
276 2562 359 2642 quod
388 2581 448 2624 non
478 2561 573 2623 donat
599 2561 737 2641 pedibus.
793 2561 844 2621 Sic
872 2569 903 2621 ct
930 2562 960 2620 in
983 2565 1050 2621 tota

128 2645 269 2715 ecclesia,
292 2664 371 2725 quac
392 2647 424 2705 in
446 2644 553 2706 cadem
576 2646 675 2723 gratia
685 2644 742 2704 Dei
767 2651 837 2723 stat,
859 2651 893 2703 ut
914 2644 1003 2705 Rom.
1018 2647 1050 2708 5.

128 2727 214 2788 dicit:
257 2728 315 2788 Per
347 2747 437 2808 quem
470 2728 617 2787 habemus
653 2745 813 2786 accessum
850 2728 880 2786 in
919 2728 1050 2806 gratiam

127 2811 228 2889 istam,
250 2813 279 2870 in
304 2831 364 2890 qua
386 2816 502 2871 stamus
525 2817 583 2874 etc.
627 2810 774 2870 Diversus
803 2817 834 2869 et
856 2808 1050 2870 multiformis

127 2895 226 2954 estin
250 2894 338 2954 donis
361 2895 435 2954 suis.
477 2894 522 2953 lta
545 2913 562 2952 c
583 2900 700 2970 cont-ra,
723 2894 771 2952 cui
794 2911 856 2953 non
879 2892 972 2969 iavet,
994 2893 1050 2953 toti

127 2995 191 3036 non
214 2976 307 3056 favet,
330 2985 360 3036 et
383 2983 483 3036 tamen
507 2995 568 3036 ncn
592 2984 689 3035 totum
710 2977 807 3056 punit,
829 2976 892 3036 imo
914 2975 965 3034 illa
987 2994 1050 3035 uno

127 3067 256 3138 peccato
280 3060 368 3119 unius
391 3058 518 3119 membri
546 3057 602 3118 sub
625 3059 670 3118 ira
689 3064 772 3119 totus
795 3066 915 3136 manet,
949 3058 1051 3118 ethic

126 3160 188 3202 uno
212 3141 295 3201 dono
318 3143 406 3202 unius
430 3141 531 3221 operis
561 3142 617 3201 sub
640 3142 739 3221 gratia
761 3148 842 3201 totus
866 3147 988 3227 maaet,
1018 3146 1051 3200 ut

127 3224 237 3301 longe,
266 3226 345 3285 sicut
375 3224 456 3300 dixi,
487 3226 585 3303 gratia
619 3245 637 3282 a
670 3224 758 3284 donis
790 3223 980 3284 secernenda
1002 3225 1050 3297 sit,

127 3326 196 3367 cum
219 3308 288 3368 sola
308 3308 407 3388 gratia
428 3308 467 3367 sit
499 3308 560 3367 vita
581 3315 723 3384 aeterna,
746 3307 835 3368 Rom.
857 3308 893 3386 6,
930 3312 960 3365 et
982 3306 1050 3367 sola

128 3390 173 3449 ira
195 3391 234 3450 sit
254 3409 337 3452 mars
359 3396 494 3451 aeterna.

210 3474 379 3534 Veniamus
417 3472 540 3533 tandem
575 3471 615 3532 ad
653 3473 832 3532 institutum.
886 3470 986 3531 luctus
1019 3480 1049 3530 ct

128 3554 225 3617 tidelis
248 3556 364 3636 absque
386 3554 479 3616 dubio
502 3553 593 3614 habat
616 3557 744 3634 gratiam
767 3562 798 3613 et
820 3554 952 3630 danum,
980 3573 1047 3635 gra·

201 3741 230 3813 1)
252 3743 282 3796 ln
300 3742 344 3799 cd.
357 3696 540 3816 arigdaest·
559 3742 691 3812 Baptista.
719 3741 789 3808 2)1n
808 3739 937 3795 eddam:
957 3753 1046 3812 supra.
