2340 4162
343 249 377 303 D.
392 249 430 319 lt.
448 249 526 303 huth-
543 246 729 302 Praeiudinm.
959 247 1001 313 45

76 423 141 463 rum
173 409 205 464 ct
232 409 390 465 aeternam
418 405 512 465 vitam
542 403 609 483 quis
633 421 697 464 non
720 406 878 482 stupescat
899 403 1002 482 potius

78 505 169 565 quam
196 494 291 567 optet,
313 489 340 547 si
362 485 454 567 dig'ne
475 495 619 567 pensetur
641 485 819 566 magnitudo
842 485 1004 564 honorum,

79 589 156 649 quae
178 589 235 650 per
258 590 296 631 ea
319 570 464 631 veniunt?
491 571 604 631 habere
625 570 741 630 scilicet
764 569 871 628 [lenm¹
887 572 1004 647 patrem

76 672 142 712 ease
172 652 269 713 filium
297 654 439 714 heredem
476 655 611 714 omnium
640 654 788 720 bonorum
822 651 889 710 Dei.
942 651 1002 711 Ad·

76 755 181 795 versus
204 738 286 796 hanc
315 739 469 817 geminam
503 737 781 816 pusillanimitatem
813 741 936 814 oportet
969 741 1003 794 ut

75 821 203 879 verbum
226 820 337 880 Christi
360 820 581 900 apprehendas,
603 821 766 900 ipsumque
778 818 872 878 multo
895 818 1002 878 lortius

75 903 239 980 intuearis,
272 921 364 982 qnam
399 906 454 963 has
484 905 688 983 cogitationes
717 903 898 962 infirmitatis
921 908 1001 962 tuae.

75 987 190 1066 Magna
212 987 294 1046 enim
318 995 388 1046 sunt
409 1006 504 1066 opera
517 987 650 1064 Domini,
672 987 825 1065 exquisita
845 987 875 1043 in
894 1002 1002 1043 omnes

74 1069 252 1129 voluntates
274 1070 356 1146 eius,
389 1071 439 1148 qui
470 1076 581 1150 potens
613 1078 659 1129 est
689 1070 762 1129 dare
789 1087 881 1147 supra
910 1086 1001 1145 quam

74 1154 208 1232 petimus
229 1160 283 1212 aut
303 1153 510 1233 intelligimus.
553 1152 619 1213 Nisi
646 1155 724 1213 enim
748 1160 928 1232 superarent
949 1168 1002 1211 no·

75 1239 170 1296 stram
206 1234 406 1314 dignitatern,
443 1246 577 1297 nostram
614 1238 833 1316 capacitatem,
866 1241 1002 1304 nostrum

79 1319 214 1398 denique
238 1338 359 1379 omnem
383 1338 515 1395 sensum,
539 1319 641 1378 divina
665 1339 725 1378 non
748 1326 859 1378 essent.
902 1316 953 1377 Sic
973 1325 1005 1376 et

76 1402 215 1462 Christus
239 1421 297 1462 nos
319 1404 435 1462 animat
457 1401 622 1480 uicerat)
654 1401 755 1462 Nolite
784 1403 888 1461 timere
911 1400 1002 1480 pusil-

76 1484 122 1544 lus
144 1504 239 1564 grex,
263 1485 379 1564 placuit
400 1486 480 1546 enim
502 1485 582 1545 Patri
605 1492 707 1545 vestro
731 1485 802 1544 dare
825 1484 913 1543 vobis
935 1503 1002 1564 reg-

77 1587 157 1630 num.
200 1567 289 1627 Haec
316 1570 386 1647 ipsa
412 1569 492 1629 euim
521 1568 720 1629 exuberantia
747 1569 1004 1648 incomprehensi-

79 1650 146 1710 hihs
168 1651 226 1711 Dei
249 1653 280 1711 in
303 1671 362 1712 nos
391 1671 445 1731 per
467 1650 620 1711 Christum
642 1651 738 1711 effusa
759 1652 846 1728 lacit,
875 1659 907 1710 ut
933 1670 1002 1710 eum

83 1752 182 1792 rursus
201 1753 297 1814 super
319 1737 424 1795 omnia
443 1734 655 1794 ardentissime
676 1733 855 1813 diligamus,
885 1753 1004 1794 summa

83 1815 190 1876 fiducia
200 1818 233 1876 in
246 1836 318 1877 eum
329 1819 471 1896 feramur,
494 1820 597 1878 omnia
609 1826 850 1893 contemnamus,
872 1818 1004 1896 prompti

76 1900 170 1959 aimus
192 1901 300 1960 omnia
320 1919 377 1981 pro
400 1919 438 1961 eo
462 1903 536 1981 pati,
560 1901 639 1960 unde
668 1909 698 1960 et
719 1907 801 1959 recte
824 1901 891 1959 fons
914 1900 1005 1959 dilec-

77 1984 170 2042 tionis
192 1984 254 2043 hoo
276 1990 500 2044 sacramentum
525 1991 571 2043 est
592 1985 787 2064 appellatum.

160 2065 196 2126 In
219 2085 282 2144 qua
302 2086 337 2126 re
361 2068 536 2146 exemplum
564 2067 617 2128 tihi
646 2087 733 2127 sume
760 2087 799 2126 ex
820 2066 1005 2144 hominihus,

76 2152 100 2208 si
132 2150 213 2208 enim
245 2150 388 2228 cuiquam
419 2150 577 2226 mendico,
616 2158 668 2210 aut
702 2153 792 2210 etiam
821 2150 947 2228 indiguo
975 2159 1006 2210 et

76 2233 159 2291 malo
183 2252 285 2308 servo,
309 2234 428 2312 legaret
450 2232 615 2293 ditissimus
629 2234 768 2294 dominus
793 2234 872 2291 mille
885 2253 1003 2310 aureos,

77 2323 162 2374 certe
186 2334 254 2374 oum
278 2314 390 2375 fiducia
413 2336 467 2376 eos
496 2317 665 2395 postularet
695 2326 725 2376 et
747 2318 915 2395 acciperet,
948 2336 1005 2375 nec

74 2397 266 2477 indignitatis
289 2417 374 2477 suae,
398 2419 455 2458 nec
468 2400 683 2479 magnitudinis
708 2402 878 2459 testamenti
902 2399 1004 2459 habita

75 2483 206 2543 ratione.
252 2480 343 2554 Quod
373 2484 488 2562 siquis
512 2485 539 2542 ei
561 2485 705 2542 resistens
734 2483 880 2543 obiiceret
909 2483 1003 2562 indig-

74 2567 203 2624 nitatem
242 2583 328 2623 suam
362 2573 393 2625 et
429 2566 668 2645 magnitudinem
702 2568 891 2639 testamenti,
931 2565 1003 2643 quid

76 2657 169 2728 putas
193 2646 328 2707 dicturus
351 2648 418 2708 est?
440 2649 572 2709 scilicet:
606 2650 684 2724 Quid
707 2650 744 2709 ad
774 2650 824 2707 te?
860 2668 919 2707 non
945 2669 1001 2728 ego

77 2734 187 2790 merito
212 2750 292 2808 meo,
315 2750 372 2790 nec
393 2733 457 2792 iure
480 2733 541 2792 ullo
564 2734 829 2813 proprioaccipio,
852 2732 933 2810 quod
957 2752 1004 2792 ac-

76 2814 180 2893 cipio?
202 2813 274 2874 Soio
298 2835 345 2874 me
368 2814 536 2893 indiguum,
559 2823 589 2876 et
612 2819 727 2875 maiora
750 2817 888 2894 accipere
911 2835 1001 2893 quam

78 2917 214 2974 merear,
248 2898 311 2957 iruo
334 2901 487 2958 contraria
508 2902 614 2959 merui.
656 2900 715 2959 Sed
744 2902 807 2957 iure
831 2902 1002 2958 testamenti
1073 2901 1079 2910 “

77 2989 109 3040 et
130 2981 251 3040 alienae
273 2980 418 3042 bonitatis
441 2988 524 3062 peto,
549 2983 629 3060 quod
653 2993 741 3062 peto,
763 2985 787 3041 si
811 2982 851 3041 illi
874 2984 1004 3042 nonfuit

78 3065 238 3144 indignum
260 3069 345 3125 tanta
367 3072 429 3124 tam
444 3066 569 3146 indigno
593 3067 706 3145 legare,
731 3086 783 3124 cur
805 3086 864 3145 ego
878 3074 1003 3145 propter

76 3148 292 3227 indignitatem
336 3167 434 3208 meam
474 3156 667 3209 contemnam
703 3153 885 3229 acceptare?
930 3152 1002 3228 quin

78 3233 136 3289 hac
158 3234 226 3310 ipsa
250 3249 344 3290 causa
369 3232 465 3310 magis
488 3232 656 3311 amplector
684 3236 845 3312 gratuitam
878 3242 907 3290 et
932 3234 1003 3292 alie·

78 3335 149 3373 nam
172 3316 312 3392 gratiam,
335 3332 395 3391 qua
417 3334 475 3393 ego
498 3334 562 3374 sum
586 3315 748 3396 indignior.
791 3316 907 3375 Eadem
922 3317 1004 3395 eogi-

82 3400 199 3458 tatione
241 3400 350 3456 armari
386 3405 508 3476 oportet
542 3408 572 3458 et
609 3402 755 3478 cuiusque
785 3401 1004 3458 conscientiam

77 3480 225 3540 adversus
248 3499 355 3540 omnes
377 3481 537 3559 scrupulos
560 3490 590 3541 et
612 3503 732 3544 morsus
756 3503 839 3558 suos,
863 3484 900 3542 ad
926 3484 1005 3541 hano
1109 3520 1114 3531 ‚

77 3563 188 3623 Christi
223 3565 456 3643 promissionem
490 3565 658 3626 indubitata
698 3567 758 3625 tide
792 3567 1002 3642 obtinendam,
