2392 4170
398 248 435 306 D.
454 249 488 303 n.
508 249 588 306 tuth.
607 249 792 305 Prestndium,
1018 250 1060 317 37

191 407 259 469 stet
272 424 349 482 ergo
363 405 494 486 primum
503 410 533 465 et
543 404 748 479 infallibiliter,
763 408 887 469 missam
900 426 954 468 seu
963 427 1062 470 saere-

137 498 266 552 mentum
291 489 398 550 altaris
421 508 491 548 esse
514 495 728 550 testamentum
753 491 873 568 christi,
897 492 979 572 quod
1000 512 1062 554 mo·

136 578 209 636 risus
232 581 307 654 post
328 593 363 632 se
384 573 523 652 reliquit,
556 572 796 634 distribuendum
828 577 890 635 suis
912 575 1062 642 fidelibus.

138 659 182 721 sie
204 660 287 719 enim
312 656 428 718 hubent
451 657 516 716 eius
539 655 647 716 verba:
670 657 727 717 Hie
739 659 819 718 salix
841 679 955 720 novum
973 667 1063 722 testa-

135 749 276 814 mentum,
300 742 330 800 iu
355 759 425 800 meo
448 741 606 820 sauguine.
651 740 727 817 Stet,
750 743 885 823 inquam,
907 744 967 804 ista
988 747 1064 805 veri·

134 834 175 886 tes
198 833 232 886 ut
262 823 498 884 fundamentum
528 823 701 904 immobile,
731 844 822 905 super
850 827 933 906 quod
960 830 1064 890 omnia

132 919 299 985 struemus,
335 926 415 986 quae
443 906 574 967 dieenda
600 914 680 970 sunt.
729 908 797 969 Hoo
825 911 905 970 enim
933 910 1062 989 videbis,

132 1001 159 1053 ut
180 992 398 1052 subvertemus
422 1010 530 1050 omnes
552 991 709 1051 homnium
732 993 921 1072 impietates,
949 995 979 1054 in
1002 995 1063 1056 hoo

132 1076 343 1136 duloissimum
379 1081 604 1134 sacramentum
641 1074 788 1139 invectas.
845 1077 950 1138 Verax
986 1097 1061 1158 ergo

132 1160 267 1220 Christus
291 1176 363 1217 vere
385 1156 468 1233 dioit,
490 1158 551 1218 hoo
572 1177 640 1217 esse
663 1177 777 1218 novum
791 1165 1016 1221 ‘testamentum
1030 1163 1061 1222 in

132 1244 279 1322 sanguine
303 1259 371 1314 suo,
392 1260 447 1324 pro
460 1239 549 1301 nobis
561 1241 640 1301 fuso.
683 1240 753 1301 Non
778 1242 888 1304 frustra
914 1243 993 1304 haee
1019 1245 1062 1305 in-

134 1326 228 1399 onleo,
249 1328 315 1384 ree
325 1330 373 1383 est
384 1343 445 1383 nou
470 1344 575 1404 parvo,
598 1331 628 1383 et
638 1326 706 1384 imis
719 1325 860 1386 sensibus
871 1327 1062 1407 reponenda.

210 1408 405 1483 Quaeramus
428 1427 513 1487 ergo,
530 1407 602 1486 quid
625 1409 664 1467 sit
677 1413 905 1486 testamentum,
919 1408 958 1470 ‘et
971 1411 1062 1471 simul
1118 1433 1121 1437 ·

133 1491 320 1565 habebimus,
344 1489 416 1569 quid
439 1493 478 1551 sit
499 1491 608 1568 missa,
631 1493 699 1569 quis
723 1511 812 1569 usus,
847 1493 915 1570 quis
936 1493 1062 1564 fruetus,

135 1577 195 1653 quis
218 1574 336 1635 abusus
359 1575 434 1632 eius.
477 1574 708 1634 Testamentum
744 1574 862 1653 absque
891 1575 984 1636 dubio
1016 1581 1063 1636 est

133 1658 294 1737 promissio
318 1657 465 1732 morituri,
488 1677 548 1737 que
570 1664 728 1737 nuncupat
749 1657 949 1719 hereditatem
964 1679 1061 1735 suem,
1166 1659 1170 1663 ’

134 1749 156 1801 et
184 1742 318 1801 instituit
350 1740 488 1800 heredes.
542 1740 675 1824 Involvit
707 1742 810 1819 itaque
843 1748 1060 1802 testamentum

133 1826 226 1904 primo
250 1830 382 1883 mortem
405 1825 576 1902 testatoris,
598 1822 709 1884 deiude
731 1824 909 1885 hereditatis
932 1826 1060 1905 promis-

132 1909 262 1982 sionem,
290 1913 321 1966 et
341 1906 463 1967 heredis
491 1909 761 1986 nuncupationem.
805 1905 856 1967 sie
877 1909 1059 1970 enimvPau·

132 1991 170 2050 lus
198 1991 294 2051 Rom.
322 1991 342 2051 4
371 1996 402 2050 et
429 1989 497 2052 Gal.
527 1991 545 2053 3
576 1997 607 2050 et
636 1991 657 2051 4
690 1996 721 2050 et
747 1989 858 2054 Ebree.
887 1992 916 2056 9.
950 1990 1060 2052 diffuse

131 2079 344 2135 testamentum
357 2079 476 2134 tractat.
521 2073 611 2148 Quod
634 2079 664 2133 et
685 2073 716 2132 in
740 2073 841 2134 verbis
862 2075 928 2134 istis
947 2075 1058 2136 Christi

131 2158 206 2219 olore
247 2155 399 2217 videmus.
453 2157 582 2216 Mortem
621 2175 709 2216 suom
744 2157 883 2218 Christus
920 2164 1059 2236 testatur,

131 2240 195 2302 dum
221 2239 311 2300 dieit:
342 2240 410 2300 Hos
441 2245 487 2299 est
514 2258 626 2318 eorpus
655 2258 773 2312 meum,
807 2239 890 2319 quod
913 2241 1059 2319 tradetur,

131 2324 173 2385 bie
196 2324 328 2403 sanguis
350 2342 446 2402 meus,
469 2324 520 2401 qui
542 2321 722 2386 effundetur.
755 2322 964 2384 Hereditatem
987 2345 1062 2385 nuu-

133 2415 220 2490 eupat
243 2411 278 2468 et
299 2404 456 2486 designat,
480 2425 547 2467 eum
571 2405 659 2467 dicit:
690 2405 725 2466 ln
753 2408 966 2468 remissionem
988 2427 1062 2488 peo-

135 2499 281 2552 tetorum.
326 2487 462 2550 Heredes
491 2495 593 2550 autem
614 2489 761 2567 instituit,
790 2509 860 2550 uum
883 2490 971 2550 dioit:
1001 2492 1060 2553 Pro

135 2575 215 2634 vobis
239 2579 274 2633 et
294 2592 351 2654 pro
374 2573 486 2645 multis,
508 2571 607 2646 idest,
630 2573 682 2651 qui
706 2579 870 2652 eooeptant
890 2574 1061 2636 etoredunt

131 2658 328 2737 promissioni
350 2657 520 2726 testatoris3
550 2654 626 2714 fides
650 2656 731 2715 eninr
752 2656 803 2716 hio
825 2656 954 2717 heredes
977 2656 1061 2736 fauit,

131 2748 160 2802 nt
180 2739 369 2801 videbimus.
981 2813 984 2818 ἱ

208 2823 317 2884 Vides·
339 2840 429 2902 ergo,
462 2820 545 2901 qood
573 2821 668 2880 missa
693 2821 803 2900 (qoam
826 2827 992 2892 vocamus)
1025 2823 1064 2881 sit

131 2907 297 2986 promissio
320 2905 510 2966 remissionis
526 2910 736 2984 peecatorum,
760 2905 856 2965 aDeo
871 2904 960 2965 nobis
972 2904 1064 2981 faeta,

132 2996 159 3050 et
182 2989 253 3049 talis
277 2989 454 3068 promissio,
476 3006 556 3067 quae
577 3007 632 3067 per
642 2993 772 3047 mortem
795 2987 850 3047 lilii
865 2988 921 3047 Dei
943 2986 1065 3046 firmato
1118 3035 1120 3039 ,

132 3073 175 3135 sit.
221 3073 303 3132 Nam
330 3072 496 3151 promissio
527 3076 557 3130 et
584 3075 801 3130 testamentum
830 3090 891 3131 non
923 3069 1065 3129 differunt

132 3155 201 3231 alio,
224 3173 320 3234 quom
342 3153 424 3234 quod
441 3159 659 3214 testamentum
681 3152 769 3212 simul
792 3153 920 3214 involvit
934 3149 1063 3212 mortem

132 3239 343 3318 promissoris,
372 3242 403 3295 et
432 3243 563 3298 testator
590 3236 670 3296 idem
693 3242 755 3311 est,
786 3234 869 3314 quod
900 3236 1063 3294 moriturus

132 3322 312 3401 promissor,
335 3321 506 3398 promissor
528 3325 629 3379 autem
653 3320 786 3378 victurus
813 3319 863 3394 (ut
885 3317 1060 3395 siodioam)

133 3410 272 3467 testator.
326 3403 395 3462 Hos
430 3409 646 3463 testamentum
678 3400 788 3461 Christi
824 3400 1072 3480 praefiguratum
1163 3469 1171 3481 x

134 3489 230 3548 estin
255 3486 398 3547 omnibus
422 3484 676 3564 promissionibus
698 3484 766 3559 Dei,
788 3483 826 3544 ab
848 3483 935 3543 initio
949 3483 1064 3562 mundi,

134 3571 194 3631 imo
218 3589 327 3630 omnes
339 3570 561 3650 promissiones
583 3569 726 3645 antiquae
739 3568 769 3626 in
791 3568 850 3626 ists
863 3585 945 3626 nova
966 3567 1065 3627 futura

135 3655 164 3713 in
177 3653 300 3714 Christo
323 3655 529 3733 promissione
540 3650 710 3724 valuerunt,
733 3648 878 3728 quidquid
896 3650 1064 3728 valuerunt,

135 3737 164 3798 iu
186 3756 286 3819 eaque
307 3735 530 3821 pependerunt.
558 3735 632 3800 Inde
653 3733 853 3796 usitatissima
874 3739 944 3796 sunt
964 3733 1017 3797 illa
1033 3734 1063 3797 iu
