2392 4170
191 246 257 315 226
451 244 601 305 inimus
617 246 720 304 oum.
740 244 848 318 sayna

105 412 110 421 ’
191 437 327 502 propera
346 419 508 481 consilinm
529 417 811 500 praecipitandum,
845 415 900 477 sed
934 420 1115 476 cunctanter

191 503 364 584 agendum,
393 521 465 563 nam
488 501 552 565 cet.
575 521 650 563 suae
681 501 828 561 arbitratu
860 499 1023 570 difficulter
1054 501 1116 560 ista

192 604 249 666 per
271 604 329 645 vos
350 585 435 646 solos
467 594 612 665 tanquam
635 603 753 665 paucos
774 583 905 644 obtineri
925 601 1030 663 posse.

206 677 211 685 '
274 668 341 728 Neu
373 668 496 729 dubium
536 688 620 747 esse,
657 669 747 747 quin,
782 667 932 745 siquidem
962 668 1115 727 sententia

193 759 295 812 vestra
316 753 524 812 testimonium
554 752 666 811 habeat
687 749 864 830 Evangelii,
896 750 1000 829 plures
1034 769 1115 811 mor·

192 835 298 896 talium
321 854 390 896 eam
411 835 584 915 amplexuri
612 836 687 913 siut,
723 852 761 893 ao
794 843 857 893 tum
891 833 1015 893 demum
1044 853 1113 897 cum

193 918 411 998 suffragatione
433 920 558 978 maioris
580 919 674 998 partis
703 919 902 976 mutationem
937 925 1116 978 constanter

137 991 142 1003 ’
192 1012 225 1061 st
245 1004 312 1060 siue
335 1004 454 1080 magnis
476 1001 702 1082 impedimentis
724 1001 864 1060 inchoari
885 1018 989 1079 posse.

275 1082 315 1143 Et
331 1083 585 1144 clementissimus
603 1085 753 1144 Dominus
770 1103 855 1143 meus
872 1083 1008 1144 noudum
1022 1083 1113 1144 educ

194 1174 243 1226 tus
265 1173 321 1247 est,
343 1169 467 1245 quaudo
495 1169 625 1247 primum
660 1168 710 1226 hic
741 1168 816 1226 ritus
848 1167 1025 1247 Missurum,
1063 1167 1113 1247 qui

191 1268 274 1309 nune
294 1251 424 1309 usitatus
449 1261 509 1327 est,
530 1251 721 1310 introductus
744 1251 797 1325 sit,
820 1252 871 1330 qui
901 1251 1034 1310 fortasse
1062 1249 1113 1310 ali·

192 1340 266 1411 quot
287 1335 426 1393 centenis
448 1335 537 1393 aunis
564 1337 595 1393 iu
622 1342 687 1393 tota
716 1333 850 1393 ecelesia
881 1346 1024 1413 receptus
1058 1339 1114 1407 est,

191 1423 223 1558 gt
243 1416 367 1496 quando
388 1417 441 1476 ille
463 1419 578 1496 primus
599 1436 677 1495 mos,
695 1435 757 1496 quo
774 1419 819 1476 usi
835 1418 955 1477 luerunt
968 1417 1114 1498 apostoli,

214 1500 326 1560 esierit

271 1581 435 1642 Praeterea
458 1591 489 1642 et
510 1583 572 1642 hoc
594 1582 850 1643 considerandum
884 1602 952 1643 esse
986 1581 1111 1661 iudicat,

190 1682 259 1724 cum
282 1666 396 1745 templa
418 1673 449 1725 et
470 1666 623 1726 coenobia
645 1668 822 1745 plerumque
851 1676 978 1747 propter
1007 1667 1114 1726 llissa·

190 1767 256 1807 rum
280 1749 506 1810 celebrationes
527 1757 683 1809 exstructa
705 1759 737 1809 et
764 1747 892 1809 fundata
924 1752 1000 1830 sint,
1033 1768 1113 1828 quae

191 1831 330 1892 confusio
353 1839 520 1911 sequutura
540 1841 631 1910 esset,
654 1835 678 1891 si
703 1833 815 1892 lliasae
862 1852 987 1913 prorsus
1010 1833 1112 1892 abole-

190 1922 310 1990 rentur,
346 1917 540 1994 quiescitis,
563 1924 704 1975 cessante
737 1935 832 1976 causa
863 1918 954 1976 etiam
990 1934 1113 1976 cessare

190 1996 344 2059 effectum.

271 2079 374 2156 Quare
396 2081 486 2141 facile
507 2090 612 2161 potest
633 2081 774 2158 divinari,
807 2082 936 2141 futurum
960 2101 1046 2157 esse,
1083 2089 1113 2141 ut

189 2163 289 2223 Missis
311 2163 433 2224 abolitis
457 2167 548 2225 etiarn
572 2165 763 2241 sacerdotiis,
802 2166 923 2244 templis
946 2175 975 2225 et
1006 2185 1113 2227 mona·

189 2247 288 2305 steriis
309 2246 404 2306 debiti
427 2247 552 2323 reditus,
575 2249 735 2308 facultates
758 2257 789 2308 et
811 2250 976 2327 pensiones
998 2249 1111 2309 detine·

189 2336 279 2388 antur
300 2348 338 2389 aa
359 2329 564 2393 detrahantur.
607 2333 694 2391 Touo
716 2351 790 2412 ergo
813 2335 837 2391 ai
863 2352 1014 2412 unapars
1038 2333 1112 2392 alte·

188 2430 252 2470 ram
276 2414 479 2491 exspoliaret,
512 2423 565 2474 aut
586 2416 664 2475 alius
687 2416 777 2474 alium
807 2423 950 2493 tanquam
981 2415 1110 2475 haereti-

189 2512 257 2554 cum
281 2505 333 2556 aut
354 2505 584 2575 persecutorem
613 2498 763 2558 ecclesiae
795 2500 1020 2577 criminaretur,
1054 2511 1110 2559 tur·

189 2578 304 2638 buleuti
327 2579 397 2639 iude
420 2590 520 2641 motus
544 2582 719 2661 existerent,
744 2583 825 2660 quod
850 2583 986 2660 vosipsi
1009 2587 1112 2642 vestra

189 2661 350 2741 prudentia
371 2664 460 2723 facile
483 2665 679 2744 expendetis:
703 2684 782 2743 quae
805 2684 860 2724 vos
884 2664 941 2726 CL.
965 2666 1001 2725 D.
1026 2686 1111 2724 meus

190 2746 332 2805 clementi
356 2766 429 2826 erga
454 2767 509 2807 vos
532 2750 635 2808 animo
659 2749 777 2807 celatos
800 2748 906 2807 uoluit.

272 2829 486 2908 aequoniam
510 2831 570 2890 hoo
594 2833 750 2910 negotium
773 2831 813 2890 ad
835 2833 928 2910 ipsius
952 2830 1015 2892 Cel.
1040 2850 1111 2890 con·

189 2910 289 2970 silium
312 2913 469 2986 reiecistis,
492 2933 560 2973 oum
584 2917 662 2974 sciat
684 2934 717 2973 se
741 2934 807 2973 esse
838 2912 948 2973 laicum
980 2933 1039 2973 uec
1064 2935 1110 2973 sa·

188 2995 227 3054 tis
246 2993 374 3073 peritum
396 2994 571 3075 Scripturae
602 3006 632 3056 et
660 2999 938 3057 controversiarum
967 2996 1111 3057 eeclesia·

189 3078 342 3156 sticarum,
364 3080 485 3138 iuterim
506 3100 525 3138 a
548 3080 635 3140 vobis
660 3082 750 3158 petit,
785 3092 817 3139 ut
846 3099 905 3139 uua
939 3098 1007 3139 cum
1043 3082 1112 3141 aliis

191 3159 376 3221 Academiae
399 3169 429 3221 et
451 3163 581 3242 Collegii
605 3165 805 3222 ecclesiastici
837 3165 1009 3242 praecipuis
1040 3165 1112 3224 viris

189 3244 230 3301 ita
253 3244 451 3320 moderemini
475 3266 512 3306 ac
534 3248 632 3326 agatis
662 3255 757 3306 totam
785 3247 866 3306 hanc
897 3266 1039 3322 oausam,
1074 3267 1113 3307 ue

190 3325 261 3403 quid
286 3336 445 3388 moveatur
466 3332 698 3409 suscipiaturve,
724 3329 803 3389 unde
826 3329 962 3410 dissidia,
987 3331 1109 3391 seditio·

189 3428 259 3484 nes,
288 3410 394 3469 turbae
416 3412 537 3491 aliaque
559 3412 756 3473 incommoda
779 3423 958 3479 nascantur.
990 3414 1044 3473 sed
1080 3435 1112 3473 re

189 3492 355 3572 prudenter
376 3493 544 3556 deliberata
567 3497 641 3556 talia
664 3495 764 3555 media
786 3504 816 3555 et
837 3497 972 3556 remedia
989 3517 1113 3556 necom-

189 3574 332 3653 rnodetis,
354 3595 433 3655 quae
455 3581 574 3657 prosint
595 3579 633 3638 ad
657 3578 817 3638 utilitatem
847 3591 877 3638 et
909 3581 1114 3659 tranquillita-

188 3667 249 3718 tem
272 3657 443 3720 catholicae
466 3663 627 3738 ecelesiae,
651 3670 684 3721 ut
705 3662 931 3740 distractiones,
965 3663 1111 3723 tumultus

186 3741 353 3822 populares
375 3750 406 3801 et
428 3745 490 3803 alia
512 3746 647 3824 pericula
668 3753 847 3808 caveantur.
