2392 4170
146 208 213 323 264
221 260 233 268 ’·
452 252 496 309 De
513 250 587 311 votis
605 246 767 307 monasticis

145 431 335 509 repugnant,
357 444 418 508 quo
441 431 627 506 statuerunt,
650 444 712 488 non
742 423 846 487 omnia
867 430 956 489 extra
978 423 1073 488 fldem

147 530 216 574 esse
237 518 376 592 peecata.

229 593 309 656 Huic
330 593 492 657 mendacio
515 594 661 656 adversus
672 594 770 655 Deum
792 597 896 656 erecte
909 611 977 655 oum
997 592 1075 667 l’an·

147 679 195 740 lna
217 680 382 758 resisteret,
404 685 531 740 coactus
559 684 607 740 est
636 678 754 739 larvam
787 675 912 757 glossae
945 676 1076 740 induere

146 761 319 824 stillarum
353 765 456 824 sensui
485 761 603 825 cedere.
647 762 703 823 Est
729 767 830 821 autem
863 759 969 841 glossa
996 761 1075 822 eins-

146 845 240 922 modi,
262 845 354 908 fldem
377 865 416 909 eo
438 846 509 907 loco
531 846 629 927 acoipi
658 863 714 927 pro
750 843 949 907 conscientia.
993 844 1075 907 usse

128 924 237 1097 ‘ipptnr
265 948 326 991 non
357 949 397 991 ex
419 929 480 992 tide
503 937 549 991 est
580 935 687 991 contra
709 927 930 993 conscientiam
964 946 1072 1007 agere.

196 1033 251 1074 ens
274 1020 375 1075 antem
398 1020 507 1075 contra
538 1012 759 1075 conscientiam
791 1009 934 1071 aedificat
956 1011 995 1072 ad
1020 1030 1073 1095 ge

119 1095 288 1161 ‘bennam
324 1096 411 1158 Haec
430 1096 531 1177 retuli,
553 1117 592 1158 ne
614 1101 722 1177 putent
742 1113 801 1157 nos
823 1113 928 1155 eorum
953 1097 1072 1176 magni·

144 1178 234 1241 fleam
246 1181 427 1262 sapientiam
452 1200 551 1261 neque
563 1199 656 1241 nosse
677 1197 779 1258 neque
797 1176 918 1259 legisse.
950 1178 1073 1242 Deinde

145 1269 176 1324 et
207 1263 269 1325 hoc
301 1263 396 1325 multo
428 1265 563 1326 maxime
584 1262 759 1344 negabunt,
793 1267 865 1323 vota
893 1263 1072 1325 necessaria

145 1365 213 1409 esse
235 1349 302 1409 sine
323 1347 394 1413 lide.
422 1346 544 1410 Habent
565 1347 644 1408 euim
667 1344 760 1407 fldem
783 1344 994 1426 multiplicem,
1018 1365 1069 1427 ge·

143 1431 290 1509 nerslem,
311 1431 488 1513 specialem,
509 1431 702 1512 acquisitam,
721 1428 874 1510 infusam,
895 1429 1072 1507 informem,

141 1513 324 1594 formatam,
346 1515 548 1594 catholicam,
569 1513 805 1596 particularem,
836 1512 1017 1592 implicitam
1041 1523 1073 1577 et

144 1598 340 1677 explicitam,
363 1599 424 1659 boc
446 1605 507 1677 eat,
542 1597 787 1659 confusissimam
809 1595 1001 1677 Babylonem
1025 1617 1069 1660 er·

143 1701 245 1744 rorum
268 1689 299 1743 et
320 1682 511 1761 opinionum.
543 1681 689 1762 Cogimur
698 1681 813 1760 itaque,
836 1697 875 1740 ne
890 1681 1070 1743 Amorraeis

145 1771 176 1826 et
198 1766 280 1827 ranis
302 1765 368 1826 istis
396 1766 470 1827 nihil
495 1784 600 1827 eorum
624 1764 736 1842 scire')
763 1761 933 1842 videamur,
960 1765 1070 1827 adver-

143 1866 195 1909 sus
216 1849 276 1910 ieta
298 1847 469 1929 disputare,
501 1856 532 1911 et
552 1855 689 1911 nostram
711 1864 817 1927 rupem
852 1866 913 1910 non
943 1848 1068 1928 quidem

142 1930 274 2012 firmare,
296 1931 351 1993 sed
372 1932 489 1994 flrmam
514 1937 700 2011 monstrare,
722 1928 866 2011 dispulsis
888 1930 992 2012 fumo,
1015 1952 1070 1994 nu·

142 2014 230 2076 bibus
253 2023 283 2076 et
303 2015 423 2077 nebulis
446 2035 501 2097 per
522 2016 662 2076 homines
686 2012 839 2076 excitatis.

226 2098 364 2160 Christus
387 2097 481 2161 dicit:
503 2097 563 2174 Qui
585 2117 647 2160 non
677 2095 855 2174 crediderit,
884 2096 1070 2161 condemna·

102 2180 246 2262 ‚,bitur,
268 2182 362 2243 Marci
396 2182 466 2249 ult:
496 2189 527 2243 et
549 2181 635 2245 loha.
657 2183 693 2246 8:
723 2180 755 2242 si
784 2197 847 2240 nen
871 2181 1071 2262 credideritis,

141 2264 213 2344 qnia
245 2282 305 2345 ego
339 2285 425 2346 sum,
459 2265 630 2326 moriemini
666 2265 695 2324 in
727 2269 856 2344 peccato
888 2273 1006 2344 vestro,
1039 2276 1071 2327 et

139 2346 331 2412 Iohan.16.:
363 2348 419 2410 llle
445 2355 553 2431 arguet
588 2348 734 2408 mundum
767 2345 806 2406 de
833 2353 974 2426 peccato,
997 2344 1069 2428 quia

140 2449 202 2492 nou
225 2431 354 2492 credunt
373 2433 405 2493 in
425 2452 487 2496 me.
532 2430 582 2494 Da
611 2432 703 2512 igitur
731 2429 915 2491 monachum
938 2438 1070 2506 eastum,

140 2512 353 2594 obedientem,
381 2534 576 2597 pauperem,
605 2521 636 2576 et
668 2511 810 2576 omnibus
832 2514 993 2575 virtutibus
1022 2535 1070 2576 rs-

139 2597 262 2674 iertum,
285 2606 465 2679 operantem
491 2601 728 2678 quantacunque
747 2596 814 2657 sine
835 2595 905 2675 fide,
930 2599 1068 2678 nunquid

139 2699 201 2741 non
225 2678 441 2742 damnabitur?
484 2681 595 2742 Nonne
616 2687 721 2742 manet
737 2682 904 2742 sententis:
931 2681 990 2757 Qui
1004 2701 1067 2743 non

139 2761 310 2841 crediderit,
334 2763 612 2825 condemnabitur?
655 2763 766 2824 Nonne
788 2772 948 2843 peccatum
974 2765 1069 2827 hebet

139 2844 221 2926 quod
243 2847 343 2926 arguit
371 2847 517 2928 spiritus?
560 2847 671 2908 Nonne
697 2846 844 2906 morietur
876 2849 905 2908 in
935 2856 1069 2928 peccato

137 2929 215 2990 suo?
257 2930 299 2991 At
320 2949 412 3010 mors,
435 2930 602 3009 damnatio,
623 2928 823 3010 reprehensio
855 2949 917 2991 non
940 2932 1069 2994 infertur

138 3013 177 3093 ei,
200 3014 334 3093 quinon
357 3020 476 3094 peccat.
518 3013 584 3075 Nec
606 3019 662 3093 eet,
685 3009 767 3093 qnod
797 3011 848 3073 hic
880 3014 1007 3077 eludant
1036 3025 1068 3078 et

139 3094 257 3172 dicant,
279 3103 443 3176 peccatum
472 3095 661 3157 infidelitatis
684 3094 807 3175 quidem
832 3095 989 3174 damnari,
1011 3100 1066 3161 sed

46 3228 49 3239 .
138 3197 199 3239 non
223 3180 336 3257 omnis,
360 3199 439 3260 quae
461 3179 538 3241 liunt
559 3181 589 3240 in
614 3184 746 3261 peccato
768 3176 966 3242 infidelitatis.
1001 3180 1068 3244 Sci-

138 3261 212 3322 licet
233 3261 349 3324 fructus
371 3263 472 3325 bonos
494 3264 571 3324 leret
593 3263 685 3324 arbor
701 3261 807 3323 mala?
830 3265 911 3324 etin
935 3277 1068 3345 peccato

139 3344 221 3405 lacta
243 3364 304 3407 nou
328 3353 398 3407 sunt
425 3344 577 3427 peccata?
619 3344 656 3408 In
686 3346 846 3428 proposito
874 3347 1068 3413 adulterandi

139 3426 214 3487 dare
236 3447 347 3508 panem
371 3431 475 3510 egenti
496 3435 658 3510 peccatum
682 3436 739 3506 est,
762 3434 793 3489 et
815 3429 972 3493 vovereio
997 3453 1067 3513 pro·

135 3511 238 3653 posito
273 3530 335 3572 non
369 3511 512 3573 credendi
546 3532 608 3575 non
639 3518 799 3594 peceatum
836 3515 909 3575 est?
952 3514 1012 3577 een
1037 3523 1069 3578 et

151 3593 283 3659 obanit
320 3594 450 3657 obstruit
470 3596 531 3656 hoc
559 3614 595 3656 os
617 3596 742 3676 impium
771 3595 891 3658 dicens:
921 3598 979 3674 Qui
1003 3619 1067 3661 non

209 3776 374 3849 1)1nsdit
392 3777 499 3853 priore:
518 3778 584 3839 nihil
605 3777 676 3838 scire
695 3794 798 3865 eorum,
