2392 4170
131 237 195 317 4232
415 240 585 303 ,minoen
608 239 773 295 meierum

131 396 287 459 Domine?
321 395 401 472 Quid
424 403 486 473 eat,
515 413 577 456 non
595 394 792 457 oonbnebial
828 395 888 457 nisi
909 413 951 455 aa
971 394 1057 457 stas·

131 481 174 541 ita
196 481 314 561 iaoere,
336 481 361 539 si
384 479 463 539 enim
487 497 643 558 nunquam
665 486 836 559 repararet,
865 497 940 539 vere
960 479 1057 541 eonti-

135 569 227 627 neret
255 582 324 625 aeae
360 559 451 644 super
481 562 518 623 iis
540 562 637 624 semel
665 559 804 624 vastatis.
847 562 945 623 Estne
965 562 1059 642 igitur

133 656 248 711 sartum
277 666 315 706 ao
340 645 560 721 elatissimam,
592 644 640 704 his
670 645 770 705 verbis
804 664 861 726 pro
882 645 1058 725 reparanda

131 727 324 801 Hierusalem
360 740 390 791 et
417 727 535 809 templo
563 730 643 789 orari
665 738 695 788 et
717 729 820 807 gemit
853 728 972 808 alioqui
992 747 1055 793 uon

132 813 235 887 video,
256 814 376 875 eureio
397 811 555 892 allegaret,
575 810 745 872 insuloaret
765 818 797 875 et
820 820 1007 892 aggravaret
1027 817 1059 873 at

132 904 344 977 eraggeraret.
386 895 438 957 ste
460 901 583 975 oportet
611 914 681 955 oum
710 893 863 975 sophistis
894 895 1058 976 pertimui·

132 979 190 1045 bns
221 980 314 1043 stiam
336 979 375 1040 de
396 998 452 1060 per
473 997 506 1037 se
540 979 622 1039 notis
657 977 814 1055 dubitare,
849 978 951 1041 dones
972 986 1058 1040 sem

135 1063 219 1131 taut
1057 1115 1069 1141 ,

217 1146 418 1224 Consequens
450 1155 512 1219 est,
547 1143 639 1205 talem
666 1146 729 1224 peti
752 1146 817 1204 istis
839 1143 1006 1225 gemitibus
1027 1150 1059 1205 at

134 1229 245 1307 verbis,
268 1248 349 1309 quaa
371 1229 469 1308 possit
491 1228 637 1308 reparari.
680 1227 810 1307 Spiritus
828 1229 909 1288 enim
931 1235 1058 1289 amotus

134 1332 195 1375 non
217 1319 265 1381 est
286 1321 348 1375 tam
368 1311 490 1386 stultus,
513 1320 544 1371 ut
566 1318 714 1391 suggerat
736 1311 1059 1391 petereimposaibllis

134 1396 304 1467 manifesta.
355 1394 395 1457 At
429 1395 490 1454 iam
513 1392 669 1455 definitum
693 1404 776 1471 erat,
810 1405 882 1475 post
904 1394 1058 1458 Christum

134 1499 234 1560 nequa
255 1481 285 1541 in
308 1485 415 1543 monte
429 1496 529 1556 neque
551 1478 581 1537 in
594 1477 797 1554 Hierusalem,
817 1477 872 1538 sed
896 1479 927 1538 in
949 1479 1059 1557 spirita

134 1571 165 1623 et
185 1563 313 1622 veritate
336 1560 526 1621 adorandum
558 1580 626 1620 esse
649 1560 765 1636 Deum,
798 1569 830 1620 ut
852 1561 992 1622 Christus
1013 1560 1059 1622 lo·

133 1646 204 1708 ban.
225 1646 256 1709 t
289 1644 380 1723 didit,
414 1643 498 1722 quod
532 1644 710 1724 mysterium
745 1645 877 1703 futurum
910 1652 941 1704 at
972 1645 1060 1723 spiri-

135 1738 183 1789 tus
205 1729 303 1795 lasiae
335 1728 379 1789 ita
412 1735 518 1787 notum
553 1727 641 1801 lesit,
676 1734 707 1786 ut
741 1727 819 1787 alius
854 1733 924 1806 post
955 1724 1059 1789 David

134 1810 234 1873 nullus
266 1818 327 1872 tam
366 1809 449 1870 olore
482 1810 662 1889 cognoverit
697 1816 728 1869 et
762 1809 959 1890 praedixerit.
1015 1809 1060 1873 si.

135 1895 196 1957 mul
249 1894 371 1974 Haggei
417 1894 572 1954 seoundo:
625 1893 744 1952 Domus
788 1896 847 1953 ista
891 1894 1062 1954 novissima

135 1976 293 2057 praediola
314 1983 370 2038 ast.
426 1976 463 2036 tut
485 1976 595 2037 Daniel
606 1974 641 2056 *)
667 1975 890 2036 desolationem
912 1981 1061 2037 etatulam

136 2079 232 2139 neque
273 2062 303 2120 in
343 2060 434 2121 finem
475 2067 546 2138 post
587 2058 741 2122 Christum
776 2066 936 2120 venturam
973 2078 1061 2138 praa

135 2143 225 2217 uidit,
263 2149 295 2202 ut
321 2141 511 2221 impossibile
539 2142 577 2201 sit
609 2161 678 2202 eam
709 2144 859 2222 reparari,
894 2149 928 2202 ut
953 2140 1060 2203 Iudaei

134 2232 326 2305 exspectant.
378 2223 481 2299 Quare
515 2225 574 2285 ists
610 2224 781 2304 deploratio
817 2235 847 2285 et
880 2225 1059 2305 imploratio

134 2327 195 2369 non
232 2314 336 2387 potest
369 2315 545 2386 oompetere
577 2308 765 2387 temporibus
795 2317 864 2388 post
894 2308 1060 2386 Christum,

133 2390 188 2452 sad
210 2389 419 2471 Babylonioae
441 2392 626 2470 captivitatis
649 2398 783 2466 tantum,
808 2391 857 2452 ubi
881 2400 1007 2471 stapes
1030 2400 1061 2450 at

134 2474 318 2534 desiderium
351 2481 382 2533 et
403 2475 508 2535 oratio
543 2493 599 2553 pro
628 2473 800 2553 reparanda
833 2476 957 2535 civitate
976 2483 1061 2536 reolo

133 2558 252 2636 spiritui
274 2557 421 2618 tribuitur.

216 2639 284 2701 Hoo
306 2642 398 2702 etiam
430 2639 658 2701 observandum
681 2648 744 2715 est,
774 2659 813 2700 ne
836 2638 1060 2720 blasphemiam

134 2722 302 2785 tribuamus
335 2723 460 2802 Spiritui
495 2731 624 2796 annoto,
656 2724 743 2801 quasi
779 2725 809 2783 in
844 2741 979 2802 persona
1005 2723 1060 2784 im·

132 2809 252 2887 piorum
284 2812 315 2868 et
343 2805 620 2886 blasphemantium
654 2806 821 2885 aliquando
858 2807 897 2866 sit
926 2805 1088 2895 loeutus·

134 2889 300 2951 Definitum
321 2885 353 2964 ¹)
378 2899 424 2949 est
447 2889 556 2950 Psalm.
581 2891 639 2954 109
653 2888 703 2966 ²),
731 2887 908 2950 Orationem
931 2887 1060 2950 Iudaeo·

133 2993 197 3035 rum
229 2973 388 3035 Romanae
425 2972 609 3051 captivitatis
642 2972 706 3032 fore
735 2979 896 3051 peceatum
926 2981 956 3031 et
986 2972 1060 3034 abo·

132 3055 287 3117 miualem.
330 3053 449 3114 Deinde
478 3055 631 3131 Christus,
664 3055 774 3117 Psalm.
802 3052 901 3136 16³),
933 3057 1062 3116 nomina

132 3157 237 3198 eorum
261 3156 322 3198 non
347 3147 584 3197 memoraturum
616 3158 686 3198 sese
719 3138 792 3198 dioit
814 3157 868 3216 per
890 3137 971 3198 labia
994 3158 1059 3200 sua.

133 3219 300 3295 Quomodo
330 3239 404 3298 ergo
435 3221 465 3280 in
505 3240 638 3300 persona
674 3221 951 3300 blasphemantium
981 3221 1060 3282 blsa-

132 3303 272 3382 phemias
295 3322 402 3362 eorum
425 3317 562 3382 exponet
586 3322 690 3364 eoram
714 3304 781 3364 Deo
805 3304 929 3382 spiritus
950 3304 1061 3380 tostae,

133 3406 201 3449 oum
237 3392 323 3446 tanta
357 3385 542 3464 humilitate,
578 3392 640 3447 tam
670 3388 721 3467 pia
749 3386 961 3463 confessione,
997 3393 1059 3450 tarn

132 3470 253 3531 sincero
290 3467 384 3531 eorde
417 3477 445 3529 et
476 3469 602 3530 studio?
644 3470 774 3550 Oportet
815 3470 895 3530 enim
932 3479 964 3532 et
995 3472 1060 3531 eius

204 3660 236 3791 lp
251 3658 281 3781 llp
294 3656 337 3712 ed.
349 3659 437 3784 prig:
458 3657 615 3709 diffinitum.
634 3656 666 3724 2)
681 3658 766 3710 lbid.:
787 3657 847 3714 108.
866 3657 899 3715 3]
915 3657 997 3712 lbid.:
1019 3659 1059 3714 tb.

283 3744 325 3781 on.
369 3770 373 3779 .
