2340 4162
173 233 234 299 tlt)
464 237 625 293 mutantis
644 239 830 294 Lutharians

173 409 282 452 nouem
305 390 444 470 fidelem,
478 395 588 474 repetit
620 402 651 454 et
671 395 804 454 inculcat
824 392 995 474 diligenter·
1010 393 1096 453 velut

174 473 270 554 digito
286 486 459 536 monstrans
482 477 555 536 illud
573 478 716 539 verbumr
739 478 770 538 Si
785 489 885 538 autem
903 477 999 557 quod
1010 476 1095 552 nolo,

173 559 406 638 quiasuperius
430 559 553 620 videbat
541 569 588 620 tur
611 559 769 620 obscurius
794 561 926 638 dictum,
951 560 1094 620 obicum

173 641 301 700 dixisset
322 642 474 702 similiter:
506 641 537 704 Si
561 651 661 703 autem
684 644 768 722 quod
797 644 886 722 nolo,
917 608 983 703 boc
1001 642 1095 722 facio,

47 744 61 759 ··
173 731 337 802 antequam
355 725 490 786 inferret:
513 727 577 786 lam
600 746 662 786 non
677 746 736 806 ego
752 745 873 806 operor,
894 709 1093 806 interposuit':

172 805 340 867 Consentio
352 809 435 888 Legi,
457 811 602 888 quoniam
627 809 707 871 bona
726 820 781 870 est
812 810 869 870 llic
891 817 993 871 autem
1019 827 1094 868 mox

172 889 275 950 infert:
298 889 330 951 Si
352 910 412 970 ego
435 892 543 953 nolens
564 893 655 969 facio,
678 902 759 953 certe
784 894 845 954 hoc
866 893 949 954 nolle
971 891 1094 989 probat,

171 973 255 1052 quod
277 992 339 1033 non
363 992 422 1053 ego
444 975 505 1034 iam
522 995 633 1054 operor
646 975 730 1052 illud,
754 983 900 1037 ettamen
923 975 986 1036 flt·
979 995 1010 1034 ιιι
1033 993 1093 1056 me,

172 1074 245 1135 ergo
268 1058 443 1118 necessario
462 1069 633 1138 peccatum,
655 1060 738 1137 quod
753 1059 870 1119 habitat
883 1061 913 1119 in
938 1078 996 1135 me,
1019 1057 1093 1118 illud

171 1148 325 1219 operatur,
348 1150 380 1200 ut
401 1160 491 1202 nemo
515 1144 613 1222 possit
635 1142 716 1202 huuc
738 1143 840 1203 locum
864 1145 920 1202 nisi
944 1141 983 1200 dc
1004 1142 1093 1221 spiri·

171 1223 244 1283 tuali
266 1223 390 1283 bomine
409 1224 596 1304 intelligere,
629 1244 729 1304 neque
759 1225 796 1286 de
824 1227 877 1303 iis,
910 1227 962 1305 qui
985 1243 1092 1304 perpe·

128 1361 130 1367 ,
170 1313 256 1367 trant
273 1325 369 1385 opera
390 1307 480 1369 mala
525 1307 661 1367 Alterum
689 1310 770 1368 enim
796 1309 847 1368 hic
879 1310 952 1368 dicit
973 1326 1030 1388 per
1052 1308 1092 1367 al·

164 1397 267 1449 terum
288 1389 439 1469 impediri,
458 1392 504 1449 sio
526 1398 628 1451 tamen
652 1397 684 1450 ut
705 1394 828 1474 spiritus
851 1389 1040 1472 praevalent,
1063 1399 1092 1448 et

170 1472 213 1532 illi
236 1471 384 1534 tribuatur
406 1474 488 1551 quod
512 1493 572 1534 nou
597 1481 756 1570 operetur,
786 1494 847 1535 non
872 1476 943 1534 velit
968 1473 1090 1534 malum.

169 1554 239 1616 Non
262 1557 342 1615 euim
366 1558 455 1616 vertit
476 1558 678 1632 sententiam,
701 1564 734 1616 ut
755 1558 883 1617 diceret:
916 1557 986 1618 Nou
1010 1558 1090 1618 euim

171 1639 285 1699 malum
307 1638 390 1717 quod
414 1640 495 1715 volo,
518 1641 577 1701 hoc
599 1640 689 1716 facio,
712 1642 765 1701 sed
784 1642 898 1702 bonum
921 1639 1005 1719 quod
1029 1657 1091 1699 uon

149 1722 242 1782 'uolo
264 1722 324 1782 hoc
351 1723 450 1801 facio,
484 1725 511 1782 si
544 1733 645 1784 autem
679 1723 762 1803 quod
791 1725 864 1785 nolo
894 1724 1007 1784 bonum
1032 1722 1091 1783 hoc

169 1806 266 1882 facio,
287 1806 348 1864 iem
371 1823 433 1866 uon
456 1824 515 1885 ego
537 1825 649 1886 operor
675 1806 765 1882 illud,
788 1807 841 1867 sed
864 1809 980 1886 gratia,
1013 1824 1091 1884 quae

170 1888 338 1949 habitatin
361 1908 419 1950 me.
445 1888 531 1949 Haec
555 1892 635 1950 enim
660 1908 732 1950 caro
755 1890 880 1968 diceret,
901 1892 928 1949 si
949 1898 1094 1969 regnaret·

168 1991 261 2051 super
288 1973 427 2050 spiritum
455 1973 511 2032 sibi
540 1973 696 2035 rebeliem.
745 1972 834 2032 Nunc
867 1992 936 2033 cum
960 1972 1091 2052 Spiritus

169 2054 343 2134 queruletur
364 2061 395 2115 et
410 2063 536 2115 accuset
557 2075 689 2134 carnem,
713 2064 806 2136 patet,
829 2056 912 2135 quod
930 2074 993 2116 nou
1017 2074 1089 2115 caro

168 2139 353 2206 dominetur,
376 2137 430 2198 sed
452 2137 621 2199 dominanti
644 2139 768 2218 Spiritui
791 2141 920 2200 molesta
943 2154 973 2199 et
994 2137 1089 2199 rebel·

167 2221 204 2280 lis
227 2223 275 2283 sit.
318 2220 399 2280 Nihil
429 2223 509 2281 enim
533 2242 587 2301 pro
611 2242 718 2302 carue,
752 2223 806 2283 sed
833 2230 942 2284 contra
966 2240 1088 2281 caruem

168 2304 318 2383 loquitur,
351 2303 434 2383 quod
464 2323 527 2365 uon
549 2306 622 2365 iacit
643 2307 736 2366 bomo
760 2305 891 2367 carnalis
914 2313 1002 2365 extra
1023 2324 1090 2385 gra·

168 2389 241 2448 tiam
273 2390 466 2451 constitutus.
509 2388 579 2449 Non
608 2408 683 2468 ergo
715 2391 787 2448 sinit
819 2391 919 2469 gratia
940 2389 998 2448 Dei
1029 2389 1089 2447 boc

169 2490 247 2550 opus
269 2472 388 2551 peccati
411 2471 469 2531 sibi
490 2472 650 2552 imputari,
680 2474 751 2551 quia
774 2491 880 2533 revera
902 2490 964 2532 non
989 2473 1089 2551 ipsum

168 2562 323 2634 operatur,
344 2563 375 2614 et
397 2562 499 2615 tamen
522 2557 552 2614 iu
571 2574 610 2614 eo
623 2562 678 2634 est,
701 2575 772 2615 vers
789 2574 912 2635 quoque
934 2556 1002 2635 ipse
1018 2573 1090 2634 ope·

167 2647 260 2716 ratur,
283 2645 315 2697 ut
337 2640 410 2698 satis
433 2645 480 2698 est
501 2638 625 2699 dietum.

249 2722 375 2782 invenio
397 2723 490 2801 igitur
512 2722 628 2783 volenti
650 2722 723 2780 mihi
745 2722 846 2781 faeere
866 2722 990 2797 bonum,
1014 2739 1088 2800 quo·

167 2808 248 2866 niam
271 2807 343 2865 milri
364 2805 478 2865 malum
501 2805 629 2868 adiacet.
662 2804 732 2865 Non
755 2813 802 2864 est
823 2806 903 2864 enim
926 2804 1014 2882 alius,
1037 2808 1090 2882 qui

168 2890 232 2949 vult
264 2890 366 2950 facere
399 2889 528 2965 bonum,
563 2894 594 2948 et
626 2888 703 2948 alius
735 2889 782 2948 cui
812 2888 927 2948 malum
956 2887 1088 2949 adiacet.

167 2972 338 3053 spiritualis
371 2972 435 3033 vult
461 2972 562 3032 iacere
590 2971 703 3032 bouum
738 2978 835 3045 totus,
869 2971 921 3030 aed
956 2971 1089 3032 cunulis

166 3056 287 3117 adiacet
308 3056 405 3116 malus
427 3058 494 3136 ipsc
512 3057 610 3117 miuus
635 3062 726 3116 totus.
776 3055 981 3116 Condelector
1003 3056 1087 3115 enim

166 3139 226 3218 legi
251 3141 307 3200 Dei
329 3140 496 3201 seeundum
520 3140 694 3199 interiorem
717 3139 886 3217 hominem,
923 3138 1015 3198 video
1035 3157 1088 3198 su·

167 3229 228 3282 tem
250 3224 341 3284 aliam
364 3224 464 3303 legem
498 3224 528 3282 iu
557 3221 703 3289 membris
737 3222 829 3296 meis,
863 3229 1087 3301 repugnantem

167 3307 226 3402 legi
250 3309 359 3367 mentis
384 3326 481 3382 meae,
504 3312 535 3367 et
549 3308 754 3385 captivantem
779 3308 875 3364 mein
892 3305 994 3385 legem
1016 3323 1084 3385 pec-

167 3391 241 3467 cari,
274 3409 353 3469 quus
386 3400 432 3450 est
461 3392 491 3450 iu
526 3389 669 3449 membris
704 3389 789 3449 meis
831 3386 891 3449 Hic
918 3389 1088 3449 clarissime

166 3492 235 3535 sess
256 3474 399 3554 explicet.
446 3474 600 3534 Delectari
629 3473 760 3532 enimin
784 3472 851 3551 lege
876 3472 931 3531 Dei
955 3482 1088 3532 nonest

165 3557 231 3639 bip,
267 3557 293 3633 ιι
300 3558 420 3641 stipati
432 3557 575 3629 bominis,
595 3575 653 3619 nec
670 3563 820 3635 repugnat
837 3574 895 3615 neo
909 3573 1085 3634 repugnare

261 3672 266 3681 ·
354 3630 578 3720 membrorum
611 3642 661 3717 qui
685 3641 781 3698 iustus
805 3658 865 3699 nou
889 3647 951 3716 est,
985 3639 1084 3719 legem

421 3742 485 3786 nou
514 3685 605 3784 vocbt
638 3723 737 3803 legem
771 3723 960 3803 naturalem,
992 3739 1085 3802 quam
