2392 4170
130 221 203 292 W
423 226 593 285 -confntstto
611 229 784 291 katherinae

139 386 209 448 Nou
240 387 433 468 permanebit
461 388 585 470 spiritus
619 409 704 452 meus
738 389 767 451 in
803 387 967 463 ·homine·‚··
985 388 1061 470 qnia

141 489 214 534 oaro
237 477 295 536 eat
323 473 376 534 -Ει
396 473 522 535 Paulus:
540 474 663 536 Nonne
689 473 847 538 homines
856 473 951 535 nassei
975 474 1059 537 {tem

140 556 262 635 saepius
290 557 464 618 seeundum
499 559 652 620 homiuem
683 558 762 620 dios.
797 557 885 620 item
923 557 1059 621 hunno

141 637 201 701 dis
245 640 286 700 Et
305 640 386 702 Psoi
408 640 507 715 82²):
537 643 602 703 Vos
628 644 706 703 aiant
726 642 872 703 homines
889 641 1060 771 moriamini

140 728 198 785 ato.
224 730 308 784 oerta
327 726 402 786 mihi
425 726 596 804 augustiam
620 727 779 788 feeerit.¹
915 760 932 769 ·-
964 760 971 769 ι
989 743 1026 779 -«···

223 807 426 870 Ratundenda
448 829 522 888 ergo
544 815 592 870 est
579 807 803 871 tevidentibus
824 807 1013 906 ΘιιξίιιιιιιὶιιφΙ
1016 814 1060 868 st

139 889 221 950 huno
242 911 364 952 sensum
388 893 564 969 noniaoiat,
587 901 638 955 aut
653 892 823 954 sedendum
843 893 881 966 oi,
905 890 991 951 dnm
1000 890 1060 953 boo

140 972 228 1050 iaoit,
251 975 353 1052 quod·
349 975 469 1036 multae
491 976 579 1040 alias.
623 978 726 1039 Unum
752 983 800 1036 est
818 976 902 1036 enim
923 975 1060 1036 testimo

139 1057 232 1133 nium,
255 1058 314 1118 seo
328 1060 361 1118 in
387 1079 440 1120 ora
455 1060 519 1120 eius
533 1059 660 1121 verbum
677 1059 864 1135 tuuostabit,
884 1057 1060 1119 dum-altas

140 1143 192 1200 aut
215 1143 319 1202 tertius
343 1144 370 1202 ei
392 1144 592 1204 oonseuuerit.
635 1144 742 1223 ltaque
759 1162 827 1203 oum
846 1161 913 1202 eam
936 1141 1059 1223 solusne

140 1224 285 1300 neoniam,
307 1226 412 1286 solvor
433 1225 472 1288 ab
494 1229 559 1286 eius
581 1229 756 1306 exactione,
779 1225 850 1286 dnm
873 1225 901 1285 ei
918 1243 1059 1300 usnam,

139 1307 358 1369 assedentibns
381 1309 500 1370 statiis
522 1309 760 1372 evidentioribus
781 1308 981 1383 testimoniis,
1004 1306 1059 1368 do·

139 1407 197 1450 neo
218 1393 341 1470 spiritus
358 1393 560 1468 revelaverit,
590 1393 745 1454 hominem
774 1411 843 1453 essa
871 1391 961 1452 idem·
975 1389 1061 1470 qnod

139 1472 294 1535 hominem
311 1477 443 1555 iustum,
465 1475 634 1536 othonum
656 1478 757 1537 faeere
778 1495 815 1535 aa
843 1494 906 1535 non
927 1492 1061 1554 pensare

135 1555 218 1617 idam
230 1558 313 1637 quod
325 1560 591 1638 psooars‚interim
602 1559 643 1633 id,
666 1559 748 1639 quod
764 1558 857 1618 verba
867 1564 1060 1633 sonantma-

138 1657 224 1716 quar,
243 1658 307 1701 non
328 1651 488 1704 secuturus
501 1640 654 1724 (afflixi),
666 1642 763 1703 sedin
779 1641 872 1701 dubio
888 1640 1060 1719 relietum,

140 1723 247 1784 sisois
260 1733 391 1788 sonaret.
414 1726 521 1786 'iutior
532 1732 635 1789 tamen
649 1733 696 1786 est
715 1725 878 1786 affirmatio
894 1724 983 1784 huius
993 1743 1059 1784 sen-

139 1825 190 1869 sus
212 1826 303 1886 quam
315 1810 452 1888 negatio,
475 1810 594 1869 etiamsi
606 1809 674 1869 sola
694 1810 860 1871 souaretin
883 1805 1060 1886 totasarip-

140 1895 217 1962 tura,
240 1892 321 1970 quad
341 1911 434 1953 nemo
456 1894 485 1952 in
503 1892 564 1954 hoo
583 1900 704 1972 peceat,
727 1894 751 1951 si
774 1910 830 1953 sua
847 1910 947 1973 ‘opera
966 1889 1061 1961 bona,

139 1973 269 2049 inutilia,
282 1983 411 2054 paooata
421 1976 506 2035 nulla
519 1995 587 2035 esse
603 1995 706 2036 eoram
719 1976 786 2037 Deo
797 1981 932 2051 aoouset,
947 1981 978 2033 et
990 1990 1060 2034 oum

131 2056 200 2116 -Job
208 2058 313 2117 omnis
325 2064 474 2118 vereatur.
482 2058 702 2134 Parieuiosum‚
714 2061 776 2119 imo
784 2058 921 2137 impium,
929 2057 954 2115 si
964 2074 1058 2116 unum

48 2200 50 2203 .
140 2157 218 2218 opus
242 2158 350 2200 eoram
369 2160 407 2201 eo
429 2142 523 2201 iaatet
544 2150 574 2200 et
596 2142 711 2216 laudet,
733 2161 812 2220 quae
834 2141 911 2201 ratio
924 2147 954 2198 et
976 2138 1061 2218 sagit

138 2221 222 2282 huna
241 2242 365 2283 sensum
389 2222 549 2302 temulenti,
583 2227 700 2284 etiamsi
724 2226 888 2299 autoritas,
904 2268 906 2272 .
922 2222 951 2281 id
974 2220 1059 2300 quod

139 2305 285 2365 latomus
309 2306 383 2383 vult,
405 2307 561 2366 simularet
573 2314 699 2368 tantum.
743 2308 832 2367 Nune
853 2325 923 2366 oum
944 2306 1060 2384 apertis

138 2386 238 2447 verbis
260 2389 393 2463 inolinet,
416 2396 446 2450 et
467 2390 552 2450 solus
574 2397 673 2450 matus
696 2397 759 2466 est,
781 2409 821 2450 ue
843 2388 914 2467 quid
936 2387 1059 2448 saeuite

139 2469 265 2545 habeat,
295 2473 395 2552 sitque
417 2492 474 2533 nea
497 2473 587 2552 plene
610 2472 758 2533 obscurus
780 2492 838 2534 neo
860 2472 951 2551 piane
971 2489 1058 2550 apor-

139 2560 189 2613 tus
210 2573 334 2629 seusus,
367 2557 470 2635 potior
497 2558 536 2617 sit
563 2557 686 2635 piatatis
707 2574 832 2633 sensns,
864 2562 916 2615 aut
937 2554 1058 2613 interim

138 2637 248 2711 nulius,
271 2656 362 2716 quam
384 2639 561 2718 impietatis.
1037 2665 1039 2671 ·

171 2748 174 2755 ·
222 2722 368 2800 Aoosdit,
399 2721 481 2800 quod
503 2730 535 2781 st
555 2722 604 2781 hio
626 2722 769 2782 hebraioa
802 2720 916 2781 iaaieua
945 2718 1060 2780 bonum

138 2803 168 2862 io
186 2811 248 2879 ast,
276 2807 327 2884 qui
350 2813 439 2865 autor
461 2813 522 2879 est,
545 2811 578 2864 ut
599 2805 661 2864 sint
682 2804 780 2878 bona,
802 2810 835 2862 ut
856 2821 918 2862 uon
940 2808 1059 2862 tantum

138 2889 347 2966 personalem,
371 2886 426 2948 sed
449 2887 605 2948 effloaaem
628 2886 797 2947 bonitatam
821 2884 859 2947 ad
882 2892 969 2945 extro
991 2903 1060 2964 pao·

139 2978 291 3048 speratam
314 2969 482 3048 signifioet‚
519 2976 551 3028 et
577 2977 680 3030 tamen
714 2969 796 3029 huno
824 2986 954 3048 peoosre
976 2967 1060 3040 droit,

137 3060 253 3130 quanto
281 3055 378 3130 magis
402 3058 595 3133 operatorem
627 3052 777 3114 bonorum
800 3057 996 3132 peeoatoram
1019 3050 1060 3110 ιιι-

138 3135 206 3197 aist.
248 3135 280 3195 Si
303 3143 405 3196 tamen
428 3156 497 3196 msa
519 3135 701 3196 hebr-aioitas
722 3135 814 3195 fidem
837 3133 982 3209 haberet,
1010 3152 1059 3193 aa·

139 3236 271 3278 sorerem
293 3220 323 3278 in
346 3216 479 3278 hebraeo
503 3218 584 3278 huno
605 3238 728 3279 sensum
757 3217 873 3279 haberi
905 3214 956 3277 sio
979 3216 1059 3277 anim

139 3299 246 3361 habat:
267 3300 421 3375 Quoniam
445 3301 538 3361 iromo
561 3321 623 3361 uon
646 3308 693 3361 ast
715 3303 811 3361 iustus
833 3300 863 3360 in
888 3306 983 3368 terra
1008 3299 1058 3377 qui

138 3382 231 3444 isoiat
252 3382 382 3455 bouum
407 3389 438 3442 et
459 3405 520 3444 non
555 3392 671 3464 peooet
717 3385 802 3444 Prior
831 3402 918 3462 pars.
956 3381 1059 3442 Homo

139 3485 201 3527 nou
224 3473 271 3527 ast
292 3468 388 3526 iustus
417 3467 446 3526 in
470 3473 569 3545 terra,
610 3475 693 3528 sarta
722 3466 797 3527 iliud
819 3466 908 3540 insit,
936 3463 1020 3541 quod
1044 3482 1061 3521 e

139 3548 223 3610 libris
250 3549 368 3629 Regum
392 3549 537 3610 Latomua
557 3549 673 3612 affert:
706 3551 774 3612 Non
802 3554 852 3609 ast
879 3547 976 3608 horso
1008 3547 1058 3665 qui

141 3678 559 3689 mmm-m

213 3730 244 3801 1)
266 3731 292 3783 in
312 3730 357 3786 ad.
377 3733 462 3802 orig.:
481 3730 525 3783 Ia.
543 3730 587 3787 81.
