2392 4170
402 246 456 304 Pro
477 249 509 307 D.
529 245 646 306 ltartino
666 246 797 309 Lnthsro.
908 264 919 281 “
1021 247 1063 314 61

139 431 222 509 mare
244 411 363 492 reliqua
398 420 428 473 et
461 413 595 474 iudicare
622 412 661 473 ds
689 418 756 474 toto
770 412 912 474 Decreta
940 410 1063 474 liberius

136 513 249 576 possrs.

146 631 153 639 .
219 578 385 660 Principio,
408 581 464 640 nisi
495 581 623 640 alicuius
654 578 839 640 conducticii
866 579 994 640 rhetoris
1017 583 1064 640 est

137 663 286 744 epistola,
316 681 406 742 quam
439 663 645 744 praefixerunt
674 663 826 739 Decreta,
854 681 912 723 nae
939 662 1065 743 egregie

136 746 257 824 ineptiit
273 747 436 826 theologus
458 749 509 806 ills
528 748 664 826 quisquis
680 754 736 826 est,
759 748 810 824 qni
834 748 965 825 scripsit,
984 764 1064 825 quae
1140 783 1144 790 ·

137 827 210 888 nihil
241 842 362 909 praeter
399 832 561 889 muliebres
598 829 746 908 quasdam
778 831 870 889 l‘urias
903 827 1063 889 continet?

136 910 248 986 Qualia
271 914 351 972 enim
374 931 490 991 quaeso
514 912 605 972 sunt?
648 911 738 973 Solus
761 910 826 972 vult
847 930 967 993 sapere,
991 930 1063 973 con·

137 998 243 1055 temnit
266 1015 338 1073 nos,
365 996 562 1056 Manichacus
587 995 831 1074 est„llloutanus
853 1006 914 1074 est,
935 994 1062 1073 Insanit,

137 1080 324 1139 Ooerceatur
344 1081 406 1159 igni
431 1093 462 1140 et
483 1079 617 1158 flamma,
642 1078 724 1157 quod
746 1097 809 1139 nou
831 1081 902 1139 sivit
922 1079 967 1138 ira
989 1096 1061 1141 con·

135 1182 211 1242 grue
234 1161 347 1225 dicere.
1086 1215 1089 1219 ,

219 1246 329 1325 Porro,
351 1246 402 1305 hic
423 1249 514 1305 etiam
536 1248 645 1326 vulgus
668 1263 861 1305 communem
885 1264 1007 1305 sensum
1030 1244 1061 1305 in

136 1329 194 1388 ista
216 1328 329 1388 ficticia
352 1329 509 1389 Facultate
539 1326 739 1404 desiderabit,
770 1328 852 1406 quod
874 1330 936 1408 igni
959 1331 1061 1408 potius

136 1411 324 1491 perdendum
348 1415 400 1488 ait,
424 1432 514 1491 quam
530 1414 649 1472 ratione
663 1411 846 1472 vincendum
870 1410 1061 1472 esselmthe-

134 1515 210 1559 rum.
255 1493 328 1569 Quis
369 1514 429 1555 non
465 1496 563 1556 rideat
596 1496 646 1555 hic
682 1494 877 1574 muliebrem,
911 1502 942 1555 et
969 1496 1062 1574 plane
1169 1536 1172 1540 -

136 1579 347 1638 monachalem
391 1580 623 1658 impotentiam,
654 1588 685 1638 et
729 1596 799 1638 cum
827 1579 1062 1658 supportatione

135 1662 226 1721 liceat
248 1661 319 1721 mihi
334 1682 459 1722 monere
478 1662 677 1743 spectabilem
695 1661 861 1721 Dominum
883 1662 1060 1722 Decanutn:

134 1744 285 1823 Parcatis,
309 1746 440 1805 Domine
455 1746 590 1816 Decaue,
615 1764 669 1805 vos
686 1745 831 1806 estisiam
852 1745 957 1806 iratus.
979 1743 1060 1807 llum

133 1830 297 1908 ignoratis,
328 1829 410 1908 quod
445 1831 489 1889 ait
515 1830 625 1890 Poeta:
656 1828 752 1888 Furor
790 1829 896 1906 iraque
926 1836 1059 1889 mentem

133 1912 363 1992 praecipitat1).
403 1912 560 1992 Nusquam
584 1932 638 1992 per
666 1911 780 1991 gratias
809 1913 853 1971 sic
874 1912 1061 1991 ineptierunt

135 1995 183 2054 vel
215 1994 417 2056 Colonienses
447 1998 496 2056 vel
520 1997 748 2074 Levanienses,
778 2003 809 2054 ut
832 1993 1057 2076 propemodum

133 2078 352 2155 credam,'non
379 2082 504 2140 omnino
529 2090 643 2141 temere
665 2079 779 2140 dictum
801 2097 870 2140 esse
893 2098 913 2139 a
934 2079 1057 2157 quibus-

135 2162 204 2222 dam
229 2163 392 2242 veteribus,
416 2165 542 2224 cerebro
565 2163 672 2224 Gallos
695 2181 811 2223 carere.

218 2247 373 2306 Aoonsant
405 2245 568 2308 haereseos
599 2246 785 2325 Lutherum,
818 2266 881 2307 non
918 2247 1003 2325 quod
1040 2267 1059 2309 a

133 2328 300 2408 Scriptura,
322 2329 376 2389 sed
399 2332 481 2408 quod
506 2331 543 2390 ab
568 2330 831 2408 Universitatibus,
852 2328 885 2393 S.
909 2329 1058 2408 Patribus,

133 2412 279 2473 Conciliis
308 2414 476 2476 dissentiat.
519 2414 638 2474 Deinde
672 2415 770 2490 prima
803 2413 954 2493 principia
986 2413 1058 2474 fidei

134 2506 246 2556 vocant
270 2497 523 2577 Universitatnm,
547 2497 732 2576 S.Patrun1,
755 2495 964 2557 Consiliorum
988 2516 1057 2558 sen·

133 2581 254 2644 tentius.
298 2580 355 2639 Hic
377 2599 436 2659 ego
460 2582 568 2640 vestris
596 2582 686 2640 etiam
710 2579 868 2654 Decretis,
892 2580 917 2638 si
939 2598 988 2640 res
1011 2591 1058 2641 est

133 2663 274 2743 obscura,
298 2664 454 2723 vobiscum
471 2683 563 2744 agere
576 2680 710 2743 possem.
746 2661 826 2737 Quid
844 2669 946 2722 autem
964 2666 1058 2723 mani-

132 2748 237 2806 l'estius
261 2754 323 2824 est,
348 2767 438 2826 quam
462 2767 520 2807 nec
544 2748 774 2822 Universitates,
809 2763 867 2805 uec
889 2746 919 2808 S.
942 2745 1058 2825 Patres,

132 2849 190 2889 nee
211 2830 349 2891 Consilia
370 2850 463 2910 posse
486 2831 630 2890 articulos
654 2829 725 2889 fidei
754 2829 897 2907 condere,
920 2829 1065 2908 quande·'

132 2913 254 2992 quidem
277 2913 342 2974 lieri
364 2921 484 2995 potest,
508 2921 540 2974 ut
561 2921 662 2975 errent
691 2931 753 2972 non
787 2912 880 2973 modo
904 2911 1058 2973 Universi·

131 3006 231 3073 tates,
259 2996 314 3058 sed
341 3008 372 3058 et
395 2998 424 3061 S.
448 2997 554 3058 Patres
582 3004 613 3058 et
640 2996 795 3074 Concilia3
822 2996 906 3075 quod
934 2997 959 3056 si
984 2995 1056 3061 mihi

132 3100 193 3141 non
217 3081 350 3159 creditis,
375 3079 534 3142 Occhamo
557 3080 665 3142 saltem
691 3088 793 3140 vestro
817 3080 946 3143 credite.

214 3164 333 3243 Ecquid
362 3167 454 3244 igitur
480 3166 631 3246 principia
659 3164 733 3224 fidei
755 3164 875 3225 vocatis
898 3162 1056 3227 hominum

132 3248 319 3328 opiniones?
359 3248 433 3324 Quis
456 3251 578 3329 ignorat
600 3247 730 3308 aPanlo
754 3247 867 3308 dictum
891 3266 969 3327 esse,
992 3249 1055 3310 lun·

132 3332 307 3392 dementum
331 3331 413 3393 aliud
446 3334 519 3412 poni
541 3351 603 3394 nou
636 3350 728 3410 posse
751 3339 872 3411 praeter
893 3330 939 3412 id,
973 3331 1056 3410 quod

131 3418 265 3496 positum
294 3429 363 3490 est,
393 3416 527 3494 loquitur
555 3417 635 3475 enirn
664 3413 702 3475 de
736 3414 887 3476 doctrina.
932 3415 1056 3494 Ecquos

131 3517 231 3560 novos
252 3499 398 3559 articulos
421 3499 491 3559 fidei
515 3500 651 3579 Magistri
674 3499 770 3560 nostri
793 3499 979 3559 Parisienses
1001 3500 1052 3561 ad-

132 3583 225 3644 dent?
248 3585 306 3643 nisi
329 3583 483 3645 suosillos
505 3583 635 3644 tortasse
652 3583 806 3663 rancidus,
827 3590 860 3645 ct
879 3584 910 3644 in
933 3584 1055 3664 popinis

132 3717 165 3725 ...-
176 3718 182 3723 .
187 3716 550 3725 ...φ--σ-ο--ῂ

205 3773 232 3839 1)
252 3772 282 3824 ln
301 3769 345 3824 ed.
365 3771 438 3824 len:
456 3769 651 3840 praecipitant.
