2392 4170
419 275 504 333 urana
522 275 634 347 pavana
651 275 685 363 n.
703 276 738 334 u.
759 277 790 334 u.
885 293 887 297 ·
1013 275 1077 348 tuo

110 464 112 466 ’
150 440 261 504 cedere
268 447 298 502 et
307 447 423 522 tacere,
431 447 495 502 turn
503 441 676 522 quicunque
684 448 763 521 sunt,
771 441 822 522 qui
835 441 1008 526 loquuntur,
1020 444 1079 506 sub'

149 526 294 588 iudicium
318 523 505 586 audientium
533 525 616 605 loqui
646 532 676 586 et
698 545 804 587 eorum
828 529 983 589 autoritati
1006 527 1075 590 sub·

149 610 180 672 di
208 609 331 671 debent.
387 609 453 670 Ubi¹
480 628 562 669 nunc
596 616 642 669 est
671 627 706 686 os
736 617 819 670 tuum
855 611 1017 692 impudens
1046 619 1077 672 et

149 695 247 755 bucca
268 692 460 772 blasphema,
481 692 612 772 Pelagi?
645 694 695 772 qui
719 694 849 774 crepasti
873 695 999 755 immani
1029 713 1076 755 su-

149 779 270 860 perbia:
294 777 354 838 Ubi
376 784 424 837 est
445 777 617 852 malentes,
640 775 680 836 ibi
704 784 751 836 est
773 776 940 838 mandandi
964 780 1074 840 autori·

148 868 211 941 tas,
239 866 358 922 ceteros
393 866 497 922 manet
524 858 689 921 obediendi
721 862 900 923 necessitas.
953 861 1076 923 Scilicet

149 945 244 1008 Satan
266 946 334 1025 ipse
356 962 412 1024 per
434 962 468 1004 os
492 950 575 1004 tuum
599 942 746 1004 adversus
760 944 912 1006 Christum
935 946 966 1006 in
978 945 1074 1007 Paulo

148 1029 327 1110 loquentem
350 1027 431 1088 hanc
454 1026 590 1087 rabidam
614 1045 722 1087 vocem
746 1029 891 1090 evomuit.
931 1027 1075 1093 'Christus

148 1120 180 1174 te
203 1120 234 1174 et
254 1119 307 1172 tua
330 1111 471 1172 omnibus
496 1111 633 1191 subiicit,
656 1111 821 1172 autoritate
842 1111 965 1190 divina,
998 1111 1075 1174 dans

149 1195 290 1258 omnibus
320 1200 350 1255 et
377 1193 525 1274 loquendi
558 1201 589 1255 et
617 1192 772 1255 iudicandi
804 1201 1011 1274 potestatem,
1044 1202 1074 1256 tu

147 1299 233 1360 vero,
256 1279 427 1341 temeritate
449 1279 584 1359 propria,
607 1297 714 1339 omnes
729 1276 853 1339 sublicis
877 1277 939 1354 tibi,
964 1286 995 1339 et
1016 1279 1080 1340 ele·'

147 1365 229 1424 varis
252 1379 345 1442 snper
367 1380 475 1423 omnes
498 1362 582 1422 solus
605 1362 683 1425 sicut
692 1360 821 1438 Lucifer,
845 1380 993 1441 arrogans
1016 1362 1074 1424 soli

147 1445 201 1507 tibi
222 1448 269 1508 ius
291 1445 440 1527 loquendi
474 1453 504 1506 et
524 1444 689 1505 indicandi.
731 1441 829 1524 Igitur
859 1463 966 1506 omnes
990 1445 1073 1508 Chri·

147 1531 237 1592 stiani
259 1532 305 1591 ius
327 1535 359 1591 et
380 1529 516 1590 officium
538 1528 653 1590 hahent
683 1527 832 1605 docendi,
862 1534 896 1589 ut
917 1534 1075 1609 rumpatur

146 1613 316 1677 Behemoth
340 1632 408 1675 cum
431 1613 581 1673 universis
604 1613 739 1691 squamis
762 1612 835 1675 suis.

230 1728 431 1809 Consequens
461 1736 527 1810 est,
557 1737 591 1791 ut
617 1729 691 1790 illud
725 1728 894 1812 Christi*)‚
926 1728 985 1805 Qui
1017 1748 1073 1792 vos

145 1811 239 1893 audit,
263 1833 311 1872 me
333 1812 432 1891 audit,
456 1833 517 1874 non
540 1814 657 1874 maiore
683 1812 745 1874 fide
768 1812 806 1873 ad
829 1833 915 1873 suam
939 1814 1071 1893 tyranni·

145 1893 216 1956 dem
248 1898 414 1977 traxerint,
450 1917 541 1977 quam
574 1896 648 1958 illud
689 1893 937 1977 prophetas**):
970 1896 1074 1957 Nolite

144 1983 273 2060 tangere
297 1979 427 2042 christos
449 1999 546 2044 meos.
589 1979 744 2060 Propheta
772 1981 854 2049 'enim
878 1978 1012 2058 loquitur
1034 1978 1085 2040 de

143 2061 264 2124 christis
287 2062 354 2140 Dei,
377 2064 447 2125 dum
461 2064 548 2126 dicit:
573 2063 710 2126 Christos
735 2082 831 2137 meos,
854 2061 885 2123 id
909 2067 970 2136 est,
994 2080 1072 2142 quos

144 2145 228 2207 Deus
257 2146 345 2207 unxit
376 2149 521 2209 unctione
555 2167 630 2222 sua,
666 2154 696 2208 et
725 2146 927 2208 sanctificavit
959 2144 1072 2225 Spiritu

143 2235 264 2308 sancto,
285 2228 428 2311 Papistae
451 2231 573 2292 trahunt
594 2231 632 2292 ad
662 2230 792 2291 christos
814 2230 917 2311 Papae
946 2235 977 2290 et
1011 2230 1072 2310 epi·

143 2330 320 2392 troporum,
350 2315 402 2394 qui
425 2322 579 2395 unguntur
614 2313 684 2375 oleo
713 2314 773 2374 isto
808 2312 996 2393 corruptibili
1039 2313 1070 2372 iu

143 2396 270 2456 summis
290 2395 392 2478 digitis
419 2401 547 2458 tantum.
591 2396 617 2457 0
652 2395 769 2477 flagitia
790 2397 942 2477 papistica
975 2396 1005 2455 in
1029 2395 1070 2456 di·

143 2478 232 2539 vinus
250 2498 353 2544 voces.
398 2481 508 2542 Christi
536 2480 593 2540 Dei
622 2486 691 2539 sunt
719 2498 827 2538 omnes
856 2478 954 2538 sancti
984 2477 1069 2540 Chri-

144 2562 235 2624 stiani
254 2568 285 2622 st
306 2563 391 2645 Papa
413 2564 486 2624 facit
507 2563 638 2623 christos
661 2562 717 2623 Dei
746 2580 812 2638 eos,
845 2561 896 2640 qui
919 2560 1070 2639 lupanari-

143 2644 200 2706 bus
224 2652 255 2705 et
276 2646 430 2726 speluncis
443 2647 596 2707 latronum
619 2645 764 2707 serviunt.
797 2643 849 2706 stc
871 2663 939 2704 cunr
963 2661 1071 2704 omnes

144 2727 335 2790 Christianos
358 2729 455 2791 audiri
473 2735 626 2809 oporteat,
648 2727 678 2787 id
702 2738 757 2807 est,
782 2727 833 2807 qui
858 2724 1012 2788 Christum
1025 2726 1067 2786 lo-

144 2817 300 2892 quuntur‚
331 2813 417 2894 Papa
444 2813 536 2874 trahit
565 2811 604 2872 ad
633 2831 706 2872 suos
744 2810 904 2892 apostolos
941 2811 1070 2888 tantum,

144 2896 196 2975 qui
218 2914 280 2956 non
304 2897 359 2956 nisi
384 2896 539 2958 diabolum
564 2895 739 2975 loquuntur,
763 2894 865 2973 etqui
889 2892 1005 2973 speruit
1027 2891 1068 2953 ‹li-

129 2977 269 3040 abolem
309 2980 389 3060 sius,
423 2980 576 3042 Christum
610 2978 764 3059 sprevisse
798 2974 981 3037 iudicandus
1013 2982 1068 3036 est.

144 3060 239 3122 Vides
261 3064 374 3143 itaque,
398 3071 431 3124 ut
452 3063 508 3123 sub
538 3061 626 3124 titulo
651 3063 805 3122 communi
829 3059 988 3120 ministerii
1011 3059 1078 3138 spi-2
1180 3099 1182 3104 -

143 3144 261 3206 ritualis
294 3145 350 3206 sibi
384 3147 537 3208 erexerint
567 3145 767 3206 ministerium
790 3145 947 3224 proprium
971 3140 1068 3223 perdi·

88 3264 100 3278 x
141 3229 246 3310 tionis,
262 3229 339 3289 sicut
350 3229 503 3291 subtitulo
512 3227 675 3290 sacerdotii
693 3234 723 3288 et
732 3226 872 3288 sacrificii
882 3226 1018 3287 veritatis
1026 3226 1069 3286 in·

144 3310 350 3374 troduxerunt
371 3312 577 3374 sacerdotium
600 3318 631 3372 et
659 3310 842 3371 sacrificium
866 3308 1017 3369 mendacii
1039 3315 1070 3369 et

143 3395 265 3460 erroris.
309 3395 410 3476 Atque
442 3404 474 3458 ut
502 3415 558 3457 suo
587 3394 738 3476 sacrilego
768 3393 935 3453 ministerio
966 3399 1064 3453 sustu·

126 3478 245 3549 ⁸lerunt
267 3477 304 3538 de
327 3479 460 3540 ecclesia
478 3478 680 3541 ministerium
705 3496 810 3537 verum
832 3474 927 3554 verbi,
949 3475 993 3536 ita
1009 3473 1068 3556 et¹)

218 3784 245 3853 ’)
264 3784 360 3843 naith.
379 3787 423 3843 10.
457 3786 501 3853 *‘)
521 3785 623 3842 Psalm.
643 3786 703 3841 105.
729 3784 756 3852 l)
775 3783 806 3846 In
824 3773 869 3840 ed}
889 3782 961 3848 leni:
979 3780 1067 3860 itaut.
