2392 4170
129 241 195 310 132
410 283 415 289 .
483 240 528 298 Dc
547 238 714 343 &roganda

129 403 220 468 rintln
241 405 278 468 4:
297 402 358 480 Qui
380 405 511 468 idoneos
539 425 598 467 nos
625 405 699 466 lecit
719 403 874 464 ministros
901 401 977 462 novi
996 399 1057 462 Το-

130 488 284 564 stamenti,
305 508 369 549 non
392 491 516 566 literae,
538 489 593 551 sed
615 488 757 569 Spiritus.
798 485 870 548 Hoc
900 484 983 546 enim
1015 483 1057 545 de

130 571 273 634 omnihus
296 571 475 635 Christianis
499 573 582 653 dicit,
605 580 638 634 ut
659 590 767 633 omnes
783 569 877 631 faciat
898 569 1056 629 ministros

130 656 264 736 spiritns.
307 656 364 717 Est
384 664 487 718 autern
510 658 647 718 minister
667 656 791 736 spiritus
814 655 862 731 is,
890 654 942 733 qui
963 648 1057 713 tradit

130 738 255 800 verbnm
278 741 406 820 gratiae,
428 743 507 801 sicut
520 742 657 801 minister
678 738 793 815 literae,
816 738 868 817 qui
889 735 983 797 tradit
1002 753 1057 796 vo·

130 841 197 883 cern
220 822 305 902 legis.
348 823 418 886 Hoc
439 824 517 884 llosi
539 832 622 900 erat,
646 821 720 883 illud
742 820 854 882 Christi
876 828 933 882 est
974 815 1056 880 Item

129 904 277 981 renum)
300 905 372 966 dicit
394 907 536 969 omnibus
559 905 756 969 Christianis:
786 904 827 966 Ut
854 905 981 969 virtutes
1002 921 1056 962 an·

130 989 280 1049 nuncietis
302 991 378 1072 eius,
400 992 452 1071 qui
474 990 513 1052 de
536 990 669 1052 tenebris
687 1008 743 1049 vos
762 990 885 1049 vocavit
904 989 936 1047 in
959 984 1057 1046 admi·

129 1071 226 1132 rabile
251 1071 354 1133 lumen
388 1094 486 1135 snum.
528 1073 604 1150 Quis
632 1069 876 1135 Christianorum
914 1088 978 1131 non
1007 1075 1058 1129 est

130 1164 258 1217 vocatus
273 1157 312 1217 de
324 1156 477 1218 tenebris?
499 1157 541 1218 Ar
563 1158 653 1217 huius
677 1166 724 1216 est
745 1164 776 1216 et
797 1157 844 1217 ius
858 1163 889 1217 et
903 1159 1056 1235 potestas,

129 1239 192 1300 imo
215 1241 385 1301 necessitas
407 1242 613 1302 annunciandi
637 1241 780 1301 virtutem
810 1258 881 1300 sese
901 1236 1056 1299 vocantis.

214 1322 282 1383 Hoc
303 1322 425 1404 quidem
448 1324 514 1384 lieri
536 1324 648 1387 debere
672 1321 881 1403 concedimus,
903 1340 943 1382 ne
965 1319 1056 1380 simul

129 1405 216 1467 multi
244 1407 428 1487 loquantur,
449 1410 570 1469 etiamsi
603 1427 710 1469 omnes
748 1405 879 1467 eandem
907 1402 1056 1486 loquendi

129 1497 315 1569 potestatem
337 1491 481 1554 habeant.
511 1492 589 1553 Nam
612 1501 643 1551 et
664 1491 776 1551 Paulus
793 1498 859 1550 erat
875 1489 939 1548 dux
960 1485 1056 1568 verbi,

8 1637 14 1654 ¹
128 1573 220 1636 Acto.
245 1574 305 1647 14,
337 1592 398 1654 qno
431 1575 578 1654 loquente
619 1573 776 1635 Barnabas
813 1571 945 1634 tacebat.
994 1569 1057 1632 Sed

128 1655 264 1735 nunquid
291 1656 363 1718 ideo
386 1658 545 1719 Barnabae
576 1677 638 1718 non
671 1664 738 1718 erat
759 1659 805 1717 ius
834 1665 864 1716 et
885 1654 1057 1716 necessitas

129 1738 299 1819 loquendi?
333 1740 484 1822 Oportet,
522 1744 671 1822 inquam,
701 1742 786 1801 iuxta
816 1739 1012 1820 Apostolum¹
1030 1741 1057 1801 1.

128 1821 266 1886 Corinth.
299 1826 345 1888 14.
375 1827 480 1886 omnia
505 1826 636 1886 honeste
665 1832 696 1886 et
726 1823 894 1884 secundum
915 1820 1056 1882 ordinem

129 1902 194 1967 fleri
227 1907 258 1967 in
286 1907 385 1971 nobis.
429 1905 492 1970 Sed
521 1929 576 1990 per
602 1909 663 1969 hoc
693 1907 864 1986 aequalitas
898 1905 1056 1966 ministerii

129 2008 192 2051 non
211 1991 343 2072 tollitur,
365 1993 428 2052 imo
450 1990 657 2053 confirmatur.
701 1988 777 2052 ldeo
799 1991 880 2051 enim
913 2006 1057 2050 necessa·

128 2074 191 2133 rius
213 2080 261 2134 est
283 2075 359 2135 ordo
382 2075 538 2158 loquendi,
561 2076 643 2156 quod
666 2093 774 2136 omnes
795 2079 982 2154 potestatem
1004 2070 1055 2133 ha

128 2156 202 2217 bent
223 2156 378 2236 loquendi.
419 2159 450 2220 si
473 2161 553 2220 enim
577 2178 655 2218 unus
682 2165 798 2220 tantum
821 2156 949 2217 haberet
970 2160 1056 2235 pote·

131 2246 243 2300 statem
266 2240 422 2324 loquendi,
445 2242 516 2322 quid
540 2244 579 2304 de
597 2242 704 2303 ordine
726 2259 854 2302 necesse
876 2247 958 2300 esset
968 2257 1056 2320 prae·

131 2322 255 2403 cipere?
298 2323 358 2385 Sed
382 2326 540 2387 videamus
563 2347 631 2387 eum
655 2326 755 2386 locum
780 2323 924 2404 Apostoli
947 2329 1056 2401 totum,

130 2408 182 2484 qui
204 2406 358 2488 Papistica
380 2407 542 2470 mendacia
574 2411 613 2470 do
634 2411 699 2470 inre
722 2407 853 2470 docendi
882 2415 912 2466 et
935 2406 1056 2467 maiori·

131 2497 193 2551 tate
214 2493 437 2571 potentissimis
459 2492 634 2554 fulminibus
657 2493 797 2553 conterit.
831 2491 912 2551 Dicit
933 2490 1056 2569 itaque:

130 2571 204 2635 Sive
226 2574 331 2655 lingua
358 2579 425 2655 quis
449 2577 598 2658 loquitur,
631 2575 800 2637 secundum
824 2576 917 2651 duos,
940 2577 995 2634 aut
1025 2579 1056 2633 ut

130 2659 257 2719 multum
279 2666 357 2737 tres,
382 2667 413 2720 et
439 2680 493 2741 per
522 2668 645 2741 partes,
675 2667 706 2721 et
729 2678 805 2719 unus
829 2660 1055 2737 interpretetur.

130 2738 188 2815 Qui
211 2743 237 2801 si
259 2761 320 2803 non
342 2742 431 2803 fuerit
451 2745 621 2824 interpres,
651 2751 752 2805 taceat
771 2742 802 2803 in
825 2741 975 2819 ecclesia,
998 2738 1056 2802 sihi

129 2832 230 2886 autem
254 2825 396 2906 loquatur
423 2833 454 2887 et
475 2826 561 2904 Deo,
584 2827 756 2908 Prophetae
786 2834 887 2886 antem
918 2822 980 2885 duo
1004 2829 1057 2884 aut

130 2916 191 2969 tres
214 2908 333 2988 dicant,
368 2916 397 2971 st
420 2912 513 2972 ceteri
536 2910 711 2973 diiudicent.
756 2908 847 2986 Quod
874 2909 899 2967 si
921 2907 976 2968 alii
1010 2926 1057 2969 se·

129 2990 212 3052 denti
236 2993 404 3054 revelatum
427 2994 529 3073 luerit,
552 2996 636 3074 prior
664 3002 774 3057 taceat.
818 2992 950 3053 Potestis
973 2992 1056 3052 enim

129 3094 237 3136 omnes
258 3096 314 3157 per
335 3079 474 3160 singulos
487 3079 681 3159 prophetare,
705 3084 737 3138 ut
759 3095 867 3137 omues
888 3075 1010 3138 discant
1027 3084 1057 3135 et

130 3177 238 3220 omnes
260 3162 469 3241 exhortentur.
513 3163 598 3222 Haec
619 3161 740 3221 Paulus.

214 3243 276 3305 Vos
310 3245 395 3306 idola
417 3246 518 3326 Papae
550 3246 600 3307 hic
630 3244 810 3325 compello,
844 3243 917 3323 quid
947 3252 1056 3305 contra

127 3323 206 3386 haec
229 3329 337 3389 mutire
364 3329 515 3408 potestis?
559 3329 671 3390 Paulus
701 3328 789 3409 dicit,
824 3346 932 3389 omnes
960 3346 1056 3408 posse

127 3411 325 3552 prophetare,
347 3421 378 3472 et
400 3413 624 3493 perordinem,
647 3432 724 3473 unus
748 3419 820 3493 post
837 3415 928 3474 alium
952 3418 1055 3491 potest

140 3496 223 3575 oqui,
237 3492 317 3556 adso
340 3502 374 3556 ut
396 3496 507 3559 sedens
531 3504 563 3558 et
584 3497 722 3576 audiens,
745 3495 772 3558 si
795 3498 866 3576 quid
885 3495 1055 3556 revelatum

127 3579 155 3637 ei
177 3577 280 3656 luerit,
301 3597 426 3660 surgere
448 3583 559 3662 possit,
582 3588 612 3642 et
634 3582 718 3662 prior
738 3580 869 3662 loquens
892 3578 1054 3642 deheatei

127 3698 547 3712 m

201 3771 228 3837 ⁹)
251 3771 273 3824 l.
292 3768 364 3826 Patr.
383 3773 409 3827 2.
448 3772 524 3839 1)1n
543 3771 608 3828 edit.
627 3773 699 3828 len:
719 3788 822 3831 eorum.
