2392 4170
141 233 204 311 212
347 233 477 303 Assertm
495 257 569 297 omn
583 208 643 295 ’ἐπὶ
663 242 695 297 D.
714 238 750 298 li.
769 240 801 301 L.
814 258 871 320 par,

143 395 204 463 tide
226 397 346 459 sincera
370 395 513 461 alienant.
555 395 633 457 Nam
672 402 704 458 et
724 395 833 457 Daniel
854 398 884 474 8.
907 395 1070 477 praedixit,

145 479 354 540 antichristum
377 477 442 538 fore
463 497 566 557 regem
590 478 797 559 impudentem
820 479 908 559 fuoie,
929 479 1069 559 licceat,

141 563 221 627 sicut
242 561 379 625 Ebrasus
402 559 504 638 habet,
526 570 682 639 potentem
704 561 876 643 speciebus,
893 563 1016 644 pompis
1039 570 1070 625 et

143 644 326 707 ceremoniis
356 651 551 705 externorum
582 660 728 725 operum,
761 647 913 709 exstineto
946 645 1068 715 interim

147 729 254 809 spiritu
276 727 356 788 fldei.
400 725 486 789 Siout
507 727 646 789 videmus
669 728 826 810 impletum
850 736 896 793 tot
914 728 1070 810 religioni·

142 810 209 887 bus,
232 809 400 883 ordinibus,
423 810 578 890 collegiis,
602 810 725 890 ritibus,
749 811 898 892 uestibus,
917 810 1068 892 gestibus,

140 892 297 971 aediliciis,
320 893 450 970 statutis,
472 893 595 972 regulis,
618 892 831 972 observantiis,
853 903 887 954 ut
906 912 1068 967 numerum

139 975 299 1041 nominum
322 993 427 1037 eorum
452 978 504 1037 vix
525 979 645 1057 recites,
667 996 796 1057 quorum
820 977 1066 1059 nulluseaenga-

140 1061 213 1122 lium
237 1064 338 1135 curat,
372 1059 471 1119 donec
493 1061 575 1120 irrita
597 1062 677 1121 facte
709 1063 770 1121 sint
791 1061 903 1135 omnin·
924 1061 1069 1133 mandata

141 1143 210 1222 Dei,
233 1144 410 1225 praesertim
435 1144 577 1222 princeps
599 1144 731 1205 iustitiae
745 1143 822 1205 fides
831 1143 956 1220 Christi,
978 1162 1069 1225 prop·

139 1234 185 1291 ter
214 1227 392 1287 traditiones
428 1225 484 1285 bas
516 1226 882 1308 bonrinumimpiorum.
921 1225 962 1288 m
982 1226 1069 1303 ,hm

140 1311 264 1390 quidem
286 1309 398 1369 militen
420 1308 573 1387 fecerunt,
612 1322 643 1370 et
670 1310 747 1371 haee
779 1328 874 1390 regno
895 1308 1067 1383 antichristi

139 1390 374 1454 conveniebant.

390 1557 607 1618 Vicesimus
633 1565 813 1621 octavus:

202 1674 235 1737 Si
256 1693 338 1755 papa
361 1693 431 1736 cnm
463 1693 576 1756 megna
598 1680 683 1756 parte
708 1674 858 1736 ecclesiae
881 1675 998 1736 sic-rel
1017 1677 1066 1737 sle

200 1759 335 1837 sentiret,
359 1776 417 1818 nec
437 1759 528 1818 etiam
553 1766 677 1836 erraret,
699 1757 872 1820 adhuenon
889 1765 936 1819 est
957 1774 1066 1840 peuce

201 1849 264 1902 tum
288 1848 342 1901 aut
362 1840 497 1901 haeresis
520 1841 706 1902 contrarium
729 1842 860 1922 sentire,
884 1842 1065 1922 praesertim

200 1925 232 1985 in
254 1943 288 1985 re
327 1941 389 1984 non
410 1922 585 1984 necessarie
614 1923 652 1984 ud
674 1924 818 2003 salutem,
854 1923 954 1986 donec
975 1924 1065 1986 inerit

199 2026 255 2088 per
289 2007 452 2067 concilium
489 2004 661 2069 universale
694 2007 822 2068 alterum
844 2005 1066 2088 reprobatum,

199 2091 329 2151 alterum
353 2089 566 2171 approbatum.
1011 2098 1025 2123 '³

220 2190 305 2252 Haeo
327 2191 357 2249 in
379 2189 619 2269 indulgentiis1)
644 2188 722 2266 dixi,
746 2191 844 2252 minus
869 2199 941 2252 tuno
962 2182 1062 2253 rerum

134 2275 259 2356 peritus.
303 2270 401 2333 Stulte
424 2275 503 2333 enim
527 2273 608 2352 dixi3
640 2292 734 2354 quare
766 2275 925 2335 articulum
948 2272 1062 2337 damno

135 2359 278 2438 ipsemet,
317 2374 385 2417 cum
420 2356 499 2415 enim
532 2359 562 2416 in
596 2375 633 2417 eo
657 2359 796 2437 quaestio
826 2358 865 2418 de
885 2356 976 2418 rebus
996 2374 1061 2419 non

134 2439 316 2500 necessariis
339 2437 378 2498 ad
401 2439 529 2499 salutem
561 2447 716 2518 versetur,
748 2459 810 2501 non
844 2438 934 2502 debui
958 2458 1059 2523 papae

135 2530 188 2585 aut
209 2521 339 2582 concilio
366 2520 497 2582 tribuere
530 2530 647 2584 tontum
679 2526 857 2605 potestatis,
889 2532 960 2584 ute
988 2522 1061 2586 'non

133 2606 308 2666 necessaria
332 2623 364 2664 re
388 2607 593 2667 necessariam
616 2607 716 2667 iacere
739 2616 875 2688 possent.
920 2605 982 2668 Sed
1017 2608 1062 2668 sic

136 2688 227 2749 debui
251 2689 361 2765 dicere,
382 2689 460 2747 siout
482 2698 512 2749 et
535 2708 615 2750 nune
638 2689 721 2750 dico:
745 2690 776 2750 si
799 2708 881 2772 papa
903 2696 934 2749 et
957 2689 1060 2751 conci·

134 2771 208 2832 lium
232 2773 277 2832 sio
299 2771 486 2852 desiperent,
511 2773 595 2834 utin
617 2772 709 2833 rebus
732 2792 794 2833 non
817 2773 999 2834 necessariis
1022 2773 1061 2835 ad

133 2857 264 2916 salutem
288 2854 524 2915 determinandis
554 2863 674 2936 tempus
704 2865 734 2917 et
758 2856 861 2917 studia
888 2857 1061 2936 perderent,

134 2936 266 2999 habendi
289 2943 320 2998 et
342 2936 557 2998 contemnendi
579 2947 684 2998 essent
705 2958 760 3020 pro
780 2939 870 3000 fatuis
892 2946 922 3001 et
935 2940 1062 3019 insanis,

134 3040 203 3081 oum
227 3019 368 3082 omnibus
390 3022 453 3081 suis
471 3021 773 3083 determinationibus
796 3023 978 3102 larvalibus,
992 3040 1061 3084 oum

134 3111 196 3165 tam
221 3104 316 3164 multa
349 3105 409 3164 sint
430 3106 603 3166 necessaria
637 3105 676 3165 ad
707 3105 854 3184 salutem,
893 3125 972 3186 quae
994 3104 1062 3168 sola

134 3188 257 3248 tractari
281 3194 431 3268 oporteat.
474 3186 555 3247 Talis
575 3194 677 3248 antem
694 3188 817 3249 fatuitas
839 3197 895 3268 est,
918 3188 1001 3268 quod
1024 3186 1062 3250 de

135 3270 353 3353 indulgentiis,
378 3270 414 3330 de
437 3272 566 3349 primatu
585 3290 695 3352 papae,
731 3271 769 3331 de
794 3271 1060 3334 transsubstantia-

133 3353 217 3415 tione
246 3355 351 3435 panis,
386 3361 415 3413 et
441 3351 565 3414 infinitis
598 3354 664 3414 aliis
687 3356 792 3435 nugis,
825 3354 864 3416 ad
900 3374 963 3417 rem
986 3354 1060 3416 nibil

132 3437 382 3525 pertinentibus,
406 3439 528 3517 saepius
555 3439 585 3497 in
609 3437 747 3498 conciliis
770 3438 1060 3517 determinaverunt,

134 3519 171 3581 de
211 3521 299 3582 uibus
321 3520 433 3581 Paulus
458 3527 484 3584 1.
500 3518 600 3583 Timo.
624 3522 658 3585 4:
681 3520 796 3583 Stultos
818 3529 920 3583 autem
944 3528 974 3583 et
997 3522 1059 3583 ani-

131 3603 176 3665 les
191 3539 316 3666 (inhalas
339 3602 452 3664 devita.

184 3759 217 3829 1)
237 3757 267 3812 ln
287 3756 423 3814 eddom:
444 3759 479 3813 de
497 3757 688 3828 indulgentiis.
