2392 4170
408 236 493 302 hissa
509 237 620 316 privam
637 237 724 302 imi.
743 239 771 303 t.
992 240 1055 313 181

131 411 186 473 ⁴uhi
207 432 327 475 summa
349 414 480 476 dulcedo
504 415 606 477 sordis
635 434 709 497 erga
731 415 828 476 Deum
850 435 981 498 regnare
1002 416 1055 487 def·

135 495 200 577 bet,
229 497 270 557 ibi
299 501 468 578 tyranniset
500 518 620 559 summa
653 501 795 580 angustia
829 506 860 561 et
889 500 1055 563 tribuistis.

134 578 204 640 Hos
223 581 341 642 soiiioet
362 582 461 643 votuit
482 582 575 644 Satan
598 601 653 662 per
673 582 754 644 istud
784 584 909 663 impium
933 591 962 644 et
983 602 1054 664 per·

135 683 255 725 versum
278 664 469 730 saorifloium.

494 845 693 927 Septimo.

217 1000 307 1076 Quod
336 1021 391 1082 pro
427 1001 516 1064 vobis
549 1001 653 1081 datur,
680 1004 773 1084 item,
808 1002 859 1083 qui
886 1023 942 1085 pro
966 1002 1054 1065 vobis

133 1083 306 1146 effundetur
326 1086 358 1145 in
380 1085 592 1146 remissionem
614 1093 821 1166 peecatorum.
865 1085 923 1147 flio
955 1086 1058 1169 signa·

134 1173 251 1228 turres
272 1169 341 1250 ipss
364 1169 592 1249 promissionis,
615 1186 695 1248 quae
716 1175 765 1229 est
784 1168 925 1230 remissio
948 1188 1058 1250 peses-

134 1257 245 1313 torum.
289 1251 316 1312 0
347 1250 442 1313 duleis
466 1258 497 1312 et
526 1259 637 1334 potens
665 1252 849 1332 promissio,
878 1251 933 1312 sed
966 1253 1054 1314 simui

133 1335 399 1414 impetientissima
422 1333 570 1401 saerifleii.
608 1333 690 1396 Ideo
720 1337 801 1395 enim
832 1334 921 1396 datur
943 1353 1056 1419 eorpus

133 1423 165 1478 st
185 1420 327 1498 sanguis,
346 1425 396 1479 ut
429 1436 486 1480 nos
509 1417 585 1479 satri
608 1419 720 1497 simus,
741 1418 876 1479 remissis
914 1418 1056 1481 omnihus

133 1503 279 1580 peoostis.
324 1502 406 1562 hisee
428 1501 507 1563 haee
527 1508 598 1562 sunt
619 1501 677 1562 iiis
695 1501 797 1584 bons,
825 1519 904 1581 quae
926 1499 980 1563 tibi
1003 1520 1058 1563 ex·

134 1583 274 1644 hibentur
302 1586 331 1644 in
357 1585 564 1664 Euahsrietia3
584 1593 674 1666 putas
702 1583 780 1646 haee
806 1603 900 1665 posse
920 1581 1058 1647 exhiberi

134 1666 172 1727 ab
194 1667 272 1728 irato
295 1678 325 1728 et
348 1668 513 1748 implaesto
536 1667 613 1746 Deo,
635 1685 674 1727 ae
694 1685 757 1729 non
776 1669 879 1749 potius
901 1667 939 1727 ab
960 1665 1057 1729 indui·

133 1751 334 1830 gentissimo‚¹
368 1751 602 1830 amantissimo,
624 1750 844 1812 soliioitissimo
874 1769 930 1832 pro
965 1751 1054 1812 nohis

135 1832 250 1905 Patre?
293 1831 373 1909 Quid
396 1835 527 1916 emplius
559 1835 738 1915 promittere
759 1835 873 1915 potuit,
895 1852 986 1914 quem
1009 1852 1056 1895 re-

135 1918 312 1978 missionem
336 1916 556 1998 peoeatorum?
599 1915 678 1995 Quid
707 1925 755 1978 est
782 1918 922 1979 remissio
944 1924 1054 1998 pesse·

132 2007 244 2081 torum,
268 2002 326 2063 nisi
340 2003 448 2082 gratia,
470 2001 553 2062 salus
582 1999 746 2079 heredites,
768 1999 841 2079 vita,
868 2018 942 2082 pax,
956 2000 1055 2083 gloria

132 2090 259 2144 aeterna
279 2086 310 2144 in
331 2086 399 2164 ipso
422 2084 510 2146 Deo?
552 2049 593 2145 ht
614 2091 672 2165 tn,
702 2086 811 2146 insane
832 2092 863 2145 et
884 2086 977 2166 impie
998 2083 1054 2145 Pe·

132 2168 222 2248 pists,
245 2176 298 2228 tuo
317 2167 468 2229 saorifloio
484 2167 576 2229 alium
595 2168 648 2229 tibi
669 2167 766 2250 finges
780 2168 881 2230 Deum
893 2168 923 2229 in
936 2167 1056 2229 hinsbe-

133 2252 226 2312 rietia.
277 2251 388 2313 Nonne
418 2250 595 2314 iamdudum
634 2252 734 2330 rides,
758 2271 873 2323 omnes
901 2250 1055 2314 saeriflees

132 2333 279 2396 idolatras
302 2353 371 2396 esee
393 2342 423 2395 et
444 2337 536 2396 toties
564 2335 740 2396 idolatriam
756 2335 911 2416 pertinere,
935 2337 1055 2415 quoties

132 2416 332 2479 soorifioant?
379 2416 452 2481 Non
479 2419 559 2478 enim
589 2436 660 2477 vere
686 2417 784 2478 Deum
818 2420 971 2499 negitent,
999 2416 1055 2479 sed

131 2500 249 2563 idolum
272 2503 318 2562 sui
341 2501 441 2562 sordis
463 2501 614 2579 formant,
636 2502 808 2580 cogitantes
831 2509 862 2560 et
884 2501 1056 2579 eredentes,

132 2603 201 2646 esse
223 2585 273 2644 his
296 2585 392 2646 Deum
425 2585 557 2664 aliquem
583 2585 693 2645 iratum
728 2592 759 2643 et
786 2582 981 2663 planandum,
1003 2584 1056 2664 qui

132 2667 225 2749 plane
247 2669 277 2728 in
290 2668 483 2729 Eucharistiae
496 2686 554 2729 nee
576 2675 623 2727 est
644 2685 701 2727 nee
714 2685 783 2727 esse
804 2672 916 2746 potest.
954 2669 1056 2746 Atque

133 2771 206 2813 vere
227 2752 321 2813 iratus
344 2752 398 2814 tibi
420 2759 467 2811 est
488 2760 520 2812 et
539 2757 653 2828 menet,
675 2750 762 2810 siouti
778 2747 887 2824 eredis,
912 2750 984 2828 quie
1006 2769 1057 2810 ex·

133 2842 180 2900 tra
202 2835 412 2896 ihusharistiae
434 2833 524 2895 fldem
548 2853 592 2915 es,
621 2837 653 2895 et
681 2833 877 2914 promissioni
906 2834 971 2894 eius
993 2850 1056 2894 non

133 2917 248 2997 eredis,
270 2918 365 2980 nihilo
389 2917 531 2980 differens
561 2915 599 2978 ab
621 2917 743 2978 ethnieo
767 2924 797 2977 et
828 2915 964 2995 Iudaeo,
998 2917 1055 2976 nisi

133 3001 216 3082 quod
239 3002 346 3063 maiori
368 3009 497 3083 peceato
521 3003 550 3060 in
573 2999 756 3062 haee-bona
777 3018 900 3080 peccas,
925 2999 996 3060 dum
1011 3018 1058 3060 ss·

133 3084 249 3146 orificio
272 3093 325 3146 tuo
348 3087 445 3167 magis
466 3084 567 3145 irritas
589 3092 620 3145 et
640 3082 768 3144 ineurrie
791 3084 821 3143 in
844 3085 920 3144 iram
932 3129 948 3166 ‚.
978 3089 1056 3143 eete-

133 3188 199 3229 rum
222 3166 402 3230 infidelitate
425 3176 456 3228 et
467 3169 626 3247 impietate
640 3167 748 3227 similis
771 3185 814 3242 es,
837 3173 954 3228 tantum
968 3164 1057 3243 tituto

134 3251 335 3329 Christianus,
360 3259 530 3313 sitantum
552 3268 658 3311 rasura
680 3249 835 3311 ssosrdos.

219 3335 368 3415 Denique,
391 3343 422 3395 ut
443 3334 627 3414 sacrilegam
663 3331 805 3414 piscandi
836 3332 1058 3412 eogitstionem

134 3418 188 3479 tibi
210 3417 359 3479 adimeret
382 3421 461 3478 inter
483 3417 587 3496 verba,
609 3418 741 3497 ipsemet
762 3415 815 3476 tibi
837 3417 940 3497 signat
961 3421 992 3476 et
1014 3417 1058 3476 in-

130 3501 233 3581 ·dioet,
264 3520 325 3583 quo
359 3503 399 3561 sit
428 3499 596 3581 placandus
628 3506 658 3561 et
691 3496 944 3580 planatus,.dum
967 3497 1057 3559 dieit:

135 3584 225 3661 Quod
260 3604 318 3666 pro
349 3584 438 3646 vobis
462 3583 571 3661 datur,
602 3584 652 3664 qui
680 3601 737 3664 pro
765 3581 853 3643 vobis
875 3579 1058 3644 effundetur.

135 3668 258 3747 Desine,
280 3686 367 3749 rogo,
393 3676 459 3729 tuas
482 3665 617 3749 perditas
639 3667 829 3748 piscationes
853 3683 1057 3746 praesumere.

135 3751 237 3815 Unum
258 3761 305 3814 est
331 3771 393 3836 quo
424 3753 565 3836 placatur
593 3747 646 3833 (ut
664 3752 708 3812 ite
726 3748 849 3832 diosm)
872 3747 1059 3821 solissimnrn

151 3866 244 3909 annea
259 3876 311 3919 opp.
325 3867 351 3910 ι.
368 3867 394 3908 a
405 3867 438 3927 ss
467 3867 509 3914 rer.
528 3866 579 3909 nur.
599 3864 615 3909 ι.
635 3874 658 3917 1³.
675 3864 725 3907 vor.
740 3863 778 3906 m.
929 3830 968 3898 11
