2392 4170
399 259 483 319 Missa
501 261 610 334 privata
627 260 663 318 D.
682 258 718 319 ll.
738 260 768 317 t.
991 255 1052 326 126

136 435 232 498 multo
255 436 352 516 magis
365 442 580 497 testamentum
598 435 658 497 Dei
675 453 776 515 neque
798 450 942 515 spernere
956 449 1058 512 neque

130 516 366 602 superordinare
386 519 467 584 licet.
506 522 547 581 At
567 519 628 580 hoc
640 517 846 579 sacerdotium
860 517 963 598 Papae
985 534 1055 577 cum

131 605 194 664 suis
215 601 315 663 Missis
339 622 408 664 esse
423 602 701 684 superordinatum,
715 599 962 682 irrefragabiliter
979 616 1055 659 con·

50 743 55 751 Ι
132 687 245 747 victum
275 694 330 748 est.
380 685 482 761 Quare
510 686 721 747 concludimus
752 683 906 746 constanti
932 681 1055 762 fiducia,

131 770 291 830 Missurum
314 789 401 830 usum
423 769 642 830 sacrificiorum
664 769 789 829 nomine
811 774 842 828 et
859 766 1054 827 secerdotum

133 854 222 914 titulo
247 862 351 913 tenere
384 853 464 914 idem
488 872 567 930 esse,
590 851 673 931 quod
703 870 819 932 negare
841 850 994 912 Christum
1024 855 1056 909 et

132 935 294 997 transferre
316 937 381 996 eius
402 935 607 996 sacerdotium
631 954 700 995 eum
723 937 866 995 universa
887 933 958 1014 lege
980 933 1055 994 eius.

133 1023 234 1098 Atque
257 1021 317 1079 huc
340 1021 442 1080 vocari
465 1019 579 1079 debent
600 1020 702 1079 omnia
725 1037 777 1097 ea,
800 1016 909 1098 quibus
932 1025 1055 1076 cautum

133 1110 180 1164 est
199 1105 430 1183 perspiritum,
461 1123 500 1163 ue
528 1100 628 1162 verbis
651 1101 708 1162 Dei
730 1101 895 1182 quidquem
917 1099 1055 1161 detraha-
1143 1126 1146 1133 ·

135 1198 181 1247 tur
203 1189 250 1245 vel
279 1186 423 1267 addatur,
452 1194 485 1246 ut
513 1184 587 1245 illud
608 1187 698 1247 Prov.
729 1188 786 1250 30:
818 1180 925 1245 Omnis
953 1200 1054 1242 sermo

137 1271 193 1330 Dei
215 1269 327 1348 ignitus
351 1271 466 1350 clipeus
490 1280 533 1329 est
552 1266 744 1349 sperantibus
766 1269 798 1327 in
821 1286 873 1346 se3
898 1285 938 1327 ne
958 1264 1056 1327 addus

135 1351 300 1433 quidquam
335 1354 435 1413 verbis
469 1353 556 1427 eius,
590 1362 620 1411 et
654 1355 791 1431 arguaris
829 1350 1057 1427 inveniarisque

136 1439 284 1513 mendax3
306 1444 335 1496 et
360 1437 448 1497 Deut.
471 1439 506 1498 4:
528 1434 598 1495 Non
614 1434 733 1495 addetis
756 1433 950 1513 adverbum,
973 1429 1055 1510 quod

135 1521 222 1580 robis
243 1519 372 1598 loquor,
400 1537 457 1580 neo
489 1519 631 1578 euleretis
655 1538 695 1578 ex
726 1536 783 1594 eo;
810 1525 840 1577 et
868 1521 895 1579 1.
922 1515 987 1581 Pet.
1018 1515 1056 1580 3:

135 1603 252 1682 etquis
275 1603 417 1683 loquitur,
441 1603 527 1681 quasi
549 1619 707 1661 sermones
732 1601 798 1662 Dei.
822 1599 861 1660 Et
882 1598 955 1679 quid
978 1616 1056 1678 opus

135 1692 183 1747 est
209 1687 312 1747 omnis
339 1685 520 1763 recensere,
549 1703 628 1764 quae
648 1685 839 1766 prophetae,
868 1678 1059 1757 Christusnet

135 1769 269 1850 apostoli
292 1770 396 1829 dicunt
417 1768 447 1828 in
470 1767 580 1848 studia,
603 1787 708 1849 opera,
732 1766 889 1828 doctrinas
911 1772 942 1826 et
962 1763 1057 1825 tradi-

137 1857 237 1913 tiones
267 1851 445 1913 hominum?
489 1850 568 1912 Satis
598 1856 720 1911 constat
740 1849 849 1913 Iohau.
870 1847 903 1914 8:
932 1847 992 1924 Qui
1016 1866 1056 1908 ex

137 1936 204 1997 Deo
227 1944 283 2014 est,
305 1935 399 1997 verba
414 1936 469 1995 Dei
492 1934 598 2012 audit3
619 1941 650 1994 et
660 1933 769 1995 Iohan.
793 1934 828 1999 3:
852 1931 912 2007 Qui
925 1933 963 1992 de
978 1939 1069 1993 terra·

136 2029 193 2096 est,
215 2018 254 2078 de
279 2028 358 2079 terru
381 2018 521 2097 loquitur.

219 2101 325 2163 Certus
348 2110 539 2178 autemsum‚
562 2101 611 2161 ubi
636 2099 709 2162 talis
724 2099 855 2162 audierit
877 2096 1060 2159 imbecillior

136 2186 342 2262 conscientia,
371 2186 524 2266 simulque
553 2185 717 2245 intenderit
749 2185 780 2244 in
812 2182 1058 2264 copiosissimum

135 2268 219 2328 illam
243 2269 465 2329 multitudinem
486 2269 741 2328 monasteriorum
765 2274 796 2328 et
811 2265 1005 2347 templorum,
1027 2265 1058 2325 in

136 2352 245 2431 quibus
268 2351 403 2432 quotidie
419 2350 555 2411 infinitae
578 2351 689 2411 Missae
710 2349 869 2430 habentur,
891 2366 1058 2430 eegrecre·

136 2435 237 2496 diture
259 2438 307 2515 sit,
330 2442 446 2495 tantum
462 2433 578 2494 turbem
592 2433 728 2513 quotidie
749 2435 858 2514 perire,
881 2439 912 2493 et
932 2441 1058 2512 totpec·

136 2520 213 2580 catis
235 2517 380 2578 muudum
394 2517 523 2598 oppleri,
546 2536 614 2577 cum
638 2516 819 2597 vulgocitru
841 2534 964 2578 omnem
986 2533 1060 2575 con·

137 2605 317 2664 troversiam
340 2602 606 2682 persuasissimum
629 2601 677 2677 sit,
700 2617 808 2660 omnes
830 2599 969 2660 homiues
990 2598 1057 2659 illo·

137 2705 203 2745 rum
226 2686 327 2746 Missis
349 2685 457 2761 iuvari,
481 2693 574 2763 atque
596 2682 676 2744 adeo
699 2682 813 2742 meritis
836 2689 868 2743 et
878 2683 992 2762 pietate
1014 2681 1058 2762 ip·

136 2788 240 2829 sorum
263 2770 330 2829 sola
364 2768 508 2827 mundum
530 2768 678 2827 hactenus
702 2765 838 2828 durasse.
874 2761 1059 2826 Incredibile

135 2853 216 2912 enim
252 2851 372 2912 videtur
401 2852 445 2911 sic
474 2849 653 2910 derelictum
683 2867 752 2909 esse
786 2847 892 2910 orbem
922 2855 1059 2907 totuma

136 2936 213 2997 Deo.
249 2935 309 2996 Sed
332 2934 404 3014 quid
427 2932 548 2994 facies?
583 2932 740 3013 Scriptura
762 2931 921 2993 divinatio
944 2927 1058 3008 delinit,

135 3020 184 3080 eui
207 3018 393 3082 credendum
416 3025 472 3099 est,
494 3017 615 3077 etiamsi
636 3024 718 3077 totus
741 3015 870 3077 muudus
897 3020 928 3075 et
949 3031 1058 3074 omues

134 3102 237 3182 angeli
260 3102 308 3161 vel
330 3104 483 3183 perirent,
512 3100 560 3160 vel
584 3099 671 3160 aliter
693 3100 850 3163 docerent.
894 3095 1059 3159 Definitum

136 3196 194 3265 est,
214 3187 355 3267 inquam,
378 3206 396 3247 a
422 3186 484 3246 Deo
503 3184 593 3264 ipso,
615 3183 823 3244 sacerdotium
849 3180 929 3242 istud
954 3181 1058 3241 missu·

135 3271 213 3331 rium
236 3289 304 3337 nou.
319 3289 389 3329 esse
412 3268 554 3329 divinitus
576 3268 756 3332 institutum.
787 3263 1059 3345 Nunquidmundo

136 3353 205 3435 plus
237 3350 342 3413 credes
376 3371 466 3431 quem
496 3349 583 3411 Deo?
612 3358 665 3411 aut
693 3368 755 3411 non
783 3356 831 3410 est
855 3351 934 3410 bens
963 3345 1060 3409 maior

138 3435 275 3504 mundo?
298 3435 409 3496 Nonne
431 3433 621 3515 praedictum
644 3440 701 3511 est,
724 3433 893 3493 novissima
919 3440 1060 3512 tempora

136 3519 202 3581 iore
217 3526 356 3599 tempora
369 3520 431 3578 ime
446 3524 625 3598 ettempora
635 3517 819 3598 periculosa,
830 3516 978 3595 inquibus
988 3533 1060 3596 ope·
1095 3583 1097 3586 y

137 3603 215 3664 ratio
229 3604 340 3664 erroris
357 3608 453 3663 totum
467 3602 610 3661 mundum
627 3606 804 3682 occuparet,
820 3608 851 3660 ut
864 3599 955 3660 electi
968 3600 1060 3660 etiem

137 3686 206 3766 capi
228 3686 358 3769 possint,
371 3691 401 3745 et
411 3685 461 3744 vix
477 3683 568 3744 fldem
592 3702 662 3744 sese
674 3685 867 3744 inventurum
881 3679 1060 3763 praedicet?

137 3769 231 3864 Putas
263 3769 342 3831 haec
365 3768 459 3831 verbe
486 3786 555 3829 esre
585 3767 685 3851 levia,
720 3776 751 3829 et
779 3767 944 3832 convenire
964 3781 1059 3850 posse
1129 3838 1132 3843 ,
