2392 4170
129 239 193 306 496
364 275 368 282 ·
421 242 580 299 malumus
599 243 765 299 tutissima

132 404 299 474 servasset,
329 403 362 456 ut
382 398 508 458 verbum
531 399 615 462 Pauli
637 401 698 461 iam
721 407 836 458 temere
858 413 923 455 nou
943 396 1052 453 exure-

132 487 207 541 rent
252 479 312 540 Sed
336 488 366 540 et
387 481 488 542 adhuc
509 484 554 543 eis
594 484 690 545 offero
714 483 890 562 optionem,
925 485 958 536 ut
979 476 1053 536 resi·

129 565 260 643 piscant,
282 581 417 623 srrorem
439 576 620 647 agnoscant,
640 568 714 626 deut
727 565 857 644 gloriam
873 562 952 640 Deo,
975 574 1049 619 cou-

131 644 273 706 liteantur
296 664 367 706 suas
379 649 525 728 insanias,
547 668 623 729 quas
636 648 720 709 nulla
741 649 861 707 ratione
882 643 961 704 tueri
980 658 1052 722 pos·

132 737 217 806 sunt,
247 737 278 788 et
300 747 373 789 ecce
394 732 501 811 ignota
522 735 583 793 sint
614 735 658 793 sis
681 733 796 791 omnia.
839 726 1053 788 Libentissime

132 813 223 872 enim*
236 814 472 875 communicabo
494 815 571 895 illis,
605 835 663 876 nec
685 831 803 874 memor
825 829 878 872 ero
900 809 1052 870 malorum

132 913 283 974 unquam,
305 899 383 956 sicut
404 897 477 957 nolo
500 917 637 960 meorum
660 916 728 958 esse
751 896 850 957 Deum
872 908 1053 954 memorem.

132 977 223 1053 Quod
245 979 271 1036 si
293 988 446 1059 perstent,
486 982 569 1060 quod
592 998 752 1056 exsecror,
785 987 868 1039 certe
889 974 1055 1036 anathem

132 1078 187 1121 eos
210 1060 341 1121 habebo.
385 1062 536 1125 Dominus
561 1065 684 1142 viderit,
721 1082 759 1123 an
781 1079 852 1121 mea
874 1074 1052 1120 excommu-

133 1145 246 1204 nicatio
269 1144 363 1224 pluris
385 1149 550 1208 minorisve
572 1150 625 1229 sit,
648 1165 739 1227 quam
762 1144 910 1222 insulsae,
932 1141 1054 1221 sangui·

132 1229 247 1306 uariae,
268 1227 454 1310 sacrilegae,
477 1230 619 1309 breviter,
641 1248 723 1311 papa
745 1235 776 1289 et
792 1228 892 1288 Roma
913 1224 1052 1306 diguissi-

132 1330 202 1370 mae
224 1309 349 1390 Bullae,
371 1318 481 1373 Amen.
525 1315 574 1375 lix
601 1316 667 1375 istis
691 1314 783 1373 credo
806 1328 887 1370 nnuc
908 1311 984 1369 satis
1007 1324 1053 1368 ss·

131 1400 228 1471 serta,
251 1394 378 1455 delsusa
399 1405 430 1456 st
452 1400 568 1459 munita
589 1399 710 1474 omnia,
742 1413 820 1474 quae
843 1392 882 1453 ad
904 1391 987 1452 hunc
1006 1408 1053 1450 ur·

132 1477 257 1537 ticulum
279 1476 393 1538 adduxi
414 1481 445 1539 in
470 1481 671 1542 Resolutinus
693 1496 771 1556 mea,
794 1495 885 1557 quam
908 1475 1053 1535 Mtomns

132 1568 307 1641 oppugnat,
329 1570 361 1622 st
381 1561 502 1623 Latomi
524 1565 628 1624 omnia
648 1581 717 1623 esse
738 1561 828 1637 nihil,
850 1576 941 1638 quam
964 1558 1055 1639 iguo·

130 1646 246 1704 rantias
267 1643 463 1726 Scripturas,
499 1655 562 1706 tum
592 1665 693 1707 meras
721 1643 988 1725 praesumptiones
1021 1647 1054 1699 et

131 1728 296 1807 petitiones
316 1729 465 1809 principii.
920 1742 923 1749 '

215 1809 315 1870 Unum
337 1811 494 1890 adiiciam,
523 1819 555 1872 ut
576 1813 696 1874 ratione
719 1821 750 1872 et
771 1808 962 1890 experientis
984 1822 1052 1864 can-

131 1912 196 1953 sam
218 1893 309 1954 istam
330 1896 441 1960 iuvem.
464 1897 540 1958 Oum
554 1896 705 1976 Sophistis
729 1894 861 1974 disputo.
885 1890 1052 1951 Veniamus

132 1978 170 2036 de
191 1977 298 2056 regula
314 1978 358 2038 ad
379 1981 574 2059 exemplum,
596 1999 635 2039 ne
657 1980 750 2038 simus
773 1973 892 2053 Stoici,
932 1974 984 2052 qui
1006 1990 1052 2032 sa·

131 2062 266 2141 piantem
289 2080 358 2121 snm
382 2061 580 2142 definierunt,
610 2081 700 2141 quem
723 2078 879 2139 nunquam
902 2058 1053 2130 viderunt,

132 2144 253 2222 qualem
266 2153 419 2204 oratorem
430 2144 634 2220 Quintilianus
645 2143 895 2225 qnoqueformst.
917 2137 1052 2216 Quaero,

126 2245 172 2286 an
194 2226 288 2286 ullum
311 2227 466 2288 hominem
489 2231 562 2291 dare
573 2229 717 2307 audeant,
739 2228 789 2306 qui
805 2225 905 2307 possit
928 2225 965 2282 ds
990 2239 1050 2282 nno

132 2328 189 2369 suo
213 2327 307 2389 opere
331 2311 413 2372 bono
431 2312 542 2390 dicere,
564 2312 625 2373 hoc
647 2319 695 2372 est
716 2312 781 2371 sins
795 2314 937 2389 peccato,
959 2307 1050 2365 edam

132 2411 170 2453 eo
193 2392 297 2473 modo,
320 2412 382 2474 quo
403 2396 461 2476 ipsi
484 2396 522 2457 de
544 2405 673 2476 peccato
692 2396 865 2474 loquuntur.
908 2390 977 2469 Ego
990 2405 1051 2448 uon

132 2476 225 2537 credo
247 2478 396 2557 ipsosmet
416 2487 470 2539 aut
489 2480 582 2539 ullum
597 2480 750 2540 hominem
773 2478 833 2536 hoc
847 2490 993 2534 ausurum
1015 2471 1053 2532 de

132 2579 189 2620 suo
219 2579 314 2641 opere
345 2563 467 2625 sentire.
511 2564 543 2624 si
573 2569 688 2643 negant
716 2561 809 2621 ullum
833 2575 946 2638 posse,
979 2554 1051 2635 quid

133 2662 207 2724 ergo
230 2663 279 2705 me
302 2647 499 2707 criminantur
520 2655 582 2707 tam
594 2646 776 2723 immaniter,
800 2661 868 2701 cum
891 2641 949 2720 ipsi
971 2640 1051 2700 idsm

132 2729 275 2806 sentiant,
298 2732 360 2789 imo
384 2733 492 2809 magis,
515 2748 606 2809 quam
629 2747 699 2809 ego,
722 2724 847 2787 dicant?
878 2724 946 2803 Ego
970 2724 1050 2783 enim

133 2810 172 2871 de
194 2812 303 2872 veniali
333 2822 462 2893 peccato
485 2833 547 2874 non
575 2813 648 2873 dixi.
692 2812 753 2871 lam
778 2827 857 2890 quae
879 2818 925 2868 est
947 2806 1051 2866 absur-

132 2895 229 2974 ditas,
250 2898 281 2954 in
304 2897 388 2957 omni
411 2915 505 2977 opere
528 2897 611 2957 bono
633 2914 748 2976 ponere
775 2898 954 2974 peccatum,
983 2907 1050 2950 cum

133 2980 191 3057 ipsi
214 2980 367 3039 fateantur
399 2981 430 3038 in
452 2981 588 3061 plurimis
612 2987 695 3040 certo
719 2997 787 3038 esse
808 2982 987 3056 peccatum,
1023 2984 1052 3032 st

131 3062 163 3120 in
184 3063 364 3141 paucisnon
386 3072 637 3144 essepeccatum,
659 3065 750 3122 etiam
772 3060 842 3119 dnm
857 3060 924 3118 sine
946 3074 1051 3117 exam·

132 3146 185 3224 plo
207 3146 374 3206 secundum
397 3148 534 3228 regulam
567 3148 665 3208 solam
701 3146 877 3223 loquuntur.
914 3139 953 3201 'Si
989 3161 1051 3202 non

133 3238 179 3287 est
201 3229 365 3289 absurdum
388 3232 492 3290 inuno
510 3240 563 3290 aut
579 3229 690 3308 multis,
713 3225 870 3308 quomodo
884 3223 1050 3286 absurdum

132 3318 186 3372 sut
206 3313 396 3392 impossibile
417 3316 447 3374 in
471 3313 633 3374 omnibus?
662 3313 773 3374 Sumus
797 3327 912 3389 ergone
934 3308 1051 3388 pulchri

132 3395 302 3474 Doctores,
343 3400 396 3478 qui
434 3397 572 3478 regulam
609 3397 755 3458 docemus
788 3398 854 3454 sine
886 3392 1052 3473 exemplo?

132 3479 193 3540 Sed
216 3479 334 3542 dicent:
372 3481 524 3542 incertum
548 3487 611 3560 est,
649 3482 733 3541 cuius
769 3496 847 3559 opus
876 3477 991 3538 bonum
1013 3477 1053 3537 sit

132 3566 199 3625 sine
220 3576 368 3647 peccato,
396 3574 498 3628 tamen
521 3568 588 3627 sine
609 3572 739 3647 peccato
760 3582 830 3623 sess
851 3581 914 3622 uon
937 3561 1054 3623 dubita·

134 3673 208 3715 mus.
252 3652 332 3729 Quid
355 3673 430 3736 ergo
452 3654 602 3716 iacimus?
632 3653 770 3713 ducimus
794 3648 934 3710 homines
956 3647 987 3706 in
1009 3646 1052 3706 in-

133 3747 249 3803 certum
272 3759 340 3803 curn
364 3744 476 3804 nostris
499 3741 666 3803 doctrinis?
690 3741 738 3800 An
762 3737 821 3798 hoc
844 3752 905 3794 nou
930 3741 975 3795 cst
998 3729 1049 3793 ab·
