2392 4170
139 252 207 327 tto
318 250 907 331 manamaummsnms.

140 433 319 515 scripserint
350 437 460 496 eontra
487 452 554 512 me,
588 433 671 495 alind
704 454 724 495 s
754 451 804 494 me
834 431 996 513 postulare
1016 448 1070 513 po·

141 524 252 579 terunt.

223 599 333 680 Neque
353 599 435 661 enim
457 617 518 680 ego
540 616 666 677 quaero,
688 597 763 680 quid
785 597 985 680 Ambrosius,
1008 600 1068 659 Διι-
1124 619 1130 633 ·

141 684 292 765 gostinus,
315 681 456 744 Consilia
477 689 592 742 elusus
612 682 786 742 seoulorum
810 681 922 758 disent,
944 681 1071 749 nooinit

141 784 220 846 opos
255 764 328 826 mibi
357 763 491 826 Henrioo
513 764 600 844 Rege
633 765 800 845 magistro,
834 766 887 844 qui
915 784 965 825 me
994 765 1072 826 bseo

141 849 278 922 doneret,
301 848 353 927 qui
374 846 454 909 adeo
472 847 601 928 pulebre
621 866 660 908 en
681 866 839 924 noveram,
861 857 894 909 ut
907 849 999 910 etism
1018 852 1072 909 im·

141 933 314 1014 pugnerim‚
338 937 371 992 ut
393 930 532 992 miranda
552 932 593 992 sit
612 930 740 992 stultitia
761 930 910 1011 Samene,
932 950 1014 1011 quse
1032 932 1069 992 iis

142 1033 192 1076 me
212 1016 385 1095 impugnet,
407 1031 487 1092 quse
508 1015 576 1093 ipse
586 1015 746 1095 impugno,
768 1021 802 1077 et
819 1024 970 1096 perpetuo
992 1016 1070 1095 prin·

142 1099 255 1179 oipium
284 1098 369 1177 petit.
411 1095 501 1174 Non,
522 1098 665 1178 inquam,
688 1097 833 1179 -disputo,
863 1098 936 1177 quid
956 1117 977 1159 u
998 1116 1071 1178 qno·

37 1194 41 1203 ’
141 1199 234 1261 quam
265 1179 379 1241 diotum
412 1179 461 1240 vel
495 1180 713 1261 nondictum,
745 1182 890 1263 seriptum
929 1180 980 1242 vel
1009 1200 1070 1243 uon

142 1264 289 1346 seriptum
312 1263 361 1341 sit,
384 1262 439 1322 sed
461 1281 501 1324 an
523 1261 585 1345 boo
605 1263 720 1325 dietum
741 1273 775 1327 et
795 1265 943 1346 seriptum
964 1283 1071 1331 neo&

141 1348 257 1409 sarium
289 1347 331 1408 sit
364 1351 504 1426 servato,
535 1367 575 1407 sn
604 1348 644 1408 sit
676 1347 823 1409 artioulus
844 1347 936 1426 fidei,
971 1344 1071 1409 arisit

143 1430 272 1509 sequals
293 1427 388 1491 verbo
411 1429 485 1509 Dei,
516 1449 557 1490 nn
590 1431 812 1492 oonsoientiam
840 1430 925 1512 liget
954 1431 1018 1494 oe
1037 1430 1071 1493 li-

142 1512 262 1575 bertate
282 1521 315 1574 et
335 1513 649 1593 eaptivitatequaero,
662 1532 720 1595 pro
732 1514 872 1577 libertate
883 1533 944 1595 ego
954 1533 1069 1595 pugno,

141 1596 211 1658 Rex
232 1615 289 1677 pro
311 1596 490 1676 eaptivitate
515 1604 641 1677 pugnat.
683 1597 752 1678 Ego
774 1599 926 1659 rationem
949 1597 1070 1661 libertu-

142 1681 181 1739 tis
202 1680 340 1761 signavi,
373 1678 442 1739 Rex
463 1681 600 1741 rationes
622 1680 809 1760 eaptivitatis
831 1682 946 1742 omittit
967 1687 999 1742 et
1022 1699 1068 1743 so·

141 1762 204 1823 lum
235 1762 381 1840 blaterat,
417 1779 497 1840 quae
531 1765 571 1823 sit
604 1764 782 1844 eaptivitas,
812 1763 969 1826 debitores
992 1765 1064 1826 lauit

143 1853 174 1907 et
195 1845 318 1926 onlpam
351 1862 414 1905 non
442 1845 590 1927 assignat.
634 1847 746 1908 Valeat
767 1849 871 1927 itaque
891 1849 1018 1929 ineptus
1038 1853 1067 1909 et

143 1928 324 1991 miserabilis
347 1927 491 1989 defensor
512 1929 698 2010 eaptivitatis
711 1929 923 2013 Babyloniose
944 1940 977 1993 et
998 1949 1070 1994 anes

145 2013 320 2094 Pepistiese
341 2011 503 2075 eoelesiae.
1104 2072 1110 2084 ,

225 2095 258 2156 ln
281 2093 352 2172 flue,
374 2095 400 2156 si
422 2113 513 2174 quem
527 2094 689 2157 offenderit
708 2115 777 2158 men
797 2099 828 2157 in
843 2097 960 2177 Regem
987 2116 1071 2177 aspe-

143 2180 232 2255 rites,
260 2177 328 2239 boo
355 2178 412 2238 sibi
442 2196 624 2259 responsum
655 2178 782 2260 habeat,
815 2199 883 2241 oum
908 2183 1071 2242 insensatis

143 2262 286 2322 monstris
320 2280 368 2320 me
399 2261 459 2322 boo
482 2261 559 2322 libro
584 2282 693 2343 agere,
726 2265 777 2343 qui
801 2265 905 2324 omnia
928 2284 999 2325 mes
1022 2284 1071 2346 op

144 2346 218 2406 time
239 2342 557 2424 elmodestesoripta,
581 2354 642 2405 tum
664 2345 864 2407 humillimam
889 2367 990 2408 meam
1007 2347 1071 2408 snb

143 2428 319 2488 missionem
342 2437 591 2510 contempserunt
625 2439 656 2489 et
678 2431 775 2509 magis
804 2450 843 2490 ex
875 2450 944 2491 mea
968 2430 1070 2492 mode·

142 2511 201 2572 stis
222 2509 430 2572 induruerunt.
474 2509 594 2572 Deinde
624 2530 643 2571 a
665 2514 826 2573 virulentia
848 2519 880 2573 et
903 2514 1071 2575 mendaoiis

143 2594 290 2674 abstinui,
326 2595 436 2673 quibus
457 2593 535 2656 liber
556 2595 650 2674 Regis
678 2595 892 2656 refertissimus
916 2605 981 2678 est,
1016 2615 1071 2657 neo

143 2697 287 2757 magnum
310 2684 367 2756 est,
389 2679 413 2736 si
437 2695 496 2758 ego
507 2680 621 2759 Regem
635 2686 735 2740 terrae
757 2689 922 2740 contemno
946 2690 978 2741 et
995 2700 1070 2741 mon

142 2760 220 2841 deo,
250 2759 373 2839 quando
395 2760 462 2840 ipse
484 2762 556 2822 nihil
579 2763 693 2822 veritus
728 2770 776 2822 est
797 2762 914 2842 Regem
939 2764 1021 2824 ooeli
1041 2764 1069 2824 in

143 2847 205 2905 suis
227 2844 418 2904 sermonibus
441 2844 698 2926 blasphemasset
720 2845 965 2906 virulentissimis
990 2866 1070 2908 men·

143 2928 237 2989 deuiis
260 2926 431 3006 profanare.
476 2928 624 2989 Dominus
646 2928 905 3010 iudieatpopulos
920 2931 950 2989 in
966 2931 1070 3010 eequi-

143 3017 216 3090 tote,
239 3012 349 3072 Amen.
1031 3036 1035 3042 ·
