2392 4170
195 248 239 329 20
500 245 578 327 Aeta
595 262 629 318 D.
647 259 684 319 lt
702 256 815 318 Lutlrsri

196 450 261 492 rem
280 432 378 512 ipsam
401 430 475 492 nibil
490 430 645 507 facientia,
662 448 882 511 nonnunquam
898 430 1121 512 interstrepens

197 520 228 575 et
247 511 404 576 Iohannes
437 513 589 576 Goohleus
622 513 792 576 conabatur
823 513 953 577 Dootori
984 512 1118 585 Lutbero

199 596 403 679 persuadere,
422 603 455 658 ut
476 597 514 660 ab
536 599 662 679 inoepto
697 597 874 678 desisteret,
908 603 941 658 at
972 594 1119 681 deinoeps
1164 614 1167 619 ·

198 699 322 762 prorsus
346 701 365 742 a
386 679 549 743 scribendo
567 688 598 742 et
614 679 757 742 doeendo
770 679 947 743 abstineret
980 678 1118 743 'l'andem
1158 686 1162 691 ’

198 764 326 845 digressi
348 771 428 826 aunt.

279 869 342 931 Sub
364 887 524 949 vesperam
558 867 694 930 eiusdem
718 868 777 931 diei
799 867 990 929 Trevireusis'
1012 867 1119 930 Arabi·

198 953 364 1034 episeopus
398 952 556 1012 nunciavit
596 949 726 1013 Dootori
766 951 915 1028 Mutina,
954 952 1020 1012 inte
1056 959 1120 1013 rete

198 1033 393 1116 Amadorfio,
419 1033 511 1095 fldem
544 1033 698 1116 publioam
725 1055 745 1096 a
772 1035 905 1097 Caesare
933 1035 965 1095 iu
993 1033 1023 1095 bi
1047 1054 1118 1096 unm

220 1126 402 1194 rotraotam,
448 1125 481 1178 ut
525 1119 645 1178 interim
690 1137 759 1179 aum
801 1136 839 1179 eo
877 1136 971 1199 agere
1003 1126 1120 1199 posset.

197 1140 233 1264 fu
266 1203 327 1262 hoo
359 1203 450 1282 igitur
483 1202 632 1282 postridie
665 1203 831 1263 Dostorem
854 1201 1070 1282 Peutiugerurn
1090 1208 1120 1263 et

198 1285 366 1346 Ductorem
389 1284 559 1345 Badeusem
583 1283 622 1345 ad
653 1304 722 1346 enm
754 1292 916 1361 venturos,
942 1285 1007 1347 imo
1035 1291 1067 1348 at
1086 1303 1120 1346 se

197 1369 296 1449 ipsum
319 1387 387 1428 onm
412 1386 450 1429 eo
472 1375 619 1432 aelurum.

280 1485 368 1546 Foris
389 1486 481 1566 igitur
503 1487 617 1564 quinta,
639 1486 708 1566 ipsa
728 1483 778 1545 die
801 1485 910 1562 Maroi,
932 1490 1004 1545 anta
1031 1484 1116 1551 meri·

199 1567 293 1646 diem,
333 1568 534 1648 Peutingerus
574 1575 604 1629 et
636 1567 785 1628 Badensis
817 1568 921 1629 eonati
954 1575 1026 1629 suut
1055 1586 1120 1650 per-

200 1653 331 1712 suadere
353 1650 480 1712 Dootori
504 1651 648 1728 Martiae,
687 1659 719 1711 ut
751 1650 932 1732 simpliciter
965 1658 997 1712 st
1032 1651 1120 1712 abso·

198 1735 261 1796 lota
291 1735 415 1797 Caesari
448 1744 480 1796 et
512 1736 641 1815 imperio
676 1735 868 1815 permitteret¹
901 1732 1045 1795 iudicium
1083 1733 1120 1794 de

199 1820 321 1899 seriptis
344 1819 416 1880 suis.
1082 1844 1085 1849 ·

283 1935 462 2016 Respondit,
484 1954 519 1996 se
541 1937 646 1996 omnia
667 1942 698 1997 et
719 1935 869 1996 facturum
898 1940 930 1996 et
950 1951 1121 2014 passurum,

200 2019 225 2079 ai
255 2018 348 2079 modo
382 2017 557 2098 scripturae
591 2027 717 2080 sanotae
751 2021 919 2081 niterentur
946 2018 1119 2095 autoritate,

199 2101 314 2181 alioqui
337 2103 417 2162 enim
441 2100 515 2160 nihil
533 2102 632 2162 minus
650 2102 894 2164 commissuram.
928 2098 1008 2161 Nam
1021 2100 1121 2163 Deum

199 2204 254 2265 per
287 2183 471 2264 Prophetam
504 2183 633 2245 dixisse:
670 2184 774 2246 Nolite
806 2183 962 2246 confidere
987 2184 1018 2244 in
1042 2183 1122 2245 Priu-

200 2267 336 2348 oipibus,
377 2269 408 2327 in
440 2267 509 2328 liliis
543 2268 719 2345 bominum,
760 2269 791 2328 in
833 2266 942 2348 quibus
980 2285 1043 2327 non
1078 2273 1124 2328 est

199 2351 297 2428 salua,
319 2352 409 2411 item:
448 2350 637 2430 Maledictus,
670 2354 721 2432 qui
755 2350 883 2412 conlidit
917 2352 947 2411 in
987 2349 1122 2413 bomine.

200 2434 423 2494 Vehementius
462 2436 640 2516 urgentibus
679 2432 852 2514 respondit:
896 2432 979 2495 Nihil
1023 2435 1122 2498 minus

221 2517 434 2578 ermittendum
468 2517 625 2579 hominum
659 2518 771 2580 iudicio
795 2536 885 2598 quam
908 2516 1034 2578 verbum
1057 2518 1123 2581 Dei.

199 2537 247 2662 fta
274 2600 430 2681 abierunt,
462 2609 623 2682 rogantes,
658 2610 689 2663 ut
712 2600 910 2681 deliberaret,
931 2601 1060 2663 meliora
1080 2621 1124 2662 re·

200 2702 378 2766 sponsurus,
401 2703 419 2745 a
442 2684 570 2765 prandio
594 2705 628 2746 se
649 2685 810 2747 redituros.

283 2800 357 2862 Post
388 2801 549 2881 prandium
586 2804 702 2864 reversi
734 2803 834 2882 idem,
864 2800 946 2882 quod
969 2809 1040 2863 ante
1062 2821 1124 2864 me

199 2884 324 2962 ridiem,
346 2884 457 2946 frustra
480 2889 583 2947 oouati
613 2895 693 2950 suut.
737 2886 926 2963 Oravernnt,
955 2892 988 2946 ut
1016 2885 1124 2947 saltam

201 2968 331 3030 Oonoilii
361 2968 451 3030 futuri
484 2970 599 3030 iudioio
632 2990 688 3031 sua
722 2970 922 3032 submitteret.
965 2967 1033 3031 Hos
1060 2988 1125 3050 per

201 3053 282 3112 misit
310 3051 473 3130 Lutherus,
508 3052 562 3113 sed
592 3052 652 3114 bae
683 3051 877 3133 conditione,
907 3058 941 3114 ut
961 3051 1124 3135 decerptos

200 3153 239 3195 ox
273 3134 356 3196 libris
390 3136 453 3195 suis
488 3136 633 3198 articulos
670 3138 728 3217 ipsi
768 3136 948 3197 exhiberent
983 3134 1123 3198 Consilio

175 3217 422 3294 ·subiioieudos,
453 3219 498 3280 ita
519 3228 694 3298 tamen,.nt
716 3222 899 3281 sententiam
922 3218 961 3279 de
982 3218 1042 3279 illis
1063 3219 1123 3281 fer·

200 3309 267 3361 rent
289 3321 329 3361 ex
352 3300 531 3387 Scripturis,
561 3311 592 3365 et
614 3305 795 3365 testimoniis
831 3302 969 3364 eiusdem
1002 3309 1123 3365 nontra-

201 3385 277 3446 rium
300 3383 474 3464 probarent.
505 3408 509 3414 ·

284 3500 330 3560 llli
351 3502 456 3582 itaque
488 3500 667 3565 aDoetore
690 3503 820 3565 blattina
849 3502 978 3586 digressi
1001 3504 1126 3566 Arabis·

201 3585 331 3666 pisoopo
345 3584 518 3647 Trevirensi
538 3588 652 3667 dieunt,
672 3587 834 3648 Martinam
850 3588 1022 3668 pollicitum
1044 3606 1123 3670 esse,

200 3686 235 3728 se
256 3687 313 3729 sua
334 3671 554 3750 permissurum
583 3668 723 3732 Consilio
749 3672 780 3732 in
804 3671 938 3732 artioulis
967 3670 1123 3736 nonnullis

203 3752 387 3834 interimque
426 3756 588 3815 taeitnrnm
626 3753 665 3816 de
699 3753 827 3816 eisdem.
880 3753 970 3833 Quod
1004 3752 1125 3820 Dootor
