2392 4170
134 240 198 317 476
436 245 599 307 Christianis
618 240 768 305 tectoribus
827 282 830 286 ι
885 257 888 263 “

19 476 26 501 Ι.
219 417 342 484 lectitat
363 421 454 482 etism
478 419 629 502 Pontifex,
652 420 800 481 hactenus
827 436 952 500 semper
984 415 1061 481 reri·

14 498 37 522 ’”
137 509 231 567 tatem
255 503 416 566 mendacio
438 505 627 585 superiorem
643 503 753 566 tuisse.
772 501 911 564 :Verum
930 507 990 579 est,
1011 522 1062 562 ve-

137 589 257 650 ritatem
280 588 402 649 taudem
425 589 563 666 vincere,
585 587 641 649 sed
663 587 771 648 eadem
793 605 889 666 saepe
911 586 1062 668 opprimi·

138 678 203 752 tur,
232 691 302 733 nam
324 672 446 753 cogitur
467 671 520 732 illa
540 671 707 752 interdum,
736 669 998 751 quemadmodum
1031 674 1063 730 et
1165 694 1176 756 ..²

138 753 260 815 Christo
282 754 403 830 accidit,
425 755 552 816 moriat
574 754 713 834 sepeliri,
742 753 796 816 sed
830 764 935 815 rursus
957 758 1061 815 tamen
1171 758 1175 815 !

138 838 267 917 emergit
288 844 319 898 et
339 839 478 918 resurgit.
526 837 571 899 lta
593 838 649 899 sub
670 838 788 918 Papatu
815 836 989 898 Christiana
1011 855 1062 898 vs·
1171 868 1174 873 ·

30 980 34 987 .
137 921 211 983 ritas
233 938 382 1001 oppressa
403 922 512 1001 iacuit,
546 922 625 982 siout
645 921 753 984 Daniel
775 920 930 1002 praedixit
953 918 1063 1000 oapd

14 1038 27 1075 ,-
137 1003 225 1080 iore,
249 1011 283 1065 ut
305 1003 494 1084 temporibus
515 1003 693 1073 Antichristi
721 1005 832 1068 veritas
866 1003 971 1084 palam
993 1021 1062 1083 pro·

11 1084 22 1121 7
137 1092 298 1149 sternatur.
343 1086 455 1149 Verum
484 1089 694 1169 oppressionis
720 1086 801 1149 illius
823 1088 885 1148 iam
911 1085 983 1146 linis
1006 1092 1062 1164 est,

138 1171 212 1238 satis
231 1168 282 1231 diu
303 1171 364 1233 iam
387 1173 499 1232 veritas
521 1171 750 1235 submendacio
763 1189 915 1252 oppressa
936 1176 970 1231 et
991 1188 1060 1233 oum

140 1251 260 1315 Christo
283 1253 404 1334 sepulta
430 1255 533 1318 iacuit.
552 1254 651 1319 llunc
672 1274 740 1317 eam
761 1274 865 1327 rursus
899 1271 1062 1335 emergere

139 1335 351 1399 etmeudacia
373 1338 525 1418 papistica
553 1338 686 1400 vicissim
710 1344 904 1418 prosternere
927 1344 1061 1419 oportet,

137 1425 171 1479 ut
193 1419 453 1498 quemadmodum
477 1420 629 1503 Caiphae,
650 1423 695 1482 ita
720 1429 751 1483 et
773 1419 859 1502 Papa
888 1428 1003 1482 contra.
1030 1441 1062 1485 ss

136 1502 236 1581 ipsum
267 1503 316 1564 bio
345 1505 540 1582 vaticinetur,
573 1504 670 1584 quod*
691 1505 804 1571 ‚veritas
832 1504 903 1566 boc·
921 1509 1062 1584 tempore

138 1585 300 1647 mendacia
323 1587 406 1647 velut
433 1588 463 1648 in
487 1587 640 1668 triumpho
667 1587 769 1668 palam
799 1590 1062 1661 ostentaturarsit,

220 1704 382 1766 Praeclare
403 1713 505 1766 autem
527 1705 557 1766 id
580 1707 640 1767 iam
664 1703 730 1766 lieri
753 1706 895 1786 coepisse
917 1705 1061 1783 arbitror,
1164 1734 1169 1763 ι

141 1787 347 1867 existimoque
373 1785 526 1870 Papatum
557 1808 617 1849 una
645 1807 713 1849 oum
737 1789 798 1849 suis
822 1790 960 1868 squamis
992 1810 1061 1852 vere

141 1869 256 1951 mundo
279 1871 391 1932 iactum
414 1890 483 1932 esse
504 1874 658 1953 ostentui,
688 1890 801 1952 magno
831 1891 901 1934 oum
923 1874 1059 1953 ipsorum

139 1952 253 2033 probro
283 1961 315 2015 et
346 1955 539 2036 ignominia,
570 1954 676 2033 adeo,
706 1962 866 2017 uteorum
890 1954 1012 2018 scelera
1033 1964 1061 2017 et

140 2035 342 2117 turpitudines
378 2037 519 2112 clamet
549 2043 657 2119 aperte
690 2038 838 2100 hactenus
865 2047 1061 2119 perpetratae

140 2120 232 2180 stiam
245 2141 263 2180 a
274 2120 376 2200 pueris
394 2127 426 2181 et
437 2123 549 2182 scurris
566 2120 777 2198 decantentur,
801 2121 1059 2201 quemadmodum

139 2200 231 2262 idolis
253 2203 414 2264 accidebat
435 2204 653 2285 Apostolorum
675 2211 707 2265 et
729 2204 894 2286 Martyrum
916 2208 1060 2288 tempori·

73 2324 75 2327 -
140 2284 206 2362 bus,
230 2294 262 2346 ut
282 2285 462 2348 retribuatur
484 2288 558 2369 ipsis
582 2307 637 2369 pro
660 2286 899 2366 superbiam,
924 2290 977 2369 qui
1000 2291 1060 2370 qui·

140 2366 209 2427 dem
243 2376 334 2430 antea
366 2371 491 2431 summis
520 2372 611 2432 etiam
640 2369 776 2451 Regibus
809 2390 846 2431 ac
868 2372 1059 2454 Principibus

143 2449 210 2529 (qni
235 2452 273 2512 ab
295 2451 355 2512 illis
377 2458 516 2514 extreme
552 2461 622 2515 ete
651 2453 772 2513 sublimi
802 2453 942 2535 despecti
971 2463 1057 2530 sunt)

136 2536 248 2615 terrori
269 2535 399 2597 fuerunt.
444 2536 533 2596 Nunc
563 2556 638 2599 vero
660 2534 752 2596 iidem
782 2538 872 2599 etiam
896 2544 1058 2619 contemp.

140 2617 263 2677 tissimis
294 2624 324 2678 et
364 2617 476 2680 intimis
509 2618 684 2680 bominibus
724 2622 912 2701 contemptui
950 2641 988 2682 ao
1018 2623 1059 2682 lu·

140 2696 238 2777 dibrio
261 2709 350 2778 sunt,
372 2709 407 2763 ut
427 2701 539 2762 dictum
561 2701 635 2763 illud
658 2701 770 2763 Esaiae
792 2704 831 2768 33
854 2705 1059 2784 compleatur:

140 2782 226 2862 Vae,
248 2785 299 2863 qui
322 2784 501 2864 praedaris,
529 2804 634 2847 nonne
655 2791 687 2848 et
708 2785 774 2864 ipse
801 2785 1008 2867 spoliaberis?
1031 2794 1060 2848 et

140 2867 191 2946 qui
213 2868 352 2947 spernis,
386 2887 491 2929 nonne
514 2875 545 2929 et
574 2868 641 2949 ipse
671 2868 843 2950 sperneris?
888 2869 966 2930 Cum
989 2889 1059 2932 con·

138 2951 338 3010 summeveris
361 2950 648 3032 depraedationem,
671 2951 805 3032 praedae
826 2952 968 3032 patebis,
991 2973 1059 3014 cum

138 3031 282 3112 fatigatus
302 3032 428 3095 desieris
441 3040 647 3115 contemnere,
663 3035 880 3108 contemneris,
903 3043 935 3097 et
956 3055 1060 3116 quem·

137 3113 303 3177 admodum
344 3117 482 3179 Christus
527 3119 625 3198 inquit
662 3117 769 3180 lllattb.
799 3122 838 3182 7:
878 3117 948 3194 Qua
978 3140 1060 3181 men·

137 3217 208 3258 sura
230 3200 388 3282 metimini,
411 3220 448 3261 ea
471 3202 631 3262 metientur
652 3201 743 3262 vobis
764 3200 825 3267 alii.

138 3375 143 3381 ,
219 3314 266 3375 Ac
288 3319 426 3395 poenitet
445 3338 504 3396 me,
517 3338 566 3380 me
578 3318 677 3380 bonas
688 3318 781 3380 boras
796 3325 858 3379 tam
870 3318 953 3381 male
965 3320 1061 3384 collo·

137 3414 250 3473 casse,
282 3405 314 3458 ut
335 3401 492 3462 ineruditis
537 3409 567 3463 et
596 3421 669 3464 vere
698 3401 858 3483 papalibus
893 3401 989 3464 literis
1017 3424 1061 3466 re·

136 3478 324 3560 sponderim.
348 3482 516 3546 Sunteuim
535 3492 596 3546 tam
616 3485 774 3549 barbarice
796 3487 827 3545 et
836 3483 956 3547 insulse
967 3488 1060 3568 scrip·

136 3568 205 3642 tae,
232 3569 264 3624 ut
285 3564 429 3646 indiguae
458 3569 534 3646 sint,
561 3568 671 3648 quibus
700 3569 747 3630 vel
770 3588 789 3629 a
809 3587 906 3646 puero
933 3589 1060 3652 respon·

136 3643 252 3710 deatur.
296 3648 408 3711 Verum
432 3651 515 3711 Deus
538 3651 692 3713 miraculis
714 3650 893 3734 aggreditur
903 3650 1059 3719 Antichri-

135 3738 225 3810 stum,
247 3731 329 3814 quod
354 3731 395 3796 illi
417 3752 514 3817 usque
536 3733 616 3798 adeo
639 3734 754 3800 nullum
777 3734 908 3819 amplius
931 3756 1057 3811 succes·
