2392 4170
48 237 59 256 '
131 228 193 297 518
429 227 585 283 Coniuratis
605 227 773 280 Luthcriana

132 385 340 462 damnabiles,
371 387 414 447 ita
435 385 478 446 ilii
502 388 555 462 (ut
575 388 620 447 sic
641 382 760 466 dicam)
784 382 966 466 hypocritae
987 379 1052 460 qui·

133 473 201 532 dem
225 472 384 550 salutares,
408 471 479 549 quia
501 491 593 532 cerne
611 473 746 532 serviunt
768 476 909 549 peccato,
931 477 963 529 et
983 470 1054 527 sunt

135 554 205 615 mali
227 555 256 614 in
279 555 424 636 speciem,
447 554 519 615 honi
542 563 642 616 autem
665 557 694 615 in
719 555 853 615 veritate.
899 553 1002 632 Atque
1023 557 1054 610 ut

135 656 230 717 opera
263 639 490 720 hypocritarum
520 647 648 701 externe
684 658 745 699 uon
774 644 844 697 suut
875 635 966 712 nihil,
1000 634 1055 694 sed

134 741 207 782 vere
230 723 315 783 utilia
338 730 369 783 et
390 722 487 799 hona,
520 725 592 801 quia
614 728 772 784 creaturae
794 721 852 781 Dei
872 720 979 795 utiles,
1013 719 1057 778 ita

135 811 263 887 peccata
285 807 432 866 iustorum
457 826 528 867 vere
551 807 632 867 mala
659 815 689 865 et
717 806 840 879 noxie,
860 805 933 883 quio
962 820 1057 882 opera

136 889 273 970 peccati,
305 897 396 969 atque
426 897 458 950 ut
480 910 575 970 opera
599 891 651 965 iila
680 889 848 970 hypocritis
871 887 961 947 vbona
983 884 1057 945 nihil

136 981 282 1052 prosunt,
312 974 356 1033 ita
386 973 473 1032 iustis
503 993 559 1034 sua
589 981 717 1053 peccota
746 975 804 1032 ista
838 971 909 1031 nihil
933 975 1057 1030 nocent.

136 1054 268 1130 Quando
297 1075 371 1135 ergo
405 1075 464 1136 ego
496 1055 575 1133 dixi,
609 1056 767 1134 quomodo
801 1056 867 1115 sine
896 1072 988 1114 carne
1011 1051 1058 1112 vel

137 1139 295 1199 voluntate
317 1140 416 1199 cernis
439 1141 559 1220 operari
592 1146 711 1220 potest,
746 1140 796 1218 qui
825 1140 891 1198 sine
918 1157 956 1198 ea
990 1154 1059 1196 esse

137 1240 198 1282 non
234 1228 353 1302 potest,
391 1241 493 1283 nonne
530 1225 719 1304 ineptissime
749 1224 894 1284 Latomus
929 1220 1059 1300 opponit

138 1304 210 1365 illud
232 1305 318 1367 Pauli
331 1303 387 1388 *);
410 1306 476 1366 Etsi
497 1308 527 1366 in
551 1327 654 1389 carne,
677 1327 739 1368 non
763 1314 865 1367 tamen
889 1301 1057 1364 secundum

137 1406 261 1450 carnem
290 1389 505 1449 ambulamus?
542 1392 629 1470 quasi
651 1391 704 1469 sit,
736 1389 904 1451 secundum
936 1404 1058 1447 carnem

139 1470 311 1549 ambulare,
348 1472 470 1551 quando
501 1475 568 1534 sine
590 1493 682 1534 carne
705 1493 766 1535 non
792 1491 972 1553 operamur,
1004 1489 1059 1549 per

138 1555 220 1634 quod
243 1555 308 1616 vult
328 1555 572 1632 similitudinem,
596 1576 687 1635 quarn
711 1558 748 1618 de
769 1559 973 1617 instrumento
994 1571 1061 1614 cor·

139 1657 211 1698 roso
234 1637 304 1698 dedi
328 1646 529 1719 evacuatam,
561 1640 641 1701 adeo
673 1641 744 1700 nihil
778 1640 861 1700 videt
881 1639 942 1697 hoo
963 1655 1060 1717 genus

108 1752 114 1764 ·
139 1722 349 1802 sophisticum.
393 1723 504 1782 Paulus
526 1725 725 1785 servitoarne
746 1729 887 1804 peceato,
906 1729 936 1781 et
957 1727 1060 1780 tamen

140 1824 201 1866 non
226 1805 362 1866 ambulet
383 1805 551 1867 secundum
566 1826 699 1886 carnem,
722 1825 898 1886 quanquam
913 1823 972 1863 nec
985 1803 1059 1862 Pau-

143 1887 204 1948 lum
227 1895 310 1948 recte
332 1889 405 1949 citat
427 1889 615 1969 ponderator
636 1889 687 1951 ille
708 1890 964 1964 testimoniorum,
986 1886 1060 1946 Pau·

141 1970 188 2032 lus
211 1973 290 2031 enim
325 1971 398 2032 dicit
419 1975 438 2035 2
461 1972 598 2035 Corinth.
623 1976 674 2037 10:
717 1973 752 2033 ln
783 1991 875 2033 carne
896 1971 978 2030 enim
1000 1988 1060 2029 am·

140 2053 296 2131 bulantes‚
332 2064 519 2116 nontamen
548 2057 716 2117 secundum
738 2075 862 2116 carnem
885 2054 1061 2126 militamus,

140 2155 248 2198 sensus
272 2143 374 2198 tamen
397 2138 476 2197 idem
500 2145 556 2200 est.

222 2220 286 2279 lam
311 2220 385 2297 quid
414 2240 491 2299 opus
521 2229 569 2281 est
597 2224 701 2284 omnia
723 2222 841 2284 Latomi
864 2240 918 2299 per
941 2219 1062 2299 singula

139 2303 292 2382 persequi,
316 2321 384 2363 cum
408 2323 447 2363 ex
470 2305 517 2364 his
540 2305 627 2366 dictis
651 2305 772 2365 abunde
787 2305 891 2365 omnia
908 2305 969 2363 sint
991 2320 1060 2363 oon-

139 2386 247 2463 iutata,
270 2394 300 2444 et
321 2406 390 2446 mea
412 2387 578 2449 roborata?
615 2389 785 2449 Monstravi
808 2389 888 2448 enim
911 2387 986 2445 satis
1008 2384 1061 2444 La·

140 2477 256 2528 tomum
273 2473 375 2529 ‘toturn
399 2472 568 2532 consistere
597 2473 628 2531 in
658 2474 805 2551 petitione
838 2470 995 2549 principii,
1031 2475 1062 2527 nt

141 2552 192 2630 qui
215 2559 377 2632 peccatum
400 2572 461 2613 non
486 2554 557 2614 velit
579 2575 596 2614 a
620 2575 669 2616 me
692 2555 800 2633 accipi,
822 2554 880 2613 nisi
894 2555 973 2612 sicut
994 2553 1061 2632 ipse

140 2635 266 2715 accipit,
300 2643 330 2696 et
364 2636 502 2696 studiosa
534 2639 670 2716 nequitia
698 2638 847 2718 depravat
880 2642 910 2697 et
940 2654 1011 2695 mea
1033 2640 1062 2693 et

140 2719 275 2777 omnium
298 2718 420 2779 Petrum
446 2719 541 2797 dicta,
565 2721 635 2780 dum
660 2738 714 2782 eos
737 2719 775 2779 de
797 2725 926 2799 peccato
949 2717 1061 2798 simpli·

138 2802 213 2860 citer
242 2800 402 2880 loquentes
439 2802 530 2863 trahit
563 2812 673 2864 contra
706 2810 868 2883 peecatum
903 2803 934 2860 in
964 2801 1062 2881 gratia

139 2883 273 2957 dictum,
309 2904 362 2943 seu
387 2885 424 2944 de
446 2893 575 2963 peceato
597 2888 689 2947 totius
712 2886 792 2946 diota
827 2890 928 2964 aptet,
963 2891 996 2943 ut
1019 2884 1062 2941 sic

139 2966 250 3042 dicam,
272 2974 401 3047 peccato
424 2971 528 3047 partis.
565 2969 655 3043 Quod
679 2970 759 3048 facit,
784 2969 856 3048 quia
869 2965 940 3047 quid
964 2967 1063 3046 gratia

139 3057 169 3110 et
191 3058 370 3128 peccatum,
392 3051 464 3129 quid
488 3051 551 3110 Lex
576 3061 606 3112 et
628 3053 846 3129 Evangeiium,
883 3049 954 3128 quid
979 3049 1061 3110 Chri·

139 3142 202 3191 stus
241 3141 273 3194 et
307 3132 401 3195 homo
440 3135 477 3192 sit
517 3153 585 3194 oum
621 3137 682 3194 suis
717 3135 869 3214 Sophistis
903 3151 1060 3210 nunquam

139 3216 296 3295 cognovit.

222 3297 300 3357 Nam
330 3300 380 3377 qui
415 3298 452 3358 de
483 3307 613 3379 peceato
649 3309 679 3360 et
709 3301 823 3380 gratia,
855 3299 893 3358 de
916 3298 999 3379 Lege
1032 3305 1061 3357 et

140 3380 321 3459 Evangelio,
345 3382 383 3441 de
405 3381 527 3443 christo
550 3392 580 3442 et
602 3384 726 3443 homine
750 3383 831 3442 volet
850 3381 1060 3442 Christianiter

139 3463 300 3538 disserere,
324 3474 446 3544 oportet
473 3465 568 3525 ferme
591 3486 652 3526 non
676 3466 777 3542 aliter,
811 3484 902 3544 quem
934 3463 972 3523 de
994 3463 1060 3524 Deo

139 3554 169 3606 ct
191 3545 318 3606 homine
340 3548 369 3606 in
393 3547 514 3608 Christo
538 3548 697 3610 disserere.
731 3549 789 3610 Ubi
812 3548 988 3608 cautissime
1009 3545 1060 3606 ob·

211 3735 242 3802 ⁸)
262 3733 421 3790 2‘Gorinth.
444 3689 519 3791 10?
