2392 4170
323 260 430 319 Bullsm
449 261 534 337 Leon
555 264 587 323 X.
606 262 727 340 damnat
743 277 774 321 'a
796 263 874 330 1520.
998 259 1062 336 199

133 415 262 497 quilibet
283 418 448 499 episeopus
476 417 568 481 otiam
590 418 806 499 invitopapa,
834 417 986 481 Christum
1014 437 1061 483 aa·

134 507 223 569 antus
245 501 278 565 in
301 501 479 582 evangelio,
509 521 613 563 rursus
636 507 795 582 utramque
817 503 952 582 speeiem
973 498 1061 567 laicis

133 583 239 651 dareta
274 582 374 660 Quam
397 584 448 651 diu
468 604 546 666 rogo
569 585 696 649 sinimus
725 604 782 651 nos
810 585 896 654 illudi
918 585 1060 651 humanis

130 669 198 733 istis
232 664 451 747 figmentis.et
482 668 625 731 statutis?
659 674 708 730 An
740 671 917 750 ignoramus
944 665 1060 750 nem)

131 751 232 830 magis
254 769 347 833 quam
367 750 542 815 hominibus
565 770 634 814 essa
661 751 887 815 obediendum?
922 751 1060 817 Christus

133 841 295 979 uffiamqioe
317 832 370 898 dat
391 834 509 916 populo
531 853 604 912 suo,
633 840 664 897 et
686 836 815 899 vinarius
838 855 911 899 suus
933 835 1061 903 alteram
1113 872 1120 887 =

132 938 150 979 a
184 925 251 981 oret
429 971 432 977 .

218 999 407 1064 Consultum
428 1003 536 1066 iterum
565 1001 656 1080 volo,
688 1008 721 1063 ut
743 999 870 1081 quilibet
891 1001 1003 1080 laicus,
1035 1002 1062 1067 si

133 1086 271 1167 speeiem
293 1084 421 1147 alteram
444 1087 609 1165 impetrare
630 1103 691 1145 non
715 1092 828 1166 potest,
851 1083 1061 1166 vityrannidis

132 1169 223 1231 huius
245 1168 419 1249 impeditus,
444 1168 537 1230 eorde
559 1168 668 1229 saltem
691 1174 757 1232 toto
780 1176 883 1248 optet,
906 1175 937 1231 et
958 1157 1062 1249 gemui

131 1252 172 1314 ad
194 1252 313 1328 Deum,
335 1251 427 1332 quod*
441 1253 553 1313 nostris
586 1252 723 1333 psooatis
756 1251 943 1315 merentibus
978 1251 1065 1333 digni,

131 1335 205 1397 faeti
228 1354 342 1413 sumus,
366 1335 476 1416 quibus
489 1335 574 1414 impii
595 1334 762 1399 adversarii
774 1335 911 1398 veritatis
933 1334 1061 1397 altarum

131 1424 258 1500 partem
274 1420 457 1482 sacramenti
485 1419 655 1496 auferrent,
683 1425 715 1480 et
741 1437 799 1480 nos
829 1423 938 1481 nostro
958 1437 1061 1481 naora-

99 1531 113 1546 ·
131 1508 238 1564 mento
261 1501 438 1583 spoliarent
471 1502 549 1563 Nam
572 1501 634 1562 hoo
655 1520 715 1582 ego
737 1501 818 1579 dieo,
840 1502 867 1562 si
881 1502 1062 1581 quisaoions

132 1587 254 1648 omittat
292 1585 466 1649 desiderare
500 1585 610 1649 saltem
644 1585 771 1647 alteram
815 1586 908 1650 auam
942 1590 1061 1666 portem

131 1669 333 1747 sacramenti,
364 1668 436 1731 lieet
467 1674 573 1736 neutm
603 1670 778 1730 neeessaria
799 1669 854 1749 sit,
888 1687 958 1733 oum
985 1666 1061 1733 fidas

133 1750 204 1814 sola
224 1751 275 1812 hio
296 1751 437 1829 sufficiat,
461 1753 587 1833 impium
610 1771 680 1813 eum
704 1770 784 1829 essa,
806 1757 838 1812 et
859 1749 1061 1815 Christumab

133 1854 174 1898 eo
194 1854 235 1896 ne
305 1881 313 1898 .

216 1854 421 1981 Ngeznwfflifl
443 1917 563 1981 iliorum
586 1924 756 1996 moveatur,
779 1918 832 1997 qui
852 1917 989 2002 garriunt
1005 1914 1062 1985 sub

131 2021 215 2082 pane
238 2003 342 2062 omnia
363 2003 473 2081 aeoipi,
496 2001 633 2065 Christus
656 2001 747 2071 etiam
770 2000 888 2070 soiabat
909 1998 966 2064 sub
980 2017 1063 2079 pone

132 2085 238 2150 omnio
266 2086 383 2164 aooipi,
416 2083 612 2148 nibilominus
645 2091 747 2153 tamen
787 2086 891 2147 vinum
923 2082 1061 2150 instituit.

133 2166 258 2230 Soiebat
270 2169 374 2231 omnia
389 2168 457 2229 sola
478 2166 537 2236 fida
550 2167 678 2248 percipi,
700 2176 730 2228 et
751 2175 854 2233 tamon
867 2173 1062 2233 sacramanta

135 2251 298 2317 ordinavit.
342 2251 411 2327 Quo
433 2252 499 2312 iure
519 2270 625 2315 servus
649 2250 772 2312 Domini
795 2252 841 2317 sui
864 2255 963 2313 mutat
982 2248 1061 2310 ordi·

132 2333 296 2397 notiones?
319 2333 381 2399 Gur
402 2333 581 2396 saoerdotes
594 2353 657 2395 non
680 2334 772 2395 etiam
785 2335 889 2399 omnio
911 2331 967 2397 sub
980 2351 1062 2412 pons

132 2417 311 2498 aooipiunt?
333 2417 445 2487 Nonne
457 2437 534 2483 unus
548 2418 636 2498 panis
655 2416 687 2478 et
705 2437 799 2479 unum
822 2435 935 2497 eorpus
946 2434 1062 2496 sumus,

133 2519 259 2579 omnes,
283 2503 333 2581 qui
356 2500 395 2562 da
416 2520 478 2562 uno
500 2519 582 2580 pone
612 2508 643 2561 st
672 2499 710 2561 da
732 2519 793 2569 uno
817 2500 914 2566 ostes
939 2499 1062 2579 partini·

132 2603 259 2665 pomus,
292 2591 325 2645 ut
347 2583 507 2665 apostolus
530 2582 552 2647 1.
576 2581 713 2648 Corinth.
739 2585 785 2649 10.
815 2584 908 2650 dooot
931 2583 1063 2663 ,apertis-

133 2666 232 2731 sima?
255 2667 296 2731 At
317 2687 399 2747 papa
420 2667 516 2729 laioos
534 2666 730 2730 ab-hoouuo
745 2685 876 2746 corpora
897 2664 1063 2729 excludere

134 2758 280 2825 conatur,
311 2748 383 2811 dum
406 2769 468 2811 non
492 2769 599 2812 omnes
622 2749 660 2809 da
684 2768 745 2810 uno
766 2749 864 2818 oaiioe
886 2748 951 2811 vuit
972 2749 1062 2828 porti-

132 2834 247 2913 oipam,
270 2834 414 2894 resistens
439 2841 500 2894 tum
518 2834 649 2910 Christo,
673 2837 735 2893 tum
759 2829 921 2906 Paulo**)
945 2839 976 2892 at
998 2831 1062 2890 uni·

134 2935 243 2978 versas
266 2916 416 2977 aeolesiaa
438 2917 511 2997 Dei,
542 2922 659 2986 tautum
689 2923 723 2976 ut
750 2916 926 2996 mysterium
956 2914 1063 2992 iniqui-

133 3000 203 3061 tatis
233 3018 308 3060 suae
339 3007 482 3080 operetur
509 3000 589 3061 iiiios
617 2999 669 3059 ilie
697 2997 875 3081 perditionis
905 3003 936 3058 et
967 2998 1061 3058 homo

134 3084 265 3164 pensati.

389 3210 572 3272 Decimus
601 3210 811 3290 septimus:

201 3334 349 3394 Thesauri
372 3333 536 3409 ecelesias,
565 3331 645 3393 unde
668 3352 748 3413 papo
776 3331 828 3393 dat
848 3331 1064 3414 indulgentius,
1110 3388 1116 3394 .

197 3437 268 3477 non·
282 3424 354 3479 sunt
376 3418 480 3477 merita
504 3415 614 3481 Christi
637 3423 668 3476 st
689 3415 882 3479 Senatorum.
1136 3428 1137 3431 ’

219 3534 308 3595 Hono
329 3534 459 3614 probavi
482 3535 543 3611 sio,
565 3534 637 3612 qnia
659 3533 767 3593 merita
788 3533 900 3595 christi
923 3541 994 3594 sunt
1015 3553 1063 3594 res

132 3621 241 3692 vivae,
275 3616 449 3699 spirituales
477 3623 507 3677 et
529 3631 653 3694 saeros,
688 3634 769 3696 quaa
802 3617 968 3678 {usoflsant
1000 3635 1063 3681 eor.

193 3783 224 3850 ⁸)
246 3781 380 3837 A⁰i011¹1¹¹
399 3784 426 3845 ὁ.
464 3780 512 3852 ⁸⁸)
532 3781 560 3839 2.
579 3781 676 3837 Thess.
694 3781 721 3841 2.
836 3794 849 3817 ι·
