2392 4170
133 248 197 318 124
408 253 565 325 Appellatio
583 253 617 310 D.
634 253 714 311 llsrt
733 255 846 310 Luthari

137 408 287 471 ccclesiae
309 409 470 487 sententia,
493 410 628 471 omnium
655 409 815 472 doctarum
838 426 998 473 consensu
1019 407 1064 471 ln·

136 491 313 574 dulgentiae
340 493 401 554 sint
431 492 505 554 nihil
533 494 589 554 uisi
618 495 813 556 remissiones
844 492 1063 556 satisfactionis

134 577 362 658 poenitentialis
386 597 405 638 a
426 596 482 638 suo
504 576 605 639 iudica
625 578 804 658 impositae,
827 582 860 639 ut
880 583 928 639 est
955 577 1063 639 clarus

135 665 238 723 textus
251 681 277 724 c.
301 660 391 737 Quod
414 666 526 724 autem.
556 660 729 723 satisfactio
752 667 854 723 autern
877 660 1062 742 poenitenti·

135 743 193 806 alis
213 744 252 806 ab
275 744 487 805 ecclesiastico
519 744 620 806 iudice
647 746 791 825 imposita
818 743 899 806 aliud
932 764 996 807 uon
1027 743 1064 805 sit

135 847 227 908 quam
242 846 337 909 opera
358 829 471 907 ieiunii,
487 829 643 905 orationis,
656 827 884 910 eleemosymas
899 833 958 893 etc.
981 827 1063 889 ideo-

136 930 195 991 que
219 910 358 973 clavibus
382 912 534 973 ecclesiae
555 913 666 972 remitti
689 933 750 975 nou
772 913 879 992 possit,
903 910 987 991 quod
1009 911 1062 973 eia-

98 1027 100 1031 ·
135 995 205 1057 dem
229 1015 289 1057 non
313 995 403 1057 fuerit
424 996 610 1076 impositum.
633 995 708 1076 Item
731 995 813 1074 quod
827 1001 1006 1057 certumest
1022 1013 1061 1057 ex

136 1080 331 1140 distinctione
354 1080 510 1159 trigesima
532 1079 638 1158 quinta
658 1078 692 1141 G.
715 1078 832 1158 Qualis,
856 1078 982 1158 quodin
995 1098 1061 1160 pur

134 1163 255 1244 gatoric
278 1182 339 1223 non
362 1163 461 1223 solum
485 1181 602 1243 poena,
633 1163 687 1223 sed
711 1163 803 1224 etiam
827 1162 919 1244 culpa
939 1162 1061 1225 remitti-

135 1254 193 1323 tur,
216 1247 338 1326 culpam
360 1253 462 1307 autem
485 1245 617 1306 ecclesia
630 1247 784 1309 remittere
806 1265 867 1308 nou
891 1250 1007 1331 potest,
1025 1245 1061 1306 ri·

134 1335 186 1391 cut
209 1349 267 1391 nec
288 1330 416 1411 gratiam
440 1325 589 1394 conferre.
624 1329 692 1390 latis
716 1328 930 1391 autoritatibus
959 1329 1061 1409 nixus,

135 1431 204 1474 cum
228 1413 403 1494 disputandi
427 1431 512 1483 mora
539 1412 663 1473 fuissem
687 1413 852 1474 reluctatus
880 1412 1010 1494 impuris
1031 1418 1061 1475 et

132 1497 254 1558 insulsis
276 1497 397 1558 illorum
421 1495 625 1576 dogmatibus,
649 1503 818 1576 coeperunt
837 1496 881 1557 illi
905 1495 983 1558 lucri
1002 1501 1061 1558 stu·

133 1579 184 1641 dio
206 1580 339 1641 furentes
372 1581 502 1661 primum
524 1579 653 1660 publicis
668 1579 941 1642 declamationibus
957 1578 1061 1660 adpo·

133 1662 238 1744 pulum
262 1662 419 1725 declarare
442 1682 491 1725 ma
513 1663 698 1724 haereticum
709 1664 880 1725 temeritate
901 1662 1060 1744 impuden-

133 1746 269 1825 tissima,
291 1746 403 1808 deinde
415 1746 497 1827 apud
511 1747 735 1807 sanctissimum
754 1746 910 1808 domiuum
922 1753 1059 1809 nostrum

133 1829 268 1891 Leonam
293 1829 445 1891 decimum
468 1849 524 1910 per
540 1830 693 1909 quendam
707 1830 862 1891 domiuum
877 1830 1008 1892 Marium
1022 1828 1060 1891 da

131 1913 264 1975 Perusiis
294 1920 523 1994 procuratorem
554 1913 690 1974 fiscalem
720 1933 880 1990 accusare,
914 1919 1059 1994 nuquam

132 1996 252 2059 haeresi
274 2002 461 2078 suspectum.
490 1997 530 2056 Et
551 2015 606 2077 per
621 1996 750 2057 eundem
765 1996 922 2058 dominum
936 1997 1059 2059 tendam

132 2079 332 2160 impetrantes
355 2079 603 2140 commissionem
628 2078 741 2140 citandi
766 2082 835 2162 mei,
857 2081 887 2141 in
910 2098 1059 2160 personas

132 2164 447 2224 reverentissimorum
472 2162 664 2226 dominorum
689 2170 719 2223 et
741 2171 859 2243 patrum
878 2163 1059 2245 Hieronymi

133 2245 172 2307 de
194 2244 349 2325 Geuutiis',
372 2246 519 2326 Episcopi
528 2245 691 2324 Asculani,
721 2265 882 2307 causarum
906 2247 1055 2309 Gamerae

133 2328 295 2400 auditoris,
319 2336 350 2390 et
372 2329 508 2390 Silvestri
530 2330 673 2390 Prieratis
695 2330 801 2410 palatii
823 2331 985 2411 magistri,
1004 2349 1059 2411 par

112 2411 258 2473 eosdem
284 2432 332 2473 ma
354 2413 440 2473 citari
468 2419 651 2473 curaverunt
679 2412 717 2474 ad
742 2413 863 2490 urbem,
887 2413 926 2474 ad
955 2432 1057 2494 perso

133 2494 243 2556 naliter
264 2495 514 2576 comparendum.
544 2496 683 2575 Cumque
708 2515 767 2578 ego
785 2515 848 2558 uec
864 2496 1058 2559 Wittembsr·

133 2597 192 2659 gae
214 2586 295 2639 tutus
318 2578 357 2640 ab
380 2579 497 2640 insidiis
521 2586 637 2640 tantum
659 2580 716 2639 iter
734 2579 882 2662 perficere
903 2599 967 2640 non
990 2598 1057 2662 pas·

132 2679 196 2722 sem
227 2682 285 2724 nec
306 2663 425 2724 Romae
447 2668 512 2724 tuto
535 2664 718 2742 consistere,
741 2672 772 2724 et
796 2663 1003 2744 pauperculus
1029 2669 1059 2725 et

132 2744 290 2807 imbecillis
315 2765 461 2826 corpore,
484 2745 595 2806 deinde
616 2746 733 2807 iudices
755 2746 882 2826 praefati
895 2745 971 2808 mibi
984 2745 1055 2809 mul·

7 2866 10 2871 ·
132 2828 170 2889 tis
192 2830 308 2891 caussis
330 2829 458 2890 fuissent
479 2831 629 2909 suspecti,
656 2831 833 2909 praesertim
857 2829 941 2910 quod
963 2830 1057 2893 Reae

131 2910 243 2973 raudus
266 2919 353 2993 pater
367 2911 717 2974 Silvesteradversarius
735 2913 807 2974 mihi
826 2914 925 2994 fuerit,
948 2914 1057 2976 atDia·

131 2993 236 3074 logum
261 3002 368 3057 contra
390 3014 439 3057 ma
460 2997 521 3057 iam
544 2994 694 3074 ediderat,
718 3004 749 3057 et
770 2998 864 3057 sacris
887 2997 983 3058 literis
1007 2997 1057 3059 mi·

133 3097 189 3155 nus
212 3079 359 3158 eruditus,
381 3097 472 3159 quam
495 3080 554 3140 ista
576 3098 671 3140 causa
689 3078 767 3141 ferre
781 3080 889 3161 possit,
915 3079 1057 3142 domiuus

132 3168 234 3223 autam
264 3162 472 3243 Hieronymus
499 3163 530 3222 in
559 3161 672 3223 iuribus
703 3181 826 3243 quoque
852 3162 937 3243 plus,
966 3182 1056 3245 quam

132 3242 291 3326 theologia
314 3244 432 3323 doctus,
456 3246 563 3306 marito
579 3245 741 3307 timebatur
754 3245 954 3309 silvestriuae
974 3247 1057 3311 thaa-

132 3325 235 3407 logias
255 3346 469 3404 concessurus,
493 3336 523 3388 et
544 3336 632 3389 extra
654 3328 779 3390 modum
801 3348 877 3390 suaa
893 3329 1056 3411 professio

132 3409 179 3469 nis
202 3411 282 3472 banc
303 3431 368 3473 rem
405 3411 534 3491 habere,
570 3412 797 3493 sollicitaviper
813 3411 1055 3476 Illustrissimum

132 3492 318 3575 principem,
348 3495 504 3556 dominum
536 3494 730 3575 fridericum,
753 3495 861 3557 ducem
890 3494 1057 3576 Saxoniae,

133 3578 212 3639 sacri
235 3578 367 3640 Romani
394 3577 517 3659 Imperii
540 3578 874 3655 Archimarscbalcum,
903 3579 1057 3662 Landgra-

132 3659 214 3722 vium
235 3661 431 3742 Thuringiae,
452 3660 661 3723 Marcbionem
683 3663 822 3744 Mysuaa,
844 3668 878 3723 ut
899 3681 996 3725 causa
1016 3662 1056 3725 ad

132 3749 236 3826 partes
256 3746 499 3808 committeretur
518 3764 582 3808 nou
604 3746 766 3830 suspectis,
789 3744 844 3808 sad
858 3745 1058 3812 honestis-at
