2392 4170
450 233 529 292 Doct
548 231 728 311 llartLuth.
992 232 1055 302 403
1116 190 1119 194 Δ

137 402 282 485 spondet:
317 401 449 484 Oportet
477 405 522 465 sic
555 425 623 466 esse
636 453 645 486 ,
675 404 749 469 Mihi
771 407 816 467 sic
836 407 981 486 videtur,
1004 407 1055 471 Sic

134 488 236 563 cred0,
258 486 412 567 Numquid
436 495 466 549 tn
491 488 665 549 doctiores
688 509 765 548 unus
788 490 952 552 omnibus?
1034 485 1038 491 ’

215 569 365 650 Intelligis
385 590 470 653 ergo,
492 571 599 651 lector,
623 573 741 651 stipites
754 574 828 635 istos
846 573 1054 635 intractabiles

133 654 194 715 hoc
216 660 332 714 tantum
355 673 522 734 quaerere,
552 662 585 713 nt
606 653 663 714 sibi
696 655 769 715 solis
793 657 942 720 credatur.
985 656 1054 737 Ego

133 737 257 817 postulo
282 756 342 798 non
368 737 455 816 mihi,
483 737 536 797 sed
559 739 672 817 apertis
698 738 753 797 Dei
777 739 875 800 verbis
896 740 993 818 credi,
1013 739 1055 799 illi

136 820 293 901 postulant
315 819 523 900 praerancidis
551 832 582 880 et
606 821 775 880 veternosis
807 824 852 882 sui
875 822 991 882 cerebri
1014 807 1149 895 ri·,-v-'··“·‘'''

134 901 271 964 sionibus
295 903 387 978 credi,
410 905 594 982 contemptis
618 903 718 964 verbis
742 904 807 967 Dei,
843 904 951 985 Neque
974 907 1053 965 enim

134 1005 192 1066 ego
223 985 272 1048 vel
301 1005 388 1047 usum
423 985 470 1046 vel
499 986 693 1047 autoritatem
724 987 880 1048 hominum
904 990 933 1048 in
956 994 1053 1049 toturn

134 1072 254 1149 negavi,
277 1069 331 1130 sed
355 1068 450 1130 libera
472 1088 542 1130 esse
562 1069 636 1130 volo
659 1075 690 1130 et
711 1069 932 1152 indifferentia,
964 1090 1055 1151 quae·

133 1172 253 1232 cunque
275 1161 363 1219 extra
377 1152 548 1232 Scripturas
567 1159 691 1213 sanctas
708 1154 822 1233 scripta
834 1161 913 1234 sunt,
937 1159 1054 1214 tantum

133 1236 279 1296 articulos
300 1234 371 1297 lidei
394 1237 585 1296 necessarios
614 1234 678 1295 fieri
703 1254 812 1296 recuso
835 1256 875 1296 ex
897 1237 1053 1298 hominum

133 1319 243 1395 verbis,
265 1318 388 1378 tolerari
411 1319 493 1395 volo,
516 1336 595 1397 quae
616 1318 696 1378 bene
725 1319 865 1379 dicuntur
892 1327 923 1380 et
944 1340 1053 1400 gerun-

133 1411 179 1462 tur
220 1404 296 1462 citra
332 1400 491 1483 Scipturae
527 1402 756 1482 testimonium,
794 1402 917 1464 tolerari
952 1410 1053 1464 autem

133 1484 237 1549 libere.

215 1586 258 1645 At
278 1585 375 1645 trunci
399 1585 447 1645 isti
477 1583 565 1645 nobis
588 1584 734 1646 articulos
762 1583 834 1645 fidei
865 1584 980 1645 faciunt
1014 1605 1054 1645 ex

133 1669 217 1727 omni
241 1667 334 1728 verbo
358 1668 497 1745 Petrum,
521 1666 601 1746 quod
630 1674 747 1727 tantum
770 1667 873 1748 abest,
896 1678 929 1729 ut
951 1667 1053 1728 Sancti

134 1751 286 1812 voluerint
308 1752 369 1810 suis
399 1752 520 1831 scriptis
541 1748 649 1827 tribui,
679 1750 816 1811 utnulla
839 1753 954 1812 rrtaiorc
976 1751 1053 1810 blas-

133 1834 257 1913 phemia
280 1833 395 1896 offendi
417 1834 553 1915 possint,
576 1851 667 1912 quam
699 1833 769 1893 dum
791 1853 846 1913 per
868 1833 1053 1914 lethargicos

132 1916 306 1978 'l'ltcmistas
329 1937 434 1980 eorum
466 1917 562 1978 libera
584 1915 677 1977 verba
699 1924 730 1976 et
758 1916 840 1978 lacta
860 1919 890 1978 in
914 1935 1053 1979 necessa·

132 2003 195 2062 rios
218 2001 385 2080 articulos,
406 2001 468 2061 hoc
489 2005 551 2078 cst,
573 1999 702 2082 laqueos
722 1999 908 2079 mendaces,
936 2002 965 2061 in
988 2019 1054 2081 per·

133 2086 241 2145 niciem
265 2086 434 2146 animarum
456 2090 622 2146 vertuntur.

216 2200 263 2262 Sit
285 2221 359 2280 ergo
384 2222 449 2264 mea
473 2202 551 2265 haec
573 2201 725 2282 generalis
748 2202 910 2282 responsio
933 2200 971 2261 ad
990 2219 1053 2262 om·

134 2302 187 2343 nes
210 2284 346 2343 sentinas
359 2286 581 2346 insulsissimae
595 2285 683 2345 huius
701 2284 806 2346 larvae
816 2284 1053 2363 Thomistarum,

132 2385 208 2446 quas
230 2366 259 2425 in
280 2366 384 2427 libello
407 2385 463 2427 suo
486 2369 627 2427 corrivat.
666 2367 705 2426 tu
726 2371 842 2448 partior
863 2388 916 2428 eas
937 2370 967 2428 in
990 2367 1052 2428 duo

93 2496 96 2501 >
131 2469 255 2530 genera,
278 2450 338 2511 hoc
361 2448 475 2512 modo:
504 2448 536 2510 Si
557 2469 645 2509 usum
668 2448 715 2508 rel
739 2453 932 2512 autoritatem
956 2451 1053 2512 homi·

132 2554 202 2593 nuru
227 2533 318 2594 talem
333 2532 457 2613 allegat,
479 2549 558 2610 quac
581 2532 742 2592 manifeste
760 2541 868 2593 contra
881 2533 1053 2613 Scripturas

132 2625 258 2698 pugnat,
282 2616 446 2677 anathema
458 2616 496 2674 sit
509 2633 591 2694 usus,
614 2616 779 2690 autoritas,
796 2635 860 2695 rex,
883 2616 1052 2694 Themista,

132 2701 286 2781 Sophiste,
308 2699 413 2778 Satan,
435 2700 497 2759 imo
520 2706 551 2759 et
573 2696 701 2778 angelus
723 2696 762 2757 de
785 2699 884 2761 coelo.
920 2698 1054 2758 Namni·

132 2783 171 2842 hil
195 2793 311 2864 contra,
334 2781 388 2844 sed
411 2782 515 2843 omnia
536 2800 593 2862 pro
616 2779 780 2861 Scripturis
803 2781 906 2856 valera
929 2779 1054 2844 debent.

210 2901 285 2963 Tale
320 2908 387 2978 est,
421 2896 504 2980 quod
542 2897 579 2961 de
614 2897 711 2960 altera
746 2908 832 2980 parte
862 2897 1054 2960 Sacramenti

130 2983 198 3044 Rex
219 2984 349 3046 stolidus
370 2983 528 3066 producit,
555 2981 606 3043 ubi
627 3000 703 3063 prae
725 2982 913 3043 Themistica
934 2982 1053 3043 insania

130 3069 228 3127 etiam·
245 3067 411 3149 contendit,
434 3086 523 3127 usum
546 3065 651 3126 valere
673 3067 704 3126 in
726 3066 889 3127 articulum
903 3063 973 3127 fidei
996 3062 1052 3127 ad-

131 3170 236 3211 versus
259 3152 484 3232 apertissimum
509 3157 625 3210 textum
644 3148 805 3233 Evangelii
826 3149 914 3210 sicuti
937 3146 1054 3209 videbi·

131 3253 206 3295 mus.
251 3234 319 3309 Qua
339 3235 473 3296 amentia
501 3232 576 3293 nulli
607 3250 740 3312 unquam
764 3232 911 3293 haeretici
933 3231 1051 3293 labora·

130 3325 264 3391 verunt,
295 3317 442 3379 hactenus
471 3317 553 3376 enim
585 3315 731 3376 haeretici
754 3315 918 3395 Scripturis
942 3315 1052 3376 saltem

130 3401 159 3460 in
183 3401 318 3479 speciem
342 3402 387 3460 usi
411 3410 497 3477 sunt,
520 3397 593 3458 nulli
616 3406 798 3479 casaperta
821 3397 1053 3460 damnaverunt.

130 3482 194 3544 Soli
217 3483 361 3562 Papistae
377 3490 407 3544 et
427 3481 616 3557 Themistac,
640 3481 710 3542 laex
727 3483 963 3543 novissimarum
980 3480 1052 3542 abnss

128 3567 415 3642 minationum,eam
431 3565 598 3627 meretricis
608 3564 741 3626 frontem
754 3572 959 3646 sumpserunt,
973 3571 1006 3624 ut
1023 3571 1053 3624 et

131 3649 303 3732 Scripturas
325 3656 446 3711 sanctas
464 3649 509 3709 sic
529 3647 644 3710 hahere
658 3648 877 3730 confiteantur,
899 3654 930 3710 et
952 3654 1054 3708 tamen

129 3733 176 3795 sic
198 3735 303 3798 sentiri
324 3752 385 3796 non
410 3733 503 3797 licere
526 3731 629 3798 velint.
664 3731 860 3882 Nequs2ipps
875 3731 974 3821 Satan
991 3736 1053 3791 tarn
