2392 4170
137 220 200 301 {50
354 284 360 297 ,
485 232 529 287 De
549 227 715 302 abroganda

136 405 220 486 plum
243 401 356 464 Christi
376 410 408 462 ei
438 401 673 482 aposlelomm,
695 398 945 481 quandoquidem
967 397 1064 461 credi·

137 507 215 566 uns,
232 505 356 548 omnem
380 485 491 548 Christi
514 486 667 546 actionem
682 492 819 544 uestram
841 503 913 544 esse
933 484 1062 544 instruie-

136 573 264 647 lienem,
284 589 340 631 sen
362 576 396 631 nt
406 571 538 650 ipsemet
560 569 649 633 dixit:
675 567 858 648 Exemplum
877 566 947 628 dedi
962 567 1062 641 vehis,

136 662 180 731 ul,
201 651 460 735 quemadmodum
484 672 543 734 ego
558 652 616 713 ieci
628 651 729 729 vehis,
749 653 793 712 ita
810 662 842 712 es
863 650 1063 731 resiacialis.

137 736 219 815 Quin
242 737 303 800 hec
323 738 392 819 ipse
414 736 485 798 lece
519 736 605 797 velut
635 734 818 816 praevidens
847 735 964 796 iuturus
985 735 1063 794 isias

138 821 225 902 lupas
246 829 278 882 et
298 821 388 980 lupos
411 820 545 881 Arabiae
565 819 653 880 dicit:
676 819 847 880 liecfacile
869 820 900 879 in
918 818 978 878 mei
1001 837 1064 879 me

137 905 276 968 moriam.
349 904 400 964 uid
422 909 479 985 est,
501 903 570 964 llec
589 902 703 964 iscire?
745 901 856 963 Nonne
878 901 954 978 hee,
977 901 1062 980 qued

136 1006 196 1068 ege
237 986 331 1050 mede
366 987 447 1048 lucie
474 985 660 1048 vobiscum?
703 984 785 1061 Quid
826 992 929 1048 aulem
963 984 1064 1045 iacit?

136 1070 281 1151 Nunquid
302 1090 396 1132 nureo
418 1070 514 1131 colice
526 1120 535 1151 ,
564 1069 653 1150 pallis
675 1077 707 1129 et
727 1068 853 1130 infinitis
883 1069 928 1129 his
961 1087 1061 1129 rerum

137 1153 335 1216 sensatione
376 1160 504 1216 ornatus
534 1152 705 1214 sacrificat?
758 1153 975 1233 Nequaquam,
1007 1151 1063 1213 scd

137 1256 250 1318 panem
272 1238 395 1321 aecipil,
417 1245 448 1298 et
470 1237 587 1316 verbe,
610 1255 671 1315 que
705 1237 802 1298 dicit:
828 1237 897 1298 llec
927 1240 975 1297 esl
995 1254 1063 1297 cer-

136 1339 193 1402 pus
216 1339 328 1397 meum,
349 1327 449 1383 molal
471 1323 502 1382 in
525 1339 637 1400 eorpus
666 1339 772 1400 suum,
808 1328 839 1381 et
862 1319 915 1382 dat
935 1316 1062 1380 maude-

136 1403 267 1467 csudum
296 1404 463 1485 discipulis.
506 1404 539 1466 si
567 1404 660 1484 igitur
688 1404 827 1465 invenias
851 1403 959 1464 fideles
967 1450 983 1483 ‚.
1010 1403 1062 1482 qui

135 1488 397 1571 simplicissimum
421 1487 503 1549 hunc
524 1489 613 1547 ritum
626 1487 783 1549 imitantur
806 1496 858 1547 aut
879 1487 992 1548 imilari
1011 1503 1063 1548 ro·

136 1571 217 1650 luni,
241 1572 364 1633 emissis
394 1571 558 1647 omuibus,
581 1589 660 1651 qnae
692 1591 748 1652 per
774 1571 915 1632 hemines
941 1569 1063 1631 odiecla

134 1662 216 1737 sunl,
239 1673 316 1717 cere
337 1661 370 1715 tu
391 1654 566 1717 haereticos
588 1654 712 1730 dixeris,
735 1655 792 1715 nisi
813 1653 965 1716 Christum
987 1672 1061 1733 que-

135 1756 195 1817 que
207 1738 393 1799 haereticum
407 1737 498 1799 simul
521 1737 673 1798 criminari
689 1738 775 1819 velis,
798 1745 958 1818 epponenl
980 1737 1060 1797 enim

135 1820 189 1881 libi
211 1820 348 1897 verbum,
370 1840 433 1881 nen
455 1821 569 1901 Papae,
593 1839 654 1882 oen
677 1821 826 1903 luparum,
849 1841 911 1882 nen
928 1820 1060 1899 Patrem,

135 1903 191 1965 sed
214 1905 311 1985 ipsius
333 1903 465 1966 Christi:
487 1904 555 1965 Hoc
577 1904 677 1969 facite.
712 1906 751 1966 Et
773 1912 804 1965 lu
827 1924 895 1965 cum
917 1904 1060 1983 audieris,

137 1986 207 2050 Hoc
227 1986 330 2068 facite,
352 1985 434 2048 aliud
455 1989 487 2048 in
509 1987 570 2051 illis
592 1995 623 2047 et
644 1986 807 2064 Chrisioll
837 1989 949 2049 iactum
982 2006 1061 2058 esse,

136 2069 250 2132 desere
271 2089 334 2133 non
357 2077 480 2150 peleus,
501 2071 665 2131 invenieris
688 2091 757 2133 cum
772 2071 993 2133 Parisiensibus
1012 2070 1060 2129 vel

136 2153 316 2215 rudissimus
338 2155 442 2214 asinus
473 2153 521 2214 vel
543 2155 671 2234 insignis
698 2155 927 2236 blasphemator
939 2154 1060 2216 Christi.

220 2237 315 2319 Finge
338 2256 412 2316 erge
427 2236 476 2297 vel
500 2236 637 2298 Graecos
660 2238 709 2299 vel
735 2238 889 2300 Behemes
911 2237 973 2298 hec
990 2238 1060 2298 sim·

158 2319 207 2380 lici
231 2327 262 2381 el
283 2318 544 2381 christianissimo
566 2321 625 2380 ritu
641 2322 798 2399 iacientes,
821 2321 903 2402 qued
921 2322 1060 2382 Christus

135 2340 186 2463 hic
208 2402 294 2463 dicii:
318 2402 387 2465 Hoc
407 2404 509 2478 facite,
532 2411 563 2463 et
585 2405 707 2465 exalia
736 2413 822 2485 purte
852 2404 960 2464 sedere
996 2404 1060 2464 alte

137 2485 217 2547 solio
242 2485 354 2546 buccas
377 2486 444 2547 illas
458 2486 687 2547 indoctissimus
710 2495 741 2547 et
761 2488 981 2567 impiissimas,
1005 2487 1060 2547 Pa·

135 2588 217 2650 pam,
241 2568 432 2647 cardinales,
453 2571 638 2650 episcopos,
660 2570 850 2650 sacerdotes,
879 2570 1060 2645 monaches,

135 2671 204 2713 cum
228 2652 426 2734 lupanaribus
454 2652 676 2715 Parisiensihus
711 2662 743 2715 et
763 2654 1007 2714 lovaniensibus
1031 2660 1061 2713 et

134 2735 291 2798 sororibus
313 2736 376 2796 suis
399 2733 537 2798 Sodoma
563 2743 594 2795 et
616 2734 777 2798 Gomorra.
822 2738 908 2814 Quae
944 2737 994 2796 ubi
1020 2737 1059 2796 ri·

134 2817 232 2879 derint
253 2819 413 2900 parvulum
430 2826 460 2879 ct
482 2824 690 2900 contemptum
712 2821 794 2881 hunc
809 2841 932 2900 erogem
948 2819 1059 2880 Christi

133 2902 179 2962 sic
199 2902 311 2981 lacere,
333 2902 479 2982 incipiant
502 2902 698 2982 supercilium
728 2904 848 2981 tollere,
870 2923 978 2962 nasum
1003 2904 1059 2962 cri-

133 3003 234 3065 spare,
257 2991 288 3045 et
304 2986 436 3064 turgenti
459 2993 581 3064 gulture
604 3004 697 3047 voces
719 2995 821 3048 rotare
844 2989 872 3046 in
886 2987 970 3047 hunc
993 3005 1059 3046 me·

133 3066 220 3128 dum:
242 3067 325 3130 Ecce
344 3068 394 3128 isli
411 3068 557 3128 haeretici
587 3075 618 3129 et
640 3069 825 3131 schismatici
848 3089 909 3130 nen
934 3079 1059 3129 servant

133 3151 222 3211 ritum
235 3150 395 3213 Romanae
418 3151 579 3220 eeclesiae,
603 3154 821 3234 necprincipia
842 3153 913 3213 lidei
940 3159 970 3212 et
994 3154 1061 3230 epi·

133 3234 241 3293 nienes
256 3233 437 3296 Parisicnsis
459 3235 559 3295 almae
574 3234 749 3316 Facultelis,
771 3237 977 3316 plucecnlque
999 3235 1056 3296 sibi

133 3316 225 3377 solita
246 3315 394 3396 philautia
426 3315 552 3378 desole
576 3317 769 3381 multitudine
806 3319 993 3380 latratorum
1027 3326 1057 3378 el

131 3397 342 3479 indoctorum,
382 3402 459 3461 eitra
491 3419 583 3461 omne
617 3403 825 3462 testimonium
869 3403 1057 3481 Scripturae,

132 3482 219 3562 quasi
241 3501 342 3544 errare
363 3483 422 3563 ipsi
444 3503 506 3544 nen
530 3484 659 3565 possint.

127 3611 131 3618 .
216 3563 295 3642 Quid
317 3565 366 3627 hic
388 3564 483 3627 iacies
506 3573 558 3627 aul
578 3566 750 3628 iudicabis?
791 3568 976 3648 Sequerisue
999 3575 1056 3626 lur-

206 3745 238 3821 1)
257 3745 290 3803 In
307 3744 351 3805 ed.
373 3746 442 3804 len:
462 3745 491 3804 in
509 3746 628 3807 chrisio.
