2392 4170
132 212 176 277 34
391 211 433 267 De
453 211 530 283 Oapt.
550 214 647 284 Babyl.
666 215 806 270 Ecclesiae

215 365 275 429 Sed
297 386 337 427 ue
359 368 485 427 nimium
505 369 772 450 philosophemur,
796 389 899 431 noune
918 369 1057 431 Christus

133 451 252 511 videtur
272 450 342 511 huic
365 452 531 512 curiositati
555 454 679 533 pulchre
703 456 882 532 occurrisse,
905 472 972 513 cum
992 471 1056 514 uon

134 534 265 594 devino
288 534 408 611 dixerit,
430 534 499 594 Hoc
521 543 566 594 est
589 539 714 616 sanguis
737 556 838 615 meus,
862 536 915 596 sed
939 537 989 595 hic
1010 543 1057 596 est

67 633 74 647 ‘
132 618 259 697 sanguis
280 636 376 678 meus.
418 617 458 677 Et
480 619 573 679 multo
597 620 717 688 clarius,
741 639 809 680 cum
824 621 927 680 calicis
950 621 1058 679 miscet

133 719 257 776 nomen,
280 700 400 761 dicens:
431 700 488 760 Hic
510 702 592 762 calix
614 704 686 763 novi
707 703 912 782 Testamenti,
933 705 963 762 in
987 721 1056 762 meo

133 784 290 863 sanguiue.
304 781 338 860 ²⁸)
373 783 484 844 Nonne
498 785 617 845 videtur
638 805 695 846 nos
719 787 852 847 voluisse
873 788 903 845 in
927 786 1070 866 simplici.

131 867 192 927 fida
222 868 394 946 continere,
437 875 554 927 tautum
589 876 623 929 ut
650 870 843 929 crederemus
875 870 1055 948 sanguinem
1091 912 1093 916 -

132 970 220 1013 suum
243 969 311 1010 esse
332 951 364 1010 in
386 949 503 1011 calice?
526 951 595 1031 Ego
611 971 685 1012 sane
708 955 732 1012 si
755 971 816 1013 non
835 971 960 1032 possum
985 970 1056 1013 con·

132 1034 229 1113 sequi,
252 1032 407 1112 quomodo
430 1035 518 1113 panis
540 1037 578 1093 sit
601 1054 711 1115 corpus
735 1036 862 1111 Christi,
892 1034 1056 1114 captivabo

133 1125 235 1176 tamen
263 1117 450 1176 intellectum
480 1138 580 1177 meum
609 1120 639 1177 in
668 1119 847 1197 obsequium
871 1118 999 1195 Christi,
1027 1125 1058 1178 et

133 1200 232 1261 verbis
277 1201 342 1260 eius
375 1199 550 1280 simpliciter
590 1202 752 1263 inhaerens
793 1201 886 1262 credo
921 1200 1056 1276 firmiter,

132 1302 195 1343 nou
217 1283 310 1345 modo
334 1301 445 1363 corpus
469 1283 578 1344 Christi
601 1287 720 1344 esseio
745 1305 841 1364 pane,
869 1284 922 1344 scd
945 1303 1056 1364 panem

133 1386 201 1426 esse
223 1385 335 1446 corpus
357 1365 477 1430 Christi.
520 1366 571 1427 Sic
592 1369 670 1426 enim
695 1388 743 1427 me
765 1367 930 1428 servabunt
952 1367 1056 1438 verba,
1085 1374 1088 1382 '

134 1449 184 1510 ubi
208 1449 295 1509 dicit:
331 1449 461 1530 Accepit
483 1469 612 1528 panem,
641 1440 754 1531 gratias
774 1470 886 1531 agens,
915 1451 1004 1530 fregit
1027 1458 1058 1510 et

132 1532 222 1592 dixit:
252 1532 403 1614 Accipite,
427 1532 624 1613 manducate,
646 1535 706 1594 hcc
730 1533 778 1610 (id
802 1542 863 1611 est,
886 1534 936 1594 hic
956 1534 1056 1613 panis,

132 1635 224 1695 quern
245 1625 407 1696 acceperat
428 1623 458 1674 et
478 1616 627 1696 fregerat)
652 1625 699 1677 est
725 1636 837 1697 corpus
860 1636 971 1676 meum.
1020 1616 1059 1675 Et

132 1698 327 1773 Paulus:**)
345 1699 561 1779 Nonnepenis‚
576 1701 851 1780 quemtrangimus,
863 1701 1056 1779 participatio

132 1784 270 1862 corporis
284 1783 394 1842 Christi
416 1781 481 1842 est?
503 1782 572 1842 Nou
594 1783 675 1859 dicit,
697 1785 727 1843 iu
750 1782 974 1863 paneest,*sed
990 1785 1056 1863 ipse

132 1867 220 1946 panis
234 1872 281 1926 est
291 1867 483 1945 participatio
493 1868 630 1945 corporis
644 1866 763 1930 Christi.
792 1865 872 1942 Quid
886 1867 912 1927 si
925 1865 1058 1944 philoso-

131 1949 204 2030 phie
233 1949 311 2008 haec
339 1968 401 2009 uon
431 1949 534 2028 capit?
577 1950 674 2010 Maior
701 1957 748 2009 est
776 1949 905 2031 Spiritus
933 1956 1058 2009 sauctus

133 2051 225 2112 quam
251 2032 441 2095 Aristoteles.
483 2031 627 2111 Nunquid
643 2035 725 2113 capit
746 2033 1058 2093 transsubstantiatio·

133 2136 202 2176 nem
225 2115 363 2194 illorum,
394 2135 462 2175 cum
486 2123 517 2175 ct
538 2117 595 2195 ipsi
618 2116 784 2194 fateantur,
813 2117 863 2176 hic
884 2116 1056 2176 universam

134 2199 361 2279 philosophiam
383 2197 492 2259 ruere?
515 2197 603 2273 Quod
627 2201 772 2259 autemin
795 2218 908 2279 graeco
922 2208 951 2258 et
964 2198 1059 2258 latino

132 2301 323 2362 pronomen,
345 2282 421 2359 hoc,
443 2281 482 2341 ed
504 2300 615 2362 corpus
638 2284 774 2359 refertur,
797 2283 872 2343 fecit
893 2281 1060 2365 similitudo

133 2366 265 2446 generis,
287 2364 342 2425 sed
364 2367 395 2424 in
417 2363 539 2445 abraso,
562 2366 613 2425 ubi
635 2374 774 2426 neutrum
798 2385 895 2444 genus
918 2383 980 2425 non
1003 2371 1060 2441 est,

133 2448 261 2509 refertur
282 2447 321 2507 ad
343 2467 465 2528 panem,
488 2457 521 2509 ut
542 2450 586 2509 sic
608 2449 698 2509 liceat
720 2449 834 2509 dicere:
859 2449 916 2508 llic
938 2456 1060 2508 estcor·

133 2551 191 2612 pus
213 2550 331 2611 meum,
366 2530 447 2610 quod
483 2539 514 2592 et
542 2534 608 2612 ipse
630 2551 702 2592 usus
724 2532 869 2611 loquendi
899 2540 929 2591 et
951 2549 1059 2590 sensus

135 2616 306 2674 communis
336 2615 447 2694 probat
474 2615 641 2675 subiectum
665 2615 792 2697 scilicet,
821 2635 889 2675 esse
913 2622 1060 2675 monstra-

134 2699 228 2758 tivum
255 2698 360 2778 pnnis,
392 2706 423 2758 et
442 2717 504 2758 non
528 2699 682 2779 corporis,
705 2698 776 2758 dum
799 2698 885 2760 dicit:
924 2698 992 2758 Hoc
1015 2703 1061 2756 est

134 2800 245 2862 corpus
268 2800 379 2860 mcum,
401 2783 456 2845 bod
481 2779 515 2862 itt
530 2781 615 2846 'mein
637 2779 720 2860 crib,
748 2781 778 2841 id
801 2791 861 2861 est,
891 2782 949 2840 iste
973 2781 1060 2860 panis

134 2871 181 2926 est
202 2883 314 2944 corpus
336 2884 446 2924 meum.

219 2947 304 3008 Sicut
331 2966 405 3029 ergo
432 2949 461 3008 in
485 2946 605 3007 Christo
633 2965 682 3006 res
713 2945 878 3023 sehabet,
912 2946 954 3005 ito
976 2952 1008 3006 et
1030 2947 1059 3005 in

135 3038 340 3110 sacramento,
361 3031 519 3092 nonenim
542 3030 580 3089 cd
595 3030 786 3110 corporalem
805 3029 1058 3090 inhabitationem

136 3115 301 3176 divinitatis
334 3134 462 3175 necesse
502 3123 547 3172 est
581 3113 861 3173 transsubstantiari
894 3113 1060 3172 humanam

134 3209 285 3277 naturam,
307 3205 340 3258 ut
360 3198 502 3258 divinitas
525 3195 581 3255 suh
603 3197 812 3256 accidentibus
835 3197 987 3256 humanae
1008 3213 1060 3254 na·

134 3290 221 3342 turae
253 3289 398 3342 teneatur.
453 3277 513 3339 sed
542 3280 657 3360 integra
689 3288 817 3359 utraque
851 3282 958 3339 natura
991 3297 1062 3338 vere

136 3364 259 3425 dicitur:
293 3364 351 3424 Hic
377 3364 470 3423 horno
500 3371 546 3421 est
567 3362 666 3442 Deus,
700 3364 749 3424 hic
772 3365 854 3424 Deus
883 3370 929 3422 est
958 3362 1063 3420 homo.

136 3447 227 3523 Quod
249 3449 304 3508 etsi
328 3446 524 3528 philosophia
544 3465 605 3506 non
630 3448 721 3526 capit,
745 3446 821 3506 fides
838 3453 941 3506 tamen
968 3445 1060 3524 capit.

136 3531 178 3598 Et,
198 3533 296 3592 maior
315 3537 362 3590 est
383 3529 467 3589 verbi
481 3529 538 3589 Dei
555 3532 712 3607 autoritas,
736 3548 826 3608 quam
839 3529 934 3588 nostri
947 3528 1064 3607 ingenii

138 3637 557 3661 -μ--η-ω--ω-

191 3710 337 3779 *l1Coa
359 3712 400 3766 11.
440 3711 487 3775 ”t
508 3713 529 3764 1.
552 3709 616 3764 Cor.
638 3710 679 3767 lc.
