2392 4170
133 232 197 303 Μ
487 232 530 288 ⁰0
547 229 715 305 *θῦμ’

132 417 168 475 rs
188 404 288 463 nnn.
328 393 375 462 Ut
394 395 467 477 qnid
491 396 573 457 onim
604 415 665 458 nos
690 395 742 457 ille
769 412 828 457 sno
857 400 890 457 st
914 390 1061 474 oxonio

133 488 168 553 nt
188 480 284 545 verbo
306 481 399 543 doost
418 485 453 542 st
472 482 587 561 prosit,
608 480 635 541 si
656 479 729 541 tioet
747 478 833 542 slind
853 483 974 541 tentus
992 478 1063 539 sins

133 565 232 639 sorbo
252 573 284 631 ot
304 564 452 646 exemplo
479 564 573 625 eins?
614 564 676 627 Gur
700 565 785 626 venit
815 566 847 625 in
867 562 952 625 huno
970 581 1062 627 muns

135 649 219 730 duo),
241 652 269 713 si
289 666 353 711 non
375 649 450 710 sutis
471 656 520 709 est
540 668 610 709 eunr
633 649 721 729 sequi
740 649 772 709 in
793 648 847 725 iis,
868 666 949 725 qnso
970 644 1062 707 nobis

135 731 295 797 ostendit?
316 730 409 794 Aliud
430 735 480 795 est
499 752 586 812 ssne,
608 733 692 812 qnod
714 730 899 794 ceremoniis
919 737 951 791 et
970 730 1063 790 vesu·-

133 815 192 889 bns
214 816 331 879 odditis
352 815 442 878 utitor
469 835 553 877 nuno
588 823 751 893 trsotstnr,
772 834 864 896 quom
894 835 914 874 s
934 813 1062 875 ctu-isto

87 964 94 977 ,
134 900 334 965 trutubotnr.
365 898 459 960 iniis
481 900 562 961 enim
579 900 641 963 hoo
662 900 900 961 soinmnoxinm
923 903 956 959 st
976 897 1063 959 dnm·

134 982 273 1055 nondum
306 986 376 1063 ost,
401 984 428 1044 si
449 986 626 1046 necessario
652 983 693 1045 nd
722 1004 788 1044 rem
815 983 968 1063 pertinere
996 1000 1063 1044 oro

135 1067 256 1146 dsntnr,
277 1073 310 1129 st
330 1067 538 1131 oonsoiontiss
560 1075 685 1143 vexent,
705 1087 775 1129 oum
797 1067 860 1129 sint
878 1064 977 1129 libers
996 1083 1061 1127 o»

134 1152 204 1233 nis,
234 1168 316 1231 quse
341 1151 373 1211 in
401 1149 513 1213 Christi
540 1152 734 1213 institutione
768 1170 830 1213 non
853 1150 1061 1224 inveniuntur,

135 1254 217 1316 quse
238 1234 364 1296 libertos
385 1234 474 1311 isoit,
495 1241 530 1295 ut
548 1236 678 1297 innoxio
700 1236 770 1297 sint.
813 1233 855 1295 Ar
874 1232 1062 1295 moritioium

134 1336 176 1381 ox
197 1336 236 1379 eo
258 1318 370 1394 sonere,
390 1318 453 1379 hoo
474 1337 536 1379 non
557 1326 606 1382 est
620 1318 746 1401 aliquod
760 1328 920 1381 externum
933 1315 1065 1463 sonsa

136 1400 192 1465 sod
214 1401 416 1464 snbstsntism
445 1402 545 1482 ipssm
566 1401 759 1465 Ssorsmenti
783 1410 814 1463 ot
835 1408 954 1479 totum,
976 1419 1016 1480 qu

135 1493 183 1547 ost
203 1505 224 1547 s
244 1485 368 1548 Christo
389 1486 577 1565 institutum,
599 1495 728 1549 mutere.
770 1486 840 1547 Hoo
867 1504 929 1545 nou
964 1482 1063 1545 motio

135 1570 203 1631 sino
224 1567 385 1649 exemplo,
407 1567 463 1629 sed
484 1577 515 1629 et
543 1577 652 1632 oontrs
671 1590 736 1631 rem
768 1571 867 1650 ipsum
902 1575 934 1629 st
956 1584 1060 1629 mon·

136 1651 220 1733 ptum
244 1659 301 1714 est
332 1650 402 1716 Neo
421 1651 547 1713 libertos
570 1654 631 1716 hoo
654 1654 768 1715 metum
778 1659 884 1734 potest
899 1651 1064 1715 innoxiu-

41 1798 50 1809 „
134 1734 248 1816 isooro,
270 1733 324 1797 ssd
337 1734 545 1797 damnandnm
568 1735 793 1802 otdotestsbile
814 1742 871 1813 ert,
892 1743 926 1797 nt
939 1754 1064 1797 sunnis

136 1816 282 1881 idolatria
302 1826 336 1881 et
354 1818 556 1900 blasphemio.

507 2005 695 2070 Seoundo.

87 2214 90 2221 .
220 2158 355 2220 Evidsns
384 2162 450 2238 est,
480 2162 574 2223 verbs
602 2161 787 2222 instituentis
816 2160 926 2223 Christi
965 2159 1064 2221 verbs.

135 2242 348 2322 promissionis
369 2263 448 2308 esse.
492 2244 544 2306 Sio
565 2246 646 2305 enim
669 2244 764 2307 dioit:
787 2244 856 2304 Hoo
878 2251 925 2304 est
947 2262 1061 2324 oorpns

135 2344 253 2405 msum,
286 2325 368 2405 quod
391 2347 447 2406 pro
475 2328 562 2389 vobis
584 2327 734 2406 trudetur,
764 2329 815 2388 hio
840 2328 922 2387 ootix
943 2345 1061 2386 novum

135 2413 352 2470 testamentum
381 2417 428 2471 est
461 2412 492 2473 in
520 2431 591 2472 meo
613 2414 782 2491 sanguine,
811 2412 862 2490 qui
892 2429 950 2489 pro
972 2409 1062 2471 vobis

134 2490 314 2555 effundetur.
355 2490 467 2574 Neque
488 2496 580 2555 etism
600 2496 742 2576 Lupsnsr
761 2495 861 2574 ipsum
876 2494 1060 2568 Parisienso,

134 2575 271 2637 omnium
292 2577 526 2638 insulsissimum
549 2586 581 2640 et
602 2578 852 2658 stupidissimum,
876 2584 938 2638 tam
961 2577 1059 2657 stupi-

134 2656 205 2721 dum
227 2679 297 2722 osse
317 2666 430 2741 potest,
453 2663 524 2741 quin
547 2668 698 2743 sgnosost
725 2662 804 2723 hseo
837 2680 906 2721 esse
929 2663 1061 2740 promis·

133 2742 230 2804 sionis
250 2743 361 2820 verbs,
382 2744 572 2806 involventis
602 2748 713 2826 pignus
741 2745 878 2805 eiusdem
901 2744 1060 2822 promissi·

133 2826 212 2902 onis,
233 2826 316 2907 quod
339 2833 387 2888 est
408 2846 520 2909 eorpus
543 2836 574 2889 ot
595 2831 721 2909 sanguis
744 2827 855 2890 Christi
878 2829 907 2887 in
932 2846 1015 2906 pune
1032 2833 1062 2887 et

133 2908 218 3005 vino,
238 2910 425 2991 promittitur
446 2912 568 2973 traditio
591 2914 729 2993 eorporis
753 2918 784 2971 ot
806 2911 913 2971 effusio
937 2911 1060 2990 sangui-

132 3011 181 3055 nrs
201 2993 233 3053 in
255 2993 468 3056 remissionem
490 3002 706 3076 poeoniorum,
736 3012 816 3074 quse
844 3002 892 3054 est
914 3013 962 3053 res
985 2994 1060 3053 novi

132 3075 333 3152 Testsmonti,
355 3083 388 3139 ut
409 3077 590 3143 videbimus,
624 3078 672 3140 Ad
694 3078 931 3159 promissionem
955 3085 1058 3137 sutem

132 3158 295 3238 requiritur
314 3159 392 3222 tides
414 3162 630 3241 sooipientinm
652 3163 911 3242 promissionum,
942 3167 974 3219 et
995 3161 1061 3241 pig-

133 3260 191 3303 nus
213 3244 435 3321 promissionis.
470 3245 766 3307 Sineoontroversis
787 3244 868 3304 euim
891 3244 1059 3322 promissio

133 3329 166 3385 ot
197 3322 273 3386 fldos
306 3333 378 3389 sunt
403 3329 607 3408 correlative,
637 3335 684 3405 nt,
718 3328 767 3389 ubi
799 3328 964 3407 promissio
994 3345 1058 3386 nou

131 3408 231 3489 iussit,
253 3407 329 3472 tides
353 3430 505 3474 essenon
529 3414 638 3492 possit,
660 3417 692 3473 et
711 3411 764 3472 ubi
785 3410 860 3474 fides
879 3428 941 3469 non
959 3409 1059 3484 fuerit,

131 3493 296 3572 promissio
328 3493 403 3554 nihil
426 3496 475 3557 sit.
518 3495 621 3575 Atque
656 3501 691 3556 ut
724 3495 889 3572 promissio
922 3494 1060 3571 gratuito

132 3576 216 3637 vonit
236 3575 354 3657 ubsque
370 3577 440 3639 ullis
462 3580 578 3640 nsoritis
599 3598 653 3638 seu
668 3577 815 3659 oporibus
835 3577 960 3655 donstu,
984 3575 1058 3636 stio-

132 3658 269 3739 quinon
292 3660 473 3738 promissio,
495 3662 549 3723 sed
573 3681 690 3722 meroes
723 3665 754 3724 et
773 3660 932 3722 retributio
965 3666 1058 3730 esset,

131 3740 175 3809 its
194 3741 358 3830 snsoipitur
379 3744 448 3809 sols
468 3743 531 3812 tide
552 3746 617 3809 siue
641 3745 803 3832 operibus,
825 3742 940 3826 otioqui
963 3758 1059 3827 opem
