2392 4170
446 257 529 314 Doct
547 256 627 313 liert.
646 254 727 314 Lutlr.
991 252 1054 322 277

130 432 210 513 pleni
228 436 323 510 erant,
347 450 498 491 venenum
512 429 572 490 hoo
586 449 648 490 non
662 432 774 495 nocuit.
820 431 1055 506 Adbuctamen‚

131 514 255 595 quando
279 518 444 574 autoritate
468 514 571 574 divina
586 518 716 592 constat,
740 514 894 575 doctrinas
916 533 984 575 esse
998 513 1054 575 has

130 600 375 673 daemoniorum,
399 597 574 675 mendaces,
598 607 794 677 quaenatura
817 619 872 659 sun
894 598 1005 659 fallunt
1026 604 1056 657 et

130 683 291 762 seducunt,
316 700 384 741 cum
408 701 469 741 non
486 682 606 761 possint
618 680 698 740 alind
715 700 805 760 qnam
819 701 913 763 opera
933 682 1055 758 docete,

130 777 220 848 potes
243 775 273 827 et
296 764 388 825 debes
408 775 515 824 votum
543 765 573 823 in
603 783 656 824 eas
679 765 846 825 servandas
869 767 981 825 lactum
1004 764 1055 826 ab·

132 870 281 930 rumpere.
324 848 444 909 Nullius
481 845 560 907 enlm
585 847 691 907 Sancti
722 850 866 928 exemplo
890 847 964 909 llent
986 848 1056 908 dirc-

132 935 229 994 trlnae
253 933 308 992 Dei
341 951 380 992 ex
413 932 561 991 doctrinis
597 930 765 993 hominum.
822 933 967 994 Doctrina
1000 929 1057 992 oei

132 1015 225 1077 docet
247 1015 348 1096 fidem,
372 1015 451 1075 ultra
473 1033 563 1094 quam
582 1013 694 1074 docere
717 1035 786 1076 sese
809 1019 925 1077 iactant
946 1015 1057 1076 votarii

133 1100 224 1161 aliud.
268 1098 309 1160 At
332 1097 405 1158 illud
429 1098 509 1158 aliud
543 1105 674 1157 nonest
708 1119 765 1158 nec
787 1120 856 1161 esse
875 1107 978 1180 potest
999 1099 1056 1159 nisi

132 1204 220 1264 opus.
265 1180 461 1262 Opus-vero
494 1201 554 1241 non
587 1188 691 1261 potest
714 1185 834 1252 doceri,
872 1184 929 1244 nisi
952 1182 1057 1243 laedas

133 1268 241 1345 iidem,
273 1286 341 1325 cnm
363 1264 439 1326 fldes
478 1271 509 1325 et
531 1284 625 1344 opera
647 1265 677 1324 in
700 1285 732 1324 re
760 1267 983 1328 iustificationis
1006 1284 1058 1325 ex·

135 1349 464 1412 tremendversentur.
508 1347 555 1409 Ita
577 1347 620 1426 iit,
643 1355 676 1407 ut
698 1348 836 1411 doctrina
860 1345 985 1427 operum
1005 1368 1057 1409 ne·

136 1436 270 1494 cessario
303 1434 342 1493 sit
372 1433 512 1494 doctrina
544 1432 776 1493 daemoniorum
816 1442 845 1495 et
868 1434 1057 1494 discussion

134 1518 202 1579 ilde.
246 1517 345 1577 Nemo
374 1524 474 1576 autem
497 1535 593 1595 opera
616 1514 723 1595 docet,
757 1518 839 1596 quod
865 1536 984 1578 ennon
1008 1535 1058 1576 ne·

135 1603 268 1662 cessaria
290 1607 376 1681 potet
416 1599 453 1661 ad
486 1601 631 1659 iustitiam
655 1607 685 1658 et
706 1602 852 1673 salutem,
885 1602 942 1660 nisi
978 1601 1058 1659 enim

136 1685 311 1745 necessaria
335 1691 436 1764 putet,
460 1684 568 1742 trustra
591 1681 723 1744 docebit.
768 1684 848 1760 Quid
871 1685 984 1762 alioqui
1009 1683 1061 1743 do·

138 1775 221 1828 cenet
242 1768 302 1827 ea?
326 1777 355 1828 et
378 1768 445 1847 quis
468 1771 740 1842 essequereturet
762 1775 907 1847 servaret,
930 1769 954 1828 si
968 1766 1058 1827 sliam

138 1855 219 1911 viam
242 1852 374 1911 institiae
397 1859 427 1910 et
448 1850 554 1909 salutis
578 1850 709 1910 nosset?

223 1935 316 1995 Recte
338 1953 411 2014 ergo
436 1931 512 1992 dixit
533 1932 661 1992 Paulus:
688 1933 752 1994 Lex
775 1954 835 1995 non
860 1941 906 1994 est
931 1954 969 1994 ex
990 1931 1061 2007 ilde,

140 2026 186 2078 et:
226 2019 272 2078 llx
295 2018 439 2097 operibus
464 2015 540 2096 legis
564 2034 654 2075 nemo
680 2017 875 2098 iustillcatnr3
897 2019 938 2077 ita
961 2033 1062 2095 neque

140 2110 243 2161 votum
268 2109 375 2161 estex
398 2101 474 2179 fide,
507 2117 565 2159 nec
597 2119 635 2158 ex
659 2107 731 2160 voto
761 2101 939 2162 iustificetur
962 2100 1062 2160 omnis

139 2203 221 2244 caro.
266 2184 304 2242 m
327 2185 446 2260 omnia,
476 2201 556 2262 quae
579 2182 690 2243 Paulus
712 2183 749 2244 ad
774 2183 902 2245 Galatas
926 2182 1062 2263 disputat

140 2267 285 2327 adversus
308 2265 407 2344 legem
431 2272 462 2324 et
484 2284 578 2345 opero
600 2267 679 2344 eius,
713 2270 867 2347 pertinent
894 2269 984 2328 etiarn
1008 2264 1060 2326 od-

141 2366 245 2409 versns
278 2354 382 2407 votum
418 2355 449 2407 et
470 2366 565 2427 spera
589 2350 663 2411 eius.
707 2350 778 2410 Sive
800 2371 874 2430 ergo
899 2353 965 2430 pia,
996 2350 1062 2408 sive

140 2432 235 2512 impin
257 2431 402 2511 opinione
423 2439 606 2504 voveamus,
629 2433 797 2512 rumpenda
820 2443 905 2507 sunt,
934 2442 966 2493 ut
989 2432 1061 2492 divi·

141 2519 221 2575 nitus
249 2514 413 2594 reprobata
436 2521 466 2573 et
490 2516 519 2572 in
544 2532 591 2572 res
614 2513 757 2574 divinitus
779 2517 958 2597 reprobatas
972 2516 1062 2578 iacta.

143 2600 247 2676 Quare
272 2596 465 2658 bernhardus
488 2597 605 2677 etalii,
639 2599 691 2677 qui
723 2600 774 2679 pia
803 2601 950 2679 opinione
973 2616 1062 2657 vove-

142 2691 209 2743 runt
231 2690 262 2743 et
280 2683 421 2742 vixerunt
442 2682 472 2740 in
497 2681 588 2758 votis,
612 2682 810 2762 comparandi
833 2688 904 2742 sunt
925 2680 1064 2740 ducentis

141 2768 199 2827 iliis
213 2768 295 2843 viris,
319 2767 370 2845 qui
389 2783 456 2824 oum
468 2763 650 2844 Absalom1)
673 2766 791 2825 iverunt
804 2765 841 2826 de
853 2763 1063 2826 Ierusalemin
1084 2814 1086 2818 .

142 2851 277 2929 Hebron,
299 2849 436 2908 molienti
460 2848 642 2907 seditionem
665 2847 951 2930 adversusregnnm
969 2850 1063 2927 patr's

142 2936 187 2993 sni
212 2934 321 2995 David.
367 2932 446 2992 Nihil
470 2932 550 2990 enim
574 2931 712 2993 sciebant
736 2931 774 2993 de
797 2951 890 2993 causa
905 2930 1064 2992 Absalomi

142 3027 173 3078 et
194 3008 322 3097 simplici
347 3015 441 3076 corde
462 3015 556 3090 ibant,
580 3033 657 3094 quos
680 3023 796 3076 certum
819 3023 919 3077 estre
942 3014 1066 3092 cognita

142 3101 314 3181 resipuisse.
359 3098 401 3159 At
429 3100 453 3159 si
482 3099 511 3157 in
544 3098 643 3158 media
678 3120 710 3158 re
742 3100 904 3179 intercepti
927 3099 1065 3174 inissent,

144 3191 288 3264 poterant
310 3183 449 3243 accusari
474 3182 578 3242 laesae
602 3182 770 3243 maiestatis
792 3185 845 3252 rei,
868 3183 891 3242 si
916 3200 993 3262 opus
1017 3199 1066 3241 eo·

145 3289 208 3327 rum
233 3277 263 3326 et
286 3268 365 3325 viam
380 3274 512 3345 spectes,
536 3264 589 3324 sed
610 3264 777 3329 secundum
792 3267 925 3328 animum
942 3264 1067 3324 iudicati

146 3352 386 3412 absolverentur.
432 3348 519 3424 Quae
548 3348 676 3409 historia
706 3350 861 3430 pulchram
885 3347 974 3408 nobis
997 3347 1068 3408 elle·

143 3437 259 3516 goriam
282 3432 371 3492 huius
393 3432 435 3490 rei
458 3439 611 3512 praestat,
641 3432 694 3492 sed
725 3453 805 3492 nnnc
827 3452 888 3493 nnn
913 3438 960 3493 est
980 3431 1067 3492 locus

146 3521 174 3579 in
198 3539 235 3578 ea
256 3516 375 3577 morari.
421 3515 517 3575 Plane
539 3513 685 3576 Absalom
718 3518 902 3597 Papisticnm
939 3533 1065 3598 regnum

143 3609 203 3682 est,
227 3601 374 3662 adversus
411 3617 538 3679 regnum
561 3597 672 3659 Christi
695 3603 897 3677 concitatum,
931 3598 1014 3680 quod
1039 3603 1070 3657 et

215 3779 247 3847 t)
268 3776 300 3833 In
320 3775 364 3834 ed.
383 3776 494 3847 priora:
512 3773 651 3832 Absolom
671 3780 723 3832 stc.
