2392 4170
161 241 228 311 ’370
474 243 518 301 De
535 243 610 301 votis
628 207 789 301 monasticis
857 223 862 231 ¹

162 417 256 498 Quis,
287 416 436 495 obsecro,
467 416 547 479 ultra
576 423 607 478 et
632 435 726 498 supra
754 415 835 478 hanc
863 415 983 497 legem'
999 415 1086 477 Pauli

162 501 253 563 aliam
271 500 370 579 legem
393 501 598 562 necessariam
622 506 756 562 statuere
770 499 893 581 potest?
916 500 956 561 itt
978 501 1005 561 si
1025 507 1087 561 sta·

162 591 272 662 tuetur,
295 585 445 665 exigatur,
467 591 626 665 screator,
642 583 801 662 quomodo
815 584 964 664 praestari
978 601 1085 645 necas

161 669 243 729 sario
270 674 374 748 potest
402 674 455 727 aut
482 666 590 747 debet,
623 686 692 727 cum
721 666 795 727 nihil
831 665 1006 728 debendum
1035 668 1086 747 sit,

161 751 219 811 nisi
242 750 391 831 diligere?
425 750 519 831 Igitur
541 756 646 813 votum
669 769 793 811 servare
819 746 1001 832 possumus,
1028 750 1086 813 sed

162 852 224 894 non
247 832 404 912 debemus,
428 835 500 913 quia
522 834 597 896 nihil
621 835 679 895 nisi
702 833 830 914 diligere
852 834 1011 898 debemus.
1046 833 1088 894 Et

162 916 301 978 Christus
324 917 430 981 Matth.
452 921 488 982 7:
520 916 605 978 Haec
625 924 673 978 est
693 917 759 978 Lex
780 923 810 978 et
831 917 1023 998 Prophetae,
1050 925 1087 978 -et

162 999 267 1076 Matth.
290 1002 346 1064 22:
379 1000 414 1061 ln
444 1000 492 1060 his
521 1000 640 1062 duobus
668 999 820 1062 mandatis
848 1003 992 1062 universa
1021 1000 1086 1062 Lex

162 1082 278 1164 pendet
298 1091 391 1164 atque
413 1083 595 1163 Prophetae.
645 1084 727 1144 Nihil
749 1103 824 1164 ergo
847 1089 955 1145 contra
977 1085 1086 1145 carita·

161 1173 239 1243 tem,
272 1166 346 1228 nihil
374 1167 453 1227 ultra
480 1169 638 1228 caritatem
669 1168 746 1248 ligat
772 1174 825 1227 aut
850 1167 946 1247 ligare
971 1174 1086 1248 potest

161 1250 225 1309 Iam
249 1250 338 1310 facile
361 1259 407 1310 est
429 1250 549 1329 videre,
578 1270 632 1312 our
653 1270 714 1312 non
740 1252 832 1311 liceat
850 1250 1033 1331 dispensare
1055 1252 1086 1311 in

161 1333 322 1411 adulterio,
344 1332 523 1412 homicidio,
544 1334 625 1396 iurto
648 1340 679 1395 et
701 1333 859 1396 similibus.
892 1334 1009 1396 Rursus
1034 1353 1086 1395 cur

162 1415 333 1496 dispensari
354 1419 453 1496 possit
474 1425 504 1477 et
526 1416 638 1478 debeat
659 1420 690 1478 iu
713 1424 788 1479 voto
809 1418 959 1478 castitatis
976 1423 1009 1478 et
1022 1438 1085 1478 om·

163 1500 251 1560 nibus
280 1502 374 1579 votis,
403 1519 515 1581 nempe
541 1501 624 1580 quod
651 1503 683 1561 in
705 1500 766 1561 illis
787 1499 934 1578 laeditur,
964 1502 1085 1562 inistis

162 1603 224 1644 non
248 1581 387 1661 laeditur,
409 1584 471 1644 imo
484 1585 757 1665 servaturca‘ritas,
779 1582 854 1644 nulli
876 1585 960 1645 enim
983 1591 1085 1661 nocet,

68 1661 72 1669 ’
163 1668 188 1726 si
211 1668 365 1745 nupseris,
394 1669 457 1727 imo
479 1669 557 1727 sicut
585 1666 681 1729 velles
709 1667 763 1728 tibi
786 1667 877 1728 licere
898 1667 1035 1748 nubere,
1061 1670 1085 1728 si
1158 1699 1159 1706 κ

163 1751 273 1828 ureris,
301 1752 344 1810 ita
366 1749 460 1810 debes
487 1750 580 1811 licere
609 1749 688 1811 velle
714 1757 745 1812 et
766 1751 869 1829 alteri,
900 1769 965 1812 nou
989 1751 1083 1813 modo

163 1841 264 1896 autem
289 1833 382 1912 velle,
405 1831 460 1894 sed
473 1840 514 1894 et
536 1836 714 1915 cooperari,
737 1840 770 1895 ut
791 1833 854 1897 flat.

244 1916 313 1977 an
334 1915 497 1978 coufirmat
511 1917 648 1978 (lhristus
666 1917 772 1980 Matth.
787 1921 836 1996 12,
858 1936 927 1977 num
951 1918 1084 1998 praefert
1150 1940 1153 1945 ·

163 2000 401 2063 misericordiam
425 2000 566 2061 omnibus
584 1999 702 2081 legibus
716 2000 822 2063 diceus
836 1999 876 2063 ad
889 1999 1083 2062 sabbatarius
1149 2070 1152 2077 ¹

162 2083 232 2144 illos
256 2083 453 2144 Pharisaeos:
489 2083 519 2144 si
541 2091 644 2145 autem
666 2086 799 2164 sciretis,
822 2084 894 2166 quid
917 2085 974 2164 sit,
997 2086 1082 2145 mise·
1149 2090 1152 2107 '

163 2165 324 2230 ricordiam
359 2167 430 2228 volo
460 2175 491 2227 et
518 2186 579 2227 uon
612 2166 810 2248 sacrificium,
845 2187 907 2228 uon
939 2168 1082 2230 condem·
1154 2238 1158 2257 Ι

163 2250 293 2309 nassetis
316 2252 505 2311 innocentes.
557 2250 625 2315 Hoc
647 2252 726 2312 enim
750 2271 787 2311 eo
810 2251 894 2328 dicit,
917 2250 1012 2330 quod,
1035 2251 1081 2311 ubi

163 2334 301 2411 corporis
324 2340 377 2393 aut
396 2334 440 2392 rei
460 2335 628 2393 necessitas
650 2334 776 2415 accidit,
807 2335 1012 2396 miserendum
1036 2335 1081 2409 sit,

163 2424 194 2476 et
216 2418 315 2495 legem
344 2436 406 2477 nou
436 2417 666 2497 intelligendam
695 2418 902 2479 adversariam
931 2417 1080 2479 eiusmodi

163 2501 349 2565 necessitati.
404 2499 455 2560 Sic
483 2502 564 2560 enim
593 2500 742 2581 apostolis
772 2500 954 2562 vellentibus
982 2503 1081 2582 spicas

162 2585 385 2663 patrocinatur,
408 2581 490 2662 quod
513 2585 686 2664 esurierint,
707 2585 769 2646 hoc
788 2590 850 2662 est,
874 2584 1082 2647 misericordia
1154 2640 1158 2661 ,

162 2668 300 2748 eguerint
323 2668 352 2727 in
376 2686 413 2727 ea
434 2669 628 2729 necessitate.
667 2667 769 2742 Quare
791 2669 886 2729 multo
910 2671 1010 2749 magis
1033 2687 1081 2729 vo·
1154 2666 1158 2683 '

162 2757 224 2813 tum
249 2752 396 2811 castitatis
419 2751 530 2812 cedere
553 2750 645 2812 debet
667 2752 911 2829 misericordiae,
942 2755 968 2813 si
993 2770 1081 2813 urens
1155 2802 1158 2821 ,

162 2831 495 2894 libidonecessitatem
518 2834 651 2895 nubendi
675 2835 796 2912 fecerit,
819 2836 902 2896 volet
924 2837 1007 2896 enim
1031 2836 1081 2894 mi-

162 2917 358 2979 sericordiam
393 2919 490 2997 magis
523 2936 613 2997 quam
646 2917 795 2979 illiberale
827 2918 902 2980 illud
934 2920 1081 2980 castitatis

161 2999 353 3062 sacrificium.
397 3001 478 3061 Edat
505 3020 578 3080 ergo
608 3008 638 3061 et
659 3001 710 3062 hio
731 3002 831 3064 David
853 3009 958 3063 noster
988 3020 1081 3083 panes

161 3083 331 3162 prohibitos
359 3103 428 3144 cum
456 3083 583 3163 fiducia,
614 3093 646 3146 et
668 3085 763 3146 dicat:
797 3085 954 3147 (lectitatis
978 3091 1081 3147 votum

161 3175 287 3246 propter
317 3168 471 3228 hominem
501 3168 614 3228 iactum
645 3177 706 3247 est,
740 3188 804 3229 non
832 3170 926 3230 homo
958 3175 1083 3250 propter

161 3256 265 3309 votum
289 3252 447 3311 castitatis.
501 3251 607 3331 ltaque
635 3250 777 3312 dominus
807 3262 853 3314 est
880 3251 960 3312 iilius
984 3254 1082 3313 homi·

161 3333 207 3390 nis
230 3333 321 3393 etiam
345 3335 408 3393 voti
432 3340 462 3393 et
484 3336 642 3398 castitatis.
690 3336 762 3397 Nou
784 3346 884 3397 autem
908 3337 954 3396 sic
975 3356 1010 3397 se
1032 3336 1082 3395 ha

161 3414 262 3477 hetin
285 3435 318 3476 re
342 3415 414 3477 fidei
436 3437 509 3497 erga
531 3419 643 3495 Deum,
667 3421 739 3498 quia
763 3439 824 3481 uon
849 3421 934 3481 Deus
957 3427 1082 3500 propter

160 3497 327 3579 hominem,
350 3500 404 3559 sed
421 3500 513 3561 homo
537 3508 663 3581 propter
679 3504 777 3563 Deum
801 3510 863 3582 est,
884 3501 923 3563 de
940 3521 1003 3583 qua
1024 3504 1082 3583 spi·

159 3581 258 3642 rituali
281 3581 350 3661 lege
372 3583 447 3644 alias
471 3591 501 3644 et
521 3584 604 3646 alibi.

173 3724 177 3729 .
242 3665 373 3726 Proinde
402 3668 515 3747 gratias
548 3677 635 3749 agat,
667 3671 719 3748 qui
749 3669 828 3730 hanc
861 3671 1022 3731 veritatem
1052 3680 1081 3730 et

153 3753 378 3821 suavissimam
410 3751 587 3815 lihertatem
613 3751 748 3813 huetium
781 3752 892 3816 Christi
927 3754 1080 3837 intelligit,
1153 3774 1156 3783 ·
