2392 4170
137 262 205 333 m
465 260 780 319 nessa-ma·-

140 426 327 493 venientia
348 427 525 487 nonasimis
557 427 665 487 diebus
706 429 737 486 in
758 424 945 504 deceptione
960 419 1064 481 illuso·

139 532 201 589 ret,
222 514 391 571 secuudum
414 512 540 589 propria
560 512 713 570 desideria
734 510 939 569 ambulantes.
981 502 1060 579 Quid

139 608 243 657 autem
276 598 316 653 ad
347 594 408 653 hoc
443 596 565 669 dicent,
595 608 701 655 sotum
729 613 835 653 nonne
861 606 910 649 est
930 589 1062 648 divinum

141 676 364 758 praeceptura?
386 680 567 757 praesertim
588 680 614 735 si
637 680 677 736 eit
701 684 753 751 [ut
774 676 876 735 dicitis
880 698 895 749 y
926 672 1064 731 subann-

141 762 223 826 tiele.
258 760 300 819 At
321 774 523 840 epraecepto
546 763 651 820 divino
664 781 704 820 ne
728 759 910 839 augelorum
931 754 1064 834 quidem,

140 844 252 903 nedum
275 843 380 922 Papae
407 858 459 902 aut
484 844 574 901 ullius
606 843 741 904 hominia
763 843 930 903 acromate
968 846 1064 897 uane-

140 925 275 987 eundum
297 940 354 987 est
397 926 464 985 Stat
485 927 567 985 enim
589 928 760 987 sententia:
784 925 920 986 oceane
940 926 1063 1000 oportet

140 1010 209 1070 lieo
232 1012 331 1089 magis
358 1026 451 1087 quam
484 1009 671 1069 hominibus.
714 1010 841 1089 Alioqui
869 1006 980 1066 eadem
1015 1022 1062 1063 ra·

141 1094 225 1153 tione
247 1090 350 1151 licebit
370 1093 481 1169 iurari,
502 1094 658 1169 occidere,
681 1094 856 1153 moecliari.
887 1087 1064 1168 parentibus

139 1174 305 1251 rebellare,
340 1174 473 1235 breviter
504 1175 602 1234 Deum
631 1196 700 1235 cum
728 1175 900 1255 praeceptis
927 1173 992 1230 suis
1014 1189 1064 1230 ne·

139 1277 235 1339 gare,
268 1260 435 1319 autoritate
464 1270 495 1317 et
517 1258 696 1319 obedientia
728 1262 871 1318 humana
912 1253 946 1316 Si
970 1272 1062 1313 unum

140 1352 339 1420 praeceptum
373 1342 445 1400 licet
473 1344 619 1420 transire,
648 1344 754 1402 omnia
788 1339 891 1400 licebit
923 1338 1060 1396 transire.

140 1422 189 1483 Ex
211 1425 321 1503 quibus
342 1423 519 1503 coniicitur,
543 1440 575 1484 ut
595 1436 651 1486 aut
672 1424 861 1504 impossibile
882 1423 938 1496 sit,
959 1432 1062 1480 votum

140 1508 291 1567 eiusmodi
312 1526 382 1567 esse
403 1506 540 1566 divinum
556 1524 765 1587 praeceptum,
788 1521 840 1566 aut
855 1505 1061 1564 necessarium

140 1590 189 1667 ait,
211 1607 320 1649 ousnes
341 1609 412 1649 esse
444 1593 507 1649 voti
530 1604 648 1651 resset
670 1592 854 1665 damnatos,
886 1588 939 1666 qui
961 1607 980 1646 e
1002 1605 1062 1645 mo·

141 1671 248 1731 naeltis
283 1673 355 1733 iacti
388 1686 460 1731 suut
492 1673 668 1735 Pontifices.
711 1673 782 1733 lion
814 1673 864 1731 hic
886 1670 1061 1749 nugandum

140 1764 189 1815 est
215 1762 248 1815 et
277 1756 495 1835 garriendum,
525 1759 607 1835 quod
637 1766 782 1816 maneant
812 1757 843 1814 in
872 1764 1062 1833 paupertate.

140 1834 228 1897 Seria
250 1856 299 1897 res
321 1839 431 1918 agitur,
453 1842 578 1917 quando
601 1840 640 1899 de
672 1840 928 1899 conscientiarum
952 1856 986 1895 re
1007 1835 1060 1893 dis·

140 1930 263 2001 putatur
275 1968 284 1999 ,
306 1922 407 1983 solide
426 1920 539 1982 dooere
561 1936 692 2003 oportet.
737 1921 856 1983 Scimus
878 1918 1060 1979 monachum

140 2012 173 2063 ei
204 2002 319 2083 Papam
348 2004 435 2064 nulla
467 2008 668 2085 proportione
691 2006 877 2079 convenire,
910 2002 995 2080 quod
1023 2001 1060 2061 ad

141 2094 245 2147 votum
268 2088 457 2165 paupertatis
480 2090 599 2148 attinet.
632 2088 690 2149 Ille
714 2092 798 2149 vovit
819 2089 849 2146 in
875 2087 1059 2145 monasterio

140 2188 257 2249 pauper
280 2170 397 2249 vivere,
426 2172 486 2229 hoc
508 2185 627 2230 tenetur
649 2172 776 2251 implere
798 2182 862 2230 tnta
885 2172 963 2243 vita,
992 2170 1061 2247 quia

140 2262 244 2312 votum
267 2262 312 2310 est
335 2266 531 2332 praeceptum
555 2255 622 2318 Dei,
655 2255 721 2314 Nec
740 2254 876 2333 prodest,
898 2251 983 2330 qnod
1006 2262 1061 2310 sta·

140 2344 202 2393 tum
225 2337 421 2412 perfectionis
444 2338 584 2414 afferunt,
607 2339 782 2399 nouaclum
806 2338 845 2397 ob
869 2336 1059 2395 mendacium

136 2437 229 2496 supra
251 2417 374 2498 dictum,
398 2422 536 2496 quesibi
560 2423 633 2499 ipsis
646 2420 868 2497 contradicunt,
891 2419 945 2477 sed
969 2421 1059 2478 etiam

137 2499 178 2559 ob
201 2499 282 2559 aliud
307 2503 514 2582 mendacium,
545 2505 627 2582 quod
651 2512 747 2564 status
769 2503 966 2582 perfectionis
995 2520 1060 2561 esse

137 2602 198 2642 nou
221 2584 320 2663 possit
342 2597 428 2644 extra
452 2596 482 2645 et
504 2600 612 2646 contra
636 2587 812 2646 mandatum
837 2585 904 2663 Dei,
928 2584 983 2643 sed
1008 2603 1059 2663 po·

136 2666 195 2725 tius
217 2665 399 2727 damnabilis
423 2675 519 2727 slatus
543 2678 597 2731 est
643 2670 711 2729 Non
743 2672 824 2728 enim
856 2668 949 2726 ullum
974 2687 1057 2747 prae·

136 2760 259 2829 ceptum
279 2750 335 2809 liei
358 2762 473 2831 pugnat
494 2752 684 2831 perfectioni,
709 2755 771 2812 imo
790 2752 938 2831 perfectio
961 2738 1071 2810 eolum'

137 2833 277 2891 cotisistit
299 2836 328 2891 in
354 2836 406 2893 liei
431 2838 612 2914 praeceptis.
649 2836 701 2895 lile
724 2837 804 2895 enim
827 2835 982 2914 perlectus
1006 2842 1060 2909 est,

136 2916 186 2993 qui
210 2918 314 2975 otnnia
336 2916 479 2975 mandata
501 2917 558 2977 Dei
582 2928 694 2980 servat.

218 2996 306 3073 Quae
329 3008 377 3059 est
405 3018 479 3077 ergo
504 3001 663 3080 impudens
687 3004 746 3061 ista
768 2998 974 3079 impudentia,
1010 3018 1054 3058 as·

135 3100 236 3141 serere
259 3089 363 3140 votum
396 3101 464 3161 esse
487 3093 684 3163 praeceptum
707 3084 763 3143 Dei
792 3091 823 3142 et
855 3091 967 3141 statum
993 3102 1058 3161 per·

135 3162 297 3223 iectionis?
341 3164 455 3223 Rursus
485 3186 622 3226 asserere
654 3170 751 3246 ipsum
783 3184 851 3225 esse
877 3163 1059 3226 solvendum

135 3254 164 3305 ei
187 3255 299 3305 statum
323 3249 518 3326 perfectionis
542 3249 773 3329 relinquendum
798 3255 925 3328 propter
946 3256 1058 3307 etatum

134 3330 363 3407 perfectionis?
414 3330 523 3404 Vides,
564 3333 681 3408 lector,
722 3341 755 3392 ut
788 3330 999 3409 magnitudine
1032 3340 1061 3388 et

134 3410 327 3472 multitudiue
351 3414 578 3480 mendaciorum
604 3418 731 3489 obruar,
761 3424 792 3473 ut
813 3414 915 3496 yerbis
938 3433 975 3474 ea
998 3432 1058 3472 uon

134 3498 249 3574 possim
273 3499 430 3575 consequi.
475 3497 569 3577 Silva,
593 3519 688 3569 mare,
712 3517 806 3557 arena
830 3496 1058 3557 mendaciorum

133 3588 179 3639 est
202 3580 371 3640 monastice
403 3581 463 3641 ista
483 3581 597 3641 inclita.
654 3581 753 3655 Quam
783 3581 905 3659 insigne
942 3597 1058 3657 quaeso

132 3674 163 3725 ot
184 3664 244 3723 hoo
267 3660 457 3723 mendacium
481 3671 537 3741 est,
560 3663 641 3742 quod
666 3661 878 3742 pontificatum
901 3661 1058 3743 appellant

131 3753 245 3807 tntum
267 3745 489 3827 perfectionis,
513 3745 595 3825 quod
623 3745 719 3806 solius
753 3743 825 3805 fidei
856 3751 887 3806 et
925 3744 1058 3806 mutatis
