2392 4170
335 244 477 302 Ambrosii
498 243 608 303 Gathar.
628 265 652 303 a.
674 247 749 306 ¹521.
920 215 1007 313 ’325

78 400 206 482 quando
238 401 298 460 vim
327 407 358 461 et
385 402 525 463 virtutem
558 422 662 464 earum
690 401 859 464 naturalem
895 401 1008 482 signill-

82 503 201 546 camus.
247 486 288 544 lta
311 484 457 546 naturalis
485 487 573 546 huius
606 488 686 568 regis
720 487 814 547 virtus
844 493 890 546 est
912 486 1006 565 nulla,

76 569 136 629 uisi
159 568 299 646 species,
332 568 442 643 iacies,
474 577 656 649 personatus
689 570 814 630 inlinitis
843 569 943 631 modis
975 577 1006 630 et

77 650 218 731 partibus
250 650 484 730 multiplicatus,
515 652 552 712 de
580 672 642 732 qua
670 673 703 715 re
725 653 815 714 ludas
845 653 1005 734 apostolus

75 735 124 794 sic
145 732 315 814 praedixit:
341 735 483 795 Mirantes
506 755 655 814 personas
677 742 822 818 quaestus
844 737 952 816 gratia,
975 745 1006 796 et

76 816 183 880 iacob.
206 817 239 878 2:
272 816 373 877 Nolite
402 819 432 877 in
456 837 658 899 personarum
680 820 862 895 acceptione
890 817 1005 880 habere

76 899 171 960 fldem
201 899 323 960 Domini
354 901 451 961 nostri
482 901 549 962 lesu
581 902 701 964 Christi.
751 902 866 963 Rursus
895 901 1004 964 Iudas:

77 983 326 1046 flubintroisrunt
348 983 471 1063 quidam
501 985 641 1045 homines
671 986 742 1047 olim
773 986 951 1067 praescripti
972 986 1004 1046 in

76 1065 141 1126 boc
162 1065 324 1141 iudicium,
356 1067 456 1146 impii,
486 1069 615 1146 gratiam
638 1070 761 1130 Domini
791 1070 886 1131 nostri
910 1077 1005 1129 trans·

75 1148 211 1209 terentes
234 1150 263 1207 in
288 1148 455 1227 lasciviam,
478 1169 515 1210 ac
528 1152 637 1226 Deum,
659 1153 710 1232 qui
733 1152 818 1212 solus
835 1158 882 1212 est
903 1151 1004 1229 herus,

76 1239 108 1292 at
129 1232 295 1292 Dominum
319 1237 459 1294 nostrum
481 1233 580 1294 Iesum
605 1235 757 1296 Christum
781 1242 939 1315 negantes.

161 1314 231 1375 Nou
265 1322 365 1375 tamen
401 1316 564 1376 obiecerim
600 1319 777 1398 Hieronymi
810 1320 1004 1395 sententiam,

76 1397 130 1476 qui
151 1397 362 1478 impudentem
385 1399 463 1458 lacie
486 1407 599 1476 vocat,
623 1400 761 1462 indicans
782 1402 1002 1482 praesumptio·

76 1499 149 1540 nem
171 1481 416 1560 hypocritarum
438 1483 615 1544 incredibile
637 1485 786 1562 estenim,
808 1502 900 1564 quam
918 1502 1003 1544 secu·

75 1582 139 1638 ros,
162 1562 302 1643 fidentes,
326 1573 597 1644 praesumptuosos
619 1567 728 1628 reddat
749 1567 919 1647 easpeoies
941 1567 1002 1646 pie·

77 1647 166 1722 tatis,
199 1654 231 1706 ut
253 1665 326 1726 prae
350 1647 492 1708 omnibus
523 1669 556 1709 se
586 1648 759 1711 hominibus
782 1649 871 1711 coelo
893 1649 1004 1729 dignos

75 1728 271 1805 arbitrentur,
294 1737 325 1789 et
349 1730 400 1810 (ut
417 1732 569 1811 propheta
590 1734 649 1802 aitl
674 1733 779 1794 nidum
802 1735 881 1793 inter
902 1732 1003 1793 sidera

75 1818 205 1893 ponunt.
248 1813 388 1891 Denique
410 1833 448 1874 eo
470 1814 678 1895 impudentiae
700 1815 881 1895 procedunt,
905 1819 938 1876 ut
958 1834 999 1876 ra·

76 1895 193 1974 liquum
217 1895 340 1974 vulgum
365 1898 553 1974 miserentur,
577 1905 608 1959 et
626 1900 734 1960 merita
757 1918 812 1959 sua
833 1899 888 1976 illi,
910 1897 1002 1959 devo·

75 1979 152 2038 ratis
186 1996 291 2038 eorum
326 1978 486 2058 domibus,
525 1983 753 2042 communicant
791 1988 821 2041 et
857 1981 1003 2042 vendunt.

77 2060 151 2137 Alii,
174 2078 230 2120 ceu
242 2061 425 2122 Pharisaeus
445 2062 619 2142 publicano,
640 2065 788 2125 insultant
799 2066 890 2125 etiam
914 2064 1004 2125 mise·

75 2145 128 2205 ris.
173 2143 241 2206 Hoc
264 2163 354 2204 sensu
379 2146 496 2206 videtur
517 2147 701 2227 abundasse,
723 2149 773 2227 qui
796 2147 940 2209 Proverb.
952 2148 1001 2211 21.

76 2226 246 2287 transtulit:
280 2227 333 2286 Vir
364 2229 475 2308 impius
509 2231 680 2310 procaciter
707 2230 848 2292 obfirmat
886 2230 1000 2290 vultum

76 2329 177 2370 snum.
221 2308 312 2385 Quod
340 2309 491 2371 Hebraioe
518 2314 563 2373 sic
590 2321 696 2393 sonat,
723 2320 850 2394 potens,
878 2314 926 2373 vir
946 2314 1002 2373 im-

75 2392 163 2472 pius,
194 2393 272 2453 facie
294 2411 350 2454 sua
376 2400 406 2453 et
427 2402 528 2455 rectus
551 2394 653 2477 dirigit
681 2398 761 2457 viam
784 2416 886 2475 suam,
915 2397 1003 2476 quasi

78 2475 174 2536 dicat:
200 2475 332 2555 Impius,
365 2495 490 2537 securus
520 2486 551 2538 et
578 2479 737 2540 conlidens
763 2486 810 2540 est
839 2481 870 2540 in
899 2481 1003 2560 specie

78 2559 209 2639 pietatis.
256 2557 316 2619 Sed
338 2568 455 2633 rectus,
483 2561 620 2639 quotidie
648 2581 717 2622 sese
738 2561 876 2623 extendit
896 2563 928 2622 in
951 2582 1002 2624 an·

78 2641 192 2703 teriora
229 2659 297 2701 cum
331 2641 486 2711 Pastor).
542 2642 630 2719 Quae
663 2645 811 2705 securitas
845 2643 924 2705 Psal.
954 2647 1002 2710 10.

78 2724 206 2804 pulchre
228 2723 419 2802 describitur,
441 2723 630 2787 ubidicitur:
655 2727 740 2787 Dixit
753 2728 833 2787 enirn
856 2727 886 2786 iu
910 2725 1004 2788 corde

76 2824 151 2869 suo:
183 2806 253 2868 Non
277 2808 426 2869 movebor
447 2828 465 2867 a
487 2810 687 2889 generatione
708 2811 739 2870 in
763 2809 1004 2890 generationem,

78 2908 132 2951 ero
156 2890 223 2950 sine
245 2890 346 2968 mal03
373 2898 403 2950 et
424 2891 546 2952 iterum:
569 2892 755 2953 Auleruntur
774 2891 889 2954 iudicia
912 2898 1003 2952 tuaa

77 2972 156 3033 laoie
179 2973 253 3033 eius.
296 2972 371 3033 Tale
392 2973 465 3034 Esa.
489 2976 538 3039 28.
560 2982 590 3036 et
611 2976 640 3034 in
653 2976 699 3036 sui
723 2977 869 3056 temporis
891 2975 1003 3054 impius

80 3062 246 3131 memorat,
280 3056 330 3135 qui
365 3063 489 3136 pactum
512 3076 580 3166 pum
605 3066 703 3120 morte
727 3064 757 3119 et
783 3058 902 3119 inferno
924 3057 1002 3119 lece·

77 3145 146 3200 rant
169 3146 227 3198 eto.

163 3220 331 3281 Videamus
353 3227 385 3281 et
406 3222 482 3282 alias
511 3224 660 3302 quasdam
688 3223 784 3284 facias
806 3223 895 3283 huius
916 3222 1004 3302 regni

78 3305 168 3368 vires.
218 3303 276 3363 Hic
304 3315 469 3383 occurrunt
503 3324 579 3387 opes
617 3306 783 3383 ecclesiae,
822 3305 1006 3386 patrimonia

78 3385 234 3465 crucifixi,
273 3405 322 3447 res
364 3387 530 3463 ecclesiae,
574 3389 656 3451 bona
692 3388 870 3470 spiritualia.
926 3387 1003 3448 Nam
1053 3432 1057 3438 .

77 3470 179 3530 buins-
208 3470 295 3548 regni
338 3472 475 3549 potentia
515 3471 602 3552 lecit,
643 3470 719 3549 utl)
755 3472 846 3532 etiam
886 3478 1004 3559 tempo·

135 3662 163 3719 ‘l
183 3660 283 3728 Philip.
303 3661 320 3716 3

135 3731 165 3807 l)
184 3733 216 3784 ln
236 3731 278 3787 a‘d.
296 3731 376 3791 deu:
396 3739 431 3792 et.
