2392 4170
390 253 515 307 Rationis
534 255 715 309 Latomianae
733 261 784 309 etc.
996 252 1057 319 521

139 407 290 487 pendatur
317 413 412 474 libros
440 414 571 490 habere,
607 413 661 474 sed
690 411 773 492 quod
802 411 984 486 videndum,
1021 435 1059 476 an

139 498 221 560 dicta
233 498 355 560 Patrurn
379 498 417 559 ab
440 497 616 560 adversario
639 497 720 559 bona
736 495 797 557 fide
811 497 950 560 citentur.
982 498 1059 560 Nam

139 584 325 662 Dionysium
349 584 423 643 citat
444 584 482 643 de
505 580 621 642 orando
640 581 707 642 Deo
730 600 786 660 pro
810 581 968 658 defunctis,
992 603 1059 643 cum

138 668 189 728 ille
226 665 264 726 de
292 666 447 729 laudando
478 665 606 742 scribat,
635 674 668 725 ut
696 667 811 745 optime
840 666 972 727 memini.
1023 667 1063 728 Et

139 770 235 831 quare
265 759 398 812 vestrum
428 751 536 831 aliquis
566 749 604 810 ad
639 749 756 829 reliqua
784 769 845 811 non
873 750 1062 830 respondet?

140 835 188 895 vel
211 842 252 909 tu,
276 835 325 896 vel
339 832 723 896 AndreasOarolostadius
743 832 797 914 ¹)?
819 833 937 913 Ecquid
961 843 1063 896 cessat

140 917 355 981 Amsdorlius?
398 920 530 979 Annon
556 915 697 978 omnibus
719 916 807 978 vobis
830 918 944 998 pariter
960 917 1061 979 Evan-

140 1002 211 1082 gelii
233 1002 331 1082 gloria
353 1002 537 1063 vindicanda
561 1000 629 1061 est?
672 1000 772 1080 Caput
799 1000 899 1082 eg0²)
931 1003 1061 1063 contrivi

139 1085 307 1166 Serpentis,
331 1105 442 1167 corpus
466 1105 520 1146 cur
541 1104 602 1145 non
626 1085 746 1163 queatis
769 1084 911 1146 calcare?

223 1168 366 1249 Exempli
389 1171 505 1250 gratia,
536 1168 659 1249 quando
687 1167 760 1228 illud
781 1167 836 1228 Iob
857 1170 892 1231 9:
925 1168 1062 1229 Verebar

141 1253 245 1312 omnia
268 1272 362 1332 opera
385 1272 463 1332 mea,
486 1253 537 1313 ille
559 1253 603 1311 sic
625 1253 763 1330 exponit,
786 1250 929 1329 verebar,
951 1251 981 1311 id
1004 1259 1059 1330 est,

140 1334 364 1415 observabam,
405 1345 435 1398 et
467 1336 540 1397 illud
569 1334 825 1410 Psalm.143³):
868 1335 939 1396 Non
967 1336 1061 1396 intres

138 1421 168 1478 in
197 1417 342 1480 iudicium
374 1441 442 1481 cum
475 1439 565 1480 servo
596 1425 648 1478 tuo
672 1424 729 1483 etc.
753 1417 804 1478 nbi
840 1417 991 1498 propheta
1018 1420 1061 1479 iu·

140 1503 253 1562 dicium
275 1503 331 1563 Dei
357 1504 546 1585 deprecatur,
570 1500 652 1581 quod
675 1501 727 1561 ille
750 1503 878 1581 exponit
900 1503 960 1561 sic:
983 1503 1063 1562 Tota

139 1587 202 1645 vita
224 1585 280 1645 Dei
302 1589 435 1648 estsine
457 1594 602 1667 peccato,
632 1591 663 1645 et
695 1584 806 1645 nullius
837 1585 967 1645 bominis
998 1593 1062 1645 tota

140 1669 201 1727 vita
237 1678 283 1728 est
317 1671 382 1731 sine
417 1679 563 1751 peccato,
596 1686 670 1747 ergo
699 1687 760 1728 non
795 1668 860 1727 vult
893 1668 1060 1729 secundum

138 1753 234 1811 vitam
259 1753 314 1812 Dei
338 1754 473 1814 iudicari.
516 1755 623 1832 ltaque
655 1749 799 1811 iudicium
823 1750 879 1811 Dei
907 1751 956 1812 vel
989 1772 1060 1813 con-

138 1840 277 1914 spectum
301 1836 357 1896 Dei
385 1837 436 1898 ille
469 1838 561 1897 vitam
593 1835 650 1895 Dei
679 1834 759 1895 facit.
809 1834 867 1896 Ubi
897 1842 998 1896 autem
1028 1837 1059 1895 in

139 1917 302 1998 Scripturis
335 1922 380 1980 sic
407 1919 577 2001 accipitur?
619 1919 703 1996 Ergo
737 1917 837 1997 aliqua
874 1936 945 1997 pars
980 1920 1060 1979 vitae

139 2009 264 2062 nostrae
293 2010 354 2080 est,
393 2023 472 2083 quae
509 2000 609 2083 possit
640 2000 756 2061 dicere:
800 2001 896 2060 intres
925 2003 954 2061 in
986 2002 1059 2061 iudi-

140 2086 237 2160 cium,
272 2104 352 2165 quae
384 2086 502 2147 scilicet
542 2088 581 2146 sit
618 2085 656 2144 de
688 2103 816 2144 numero
856 2084 931 2156 alio,
967 2104 1058 2164 quam

139 2186 261 2242 eorum,
295 2170 345 2248 qui
379 2189 486 2230 omnes
524 2171 661 2228 viventes
692 2168 840 2230 dicuntur.
891 2169 1058 2228 espanes

137 2250 188 2310 ille
232 2250 373 2312 inducit?
417 2253 456 2313 ut
489 2252 594 2312 Patres
634 2270 695 2311 nou
738 2251 859 2311 fuerunt
895 2250 1058 2312 homines?

136 2333 248 2394 Nonne
270 2335 344 2395 istas
367 2338 492 2395 naenias
517 2343 547 2394 et
578 2333 691 2393 similes
715 2352 806 2413 quam
839 2334 983 2395 facillime
1005 2335 1058 2395 ali-

137 2417 205 2493 quis
230 2424 363 2477 vestrum
388 2419 545 2478 confutare
567 2415 687 2497 possit?
729 2416 877 2476 Iudicium
901 2418 956 2477 Dei
981 2437 1058 2498 opus

137 2499 195 2559 Dei
217 2507 273 2575 est,
297 2518 358 2579 quo
381 2521 442 2562 non
466 2521 552 2560 suam
576 2501 668 2560 vitam
692 2506 851 2578 comparat
873 2499 981 2575 nobis,
1004 2500 1057 2561 sed

136 2585 274 2643 nostram
316 2586 488 2661 examinat,
532 2583 645 2662 alioqui
686 2601 764 2661 quae
802 2581 993 2662 absurditas,
1028 2592 1059 2643 ut

136 2672 263 2726 aeterna
296 2669 357 2727 vita
391 2674 585 2748 comparetur
608 2664 866 2725 momentaneae?
901 2665 995 2725 Multa
1029 2674 1059 2726 et

135 2747 232 2809 ferme
255 2751 358 2810 omnia
379 2757 450 2811 sunt
472 2749 655 2811 huiusmodi.
699 2746 817 2808 Vellem
847 2749 926 2808 enim
950 2757 980 2807 et
1002 2769 1058 2809 vos

134 2830 251 2911 aliquid
274 2851 329 2910 pro
353 2832 447 2894 verbo
470 2833 586 2909 iacere,
620 2839 653 2892 ut
682 2850 741 2910 ego
763 2831 888 2890 feriatus
910 2837 940 2891 et
965 2831 1057 2911 vulgo

135 2915 249 2974 misero
273 2914 438 2994 aliquando
462 2917 575 2976 servire
598 2916 723 2993 possim.
757 2914 821 2974 Vos
838 2915 951 2975 tirones
966 2916 1057 2974 etiam

134 3002 260 3077 oportet
281 3000 428 3077 exerceri,
453 3007 545 3078 atque
567 2998 597 3058 id
617 2999 765 3078 optimum
783 2998 882 3074 fuerit,
905 3017 953 3057 me
975 3000 1059 3074 vivo,

134 3083 160 3140 si
185 3080 257 3159 quid
280 3081 359 3141 forte
381 3083 486 3142 iuvare
511 3101 632 3161 queam.
666 3081 726 3142 Sed
743 3099 870 3159 quaeso,
892 3100 929 3140 en
952 3082 1058 3160 accipe

133 3162 262 3240 librum,
298 3183 389 3240 quam
412 3165 534 3245 gaudeo
557 3164 641 3224 illurn
664 3163 745 3245 apud
769 3183 818 3222 me
840 3163 971 3242 amplius
995 3183 1057 3223 non

134 3247 259 3308 morari.
303 3247 381 3307 Vale
415 3268 454 3308 ex
488 3248 617 3309 Pathmo
641 3268 726 3325 mea,
762 3247 826 3311 XX.
850 3247 934 3307 lunii.
959 3246 997 3309 Μ.
1020 3247 1057 3311 Ι).

132 3329 215 3390 ΧΧΙ.

208 3539 240 3607 1)
262 3541 292 3593 ln
321 3540 365 3593 od.
394 3542 453 3595 Jen.
482 3542 583 3596 desunt
606 3541 705 3593 verba:
735 3540 778 3593 vel
798 3538 923 3592 Andreas
944 3537 1057 3593 Oarolo·

134 3612 250 3666 stadius.
287 3613 320 3679 2)
341 3613 462 3670 Ibidem:
482 3629 558 3682 ergo.
595 3611 627 3680 3)
650 3611 681 3665 In
701 3611 742 3664 ed.
765 3613 849 3680 orig.:
870 3610 911 3665 cl.
