2392 4170
442 267 522 328 Doct.
541 270 620 329 Mart.
639 269 718 331 Lnrh.
1003 275 1065 345 405

141 439 220 518 tum,
254 443 286 497 ut
324 443 355 498 st
391 438 546 500 communi
579 438 736 501 hominnm
772 440 874 500 sensui
902 447 1063 522 repugnet.

142 518 217 596 Quis
239 521 320 581 enim
350 540 411 583 non
435 521 556 599 rideat,
591 541 647 603 pro
669 521 729 583 fide
764 528 868 584 nostra
891 522 1063 585 Christiana

140 603 214 664 nihil
238 603 338 665 afferri
360 604 480 667 roboris
501 626 557 687 per
567 611 669 667 tantos
688 605 865 682 Samsonas,
889 607 946 667 nisi
965 608 1061 689 longi·

141 687 277 771 tudinem
312 695 484 769 temporum
514 694 545 749 et
578 690 741 750 multorum
771 690 927 750 hominum
950 691 1062 751 usum?

141 769 208 845 Qua
230 772 348 832 ratione
371 771 588 852 probabimus,
611 772 777 832 Turcarum
811 770 902 833 iidem
926 792 995 834 esee
1018 793 1061 835 er·

139 872 276 934 roncum,
300 873 379 934 quse
401 857 460 916 iam
485 855 524 916 ad
537 855 732 916 millesimum
750 855 814 915 fere
835 875 948 916 sunum
963 857 1063 933 durat,

138 944 210 996 ante
227 944 303 1016 orta,
326 958 417 1019 quam
440 937 606 1000 Germania
634 940 673 1000 ed
702 937 794 999 fidem
818 956 968 999 converse
991 940 1061 1000 est?

139 1020 186 1080 An
209 1020 270 1080 hoc
291 1023 365 1082 satis
387 1029 443 1102 est,
466 1021 559 1102 quod,
574 1023 645 1082 dum
659 1042 713 1102 per
730 1018 890 1083 intervalla
913 1029 1060 1082 terrerum

138 1105 247 1166 semoti
270 1125 331 1168 non
356 1107 495 1186 cogimur
521 1125 589 1166 cnm
612 1106 669 1166 illis
692 1105 864 1185 disputare,
886 1106 1006 1166 interim
1030 1107 1059 1165 iu

138 1187 249 1248 nostris
273 1188 403 1269 angulis,
427 1188 573 1269 quidquid
596 1190 695 1249 visum
726 1188 825 1264 fuerit,
849 1187 920 1249 licet
941 1191 1058 1269 nugari.

137 1269 188 1331 Sic
210 1277 241 1331 ot
262 1270 393 1334 ludaeos
415 1275 481 1353 qnia
504 1292 566 1334 non
590 1274 698 1333 merito
726 1271 868 1332 instificet
894 1271 983 1332 buius
1016 1273 1059 1331 irr-

138 1355 208 1414 victi
230 1354 409 1416 Thomistae
431 1356 597 1437 exemplo,
620 1374 688 1416 cum
722 1362 808 1416 tanta
835 1373 892 1415 nos
914 1360 1062 1436 superent

137 1436 328 1521 longitudine
349 1439 544 1520 temporum?

218 1520 259 1583 Et
280 1541 333 1584 cur
354 1529 464 1606 gentes
485 1542 540 1603 per
561 1520 666 1583 orbem
698 1539 810 1580 novam
834 1519 944 1581 Christi
966 1519 1057 1580 tidem

135 1623 197 1665 non
221 1605 359 1667 dicentur
390 1613 496 1667 autore
519 1605 651 1666 Henrico
680 1602 811 1684 Angliae
834 1604 942 1664 merito
965 1603 1058 1663 fnisse

136 1689 366 1769 persecutae¹),
389 1709 457 1751 cum
479 1687 622 1751 idolatria
642 1706 746 1748 eorum
771 1686 830 1746 hoc
851 1684 1057 1767 pulcherrimo

136 1780 167 1832 et
188 1771 464 1834 Thomisticissimo
498 1778 677 1854 argumento
701 1776 785 1830 recta
818 1777 848 1829 et
875 1788 951 1829 anna
980 1768 1056 1829 fides

133 1857 251 1915 censeri
273 1855 421 1935 debuerit,
436 1854 518 1936 quod
540 1861 588 1916 tot
608 1852 741 1914 millibus
762 1871 921 1928 annorum,
944 1858 990 1913 tot
1011 1872 1057 1912 re-

115 1938 274 2018 gionibus
296 1940 490 2020 populorum,
512 1946 574 1999 tam
598 1936 751 1998 constanti
774 1955 830 1995 usu
859 1934 1056 1996 firmabatur?

132 2021 235 2101 Atque
256 2020 365 2084 eodem
401 2022 533 2084 Hanrico
568 2020 715 2101 magistro
751 2019 915 2079 etiamnum
939 2037 1055 2078 assera·

133 2124 210 2184 mus,
232 2104 394 2186 impiorum
408 2107 565 2168 hominum
590 2122 709 2164 errores
732 2121 801 2163 esse
820 2120 927 2162 sanam
952 2100 1054 2178 tidem,

132 2187 214 2264 qnod
238 2187 276 2248 ab
299 2190 385 2250 initio
411 2188 515 2249 mundi
527 2187 649 2248 illorum
673 2186 824 2266 superarit
847 2183 1009 2245 multitudo
1026 2195 1056 2243 et

131 2267 313 2411 picturatas
336 2278 366 2330 ct
387 2273 526 2350 potantia
547 2272 666 2351 piorum
678 2270 864 2349 paucitatem
888 2274 918 2328 et
939 2267 1056 2348 ignobi·

144 2351 259 2414 itatem.
627 2369 631 2378 ¹

214 2433 354 2512 Summa,
377 2434 402 2494 si
424 2434 582 2495 hominum
613 2434 696 2494 dicta
727 2432 830 2493 valent
852 2431 998 2493 articulos
1022 2432 1056 2490 li-

131 2518 178 2578 dei
188 2517 234 2601 ²),
256 2537 311 2580 cnr
332 2535 395 2578 non
409 2523 439 2577 et
460 2535 530 2577 mea
547 2515 769 2577 verbalacinnt
792 2514 938 2575 articulos
961 2512 1055 2574 fidei?

131 2603 264 2663 Annon
293 2620 359 2661 sum
386 2599 512 2662 homo?
555 2598 634 2674 Quin
668 2616 751 2659 nova
773 2596 867 2678 Regis
901 2599 1056 2677 sapientia

132 2704 240 2746 omnes
262 2684 402 2744 homines
434 2683 570 2744 omnium
606 2681 764 2741 hominum
799 2678 900 2739 verbis
931 2679 1056 2740 credere

130 2786 289 2849 cogamus.
319 2767 359 2826 ut
379 2767 446 2849 ipse
458 2766 526 2827 Rex
548 2783 683 2845 quoqne,
706 2762 868 2824 utlavetnr
884 2780 956 2822 cure
979 2764 1054 2822 scri·

132 2851 234 2932 bendi,
256 2855 403 2928 sequntur
429 2869 517 2910 suum
544 2848 726 2929 principium
755 2851 785 2906 et
822 2843 922 2905 dicet:
953 2845 1055 2929 Homo

131 2953 208 3014 sum,
232 2934 283 3013 qui
305 2933 350 2993 sic
372 2932 492 3013 loquor,
515 2949 589 3011 ergo
613 2936 735 3012 oportet
757 2928 802 2988 sic
825 2947 905 3006 esse,
926 2947 1055 3009 nonpo-

131 3022 193 3077 test
216 3016 305 3077 aliter
326 3034 404 3082 esse.
448 3015 558 3093 Stulte,
580 3013 708 3074 ridicula
736 3019 767 3074 ct
789 3011 949 3073 verissime
972 3011 1053 3072 Hen-

130 3100 247 3160 rioiane
268 3104 299 3160 et
319 3098 510 3161 Thomirtica
532 3104 603 3159 sunt
623 3097 710 3172 haec,
735 3096 821 3175 quasi
843 3113 893 3155 res
915 3094 1054 3174 spiritua-

131 3181 167 3243 lis
191 3182 345 3243 metienda
367 3183 406 3243 sit
429 3180 722 3262 praescriptionibus
751 3185 923 3260 temporum
948 3184 979 3237 et
1000 3196 1055 3237 usu

132 3271 184 3324 aut
195 3266 259 3326 iure
274 3265 442 3342 hominum,
465 3262 645 3326 confundus
659 3271 711 3323 aut
728 3269 847 3343 pratum
864 3260 989 3341 aliquod
1006 3262 1055 3345 sit.

214 3347 352 3423 Quodsi
376 3347 519 3422 dixerint,
543 3366 629 3407 suam
641 3345 917 3427 praescriptionem
939 3346 969 3404 in
994 3343 1056 3403 hoo

131 3428 253 3492 differre
275 3430 315 3491 ab
336 3430 458 3492 illorum
481 3429 734 3512 praescriptione,
759 3428 840 3508 quod
864 3428 1054 3508 Papistarum

132 3514 170 3573 sit
192 3533 233 3575 ex
254 3511 369 3594 Spiritu
391 3520 514 3592 sancto,
535 3514 656 3575 illorum
679 3531 718 3572 ex
737 3511 922 3591 hominibus,
946 3509 1056 3571 ridebit

203 3713 231 3780 1)
250 3711 282 3767 ln
299 3710 343 3768 sd.
362 3712 448 3783 origo
476 3717 645 3782 persecutas.
692 3712 725 3781 2)
746 3674 779 3769 Iu
797 3709 841 3767 ed.
861 3711 933 3766 lem:
962 3707 1056 3766 valent

131 3781 170 3839 ad
187 3782 321 3842 articulos
337 3779 406 3843 fidei
424 3783 594 3844 condendos.
