2392 4170
133 262 198 330 126
484 256 710 333 neasmgnus

135 455 206 497 cnm
227 434 348 516 perdita
363 433 416 493 illa
439 434 614 511 securitate,
636 433 774 512 quasise
794 432 905 495 timore
915 432 1058 510 vivimus,

136 522 225 599 quasi
247 520 321 578 nihil
342 516 383 577 ad
406 535 463 576 nos
483 519 542 576 ista
564 515 762 596 pertineant?
782 526 816 574 ut
836 525 930 576 antea
949 515 1058 596 imple·

134 622 223 663 amus
245 621 293 680 ea,
316 619 408 681 quam
430 618 673 680 cognoscamus,
695 602 774 658 sicut
794 597 900 660 ludaei
922 601 1057 680 proplie-

133 694 234 745 tarum
258 703 351 745 voces
373 686 597 764 impleverunt,
630 681 740 742 eadem
762 686 950 759 securitate,
971 692 1058 743 ante·

135 786 227 848 quam
249 776 475 849 cognoscerent
496 767 649 827 Christum
672 766 897 846 crucifigentes.

216 851 381 913 Firmnnda
408 854 513 933 itaque
541 862 588 909 est
609 853 798 910 conscientia
828 850 976 910 adversus
998 853 1059 910 ista

135 935 280 1013 obiecta,
302 944 334 994 et
356 935 457 994 verbis
478 934 590 993 divinis
611 944 789 993 constanter
818 934 1059 1010 adhaerendum,

135 1036 215 1098 quae
250 1018 381 1100 docent,
416 1017 622 1077 sacerdotium
657 1019 849 1077 missatitium
882 1036 951 1076 esse
982 1017 1059 1077 nihil

135 1119 239 1162 coram
253 1101 330 1179 Deo,
352 1112 387 1160 ut
408 1103 513 1160 videas
536 1103 567 1160 in
585 1101 644 1159 lrac
659 1102 827 1160 novissima
843 1102 1060 1180 persecutione

134 1187 300 1261 ecclesiae,
328 1187 377 1244 cui
406 1185 513 1244 similia
534 1201 636 1262 neque
668 1184 725 1243 fuit
750 1203 851 1263 neque
878 1185 979 1243 lutura
1000 1190 1058 1263 est,

133 1268 211 1328 iram
233 1280 265 1328 et
284 1270 461 1349 patientiam
485 1266 589 1326 divina
605 1268 764 1327 maiestate
786 1270 921 1347 dignam,
943 1276 1059 1327 utram-

134 1368 196 1430 qne
207 1353 473 1411 inaestimabilem.
511 1350 741 1412 Inaestimabile
763 1361 811 1410 est
825 1353 917 1430 enim,
938 1360 1058 1411 tantum

133 1435 299 1515 impietatis
328 1435 456 1493 abusum
481 1433 618 1513 quotidie
644 1453 664 1492 a
691 1433 757 1494 Deo
786 1435 856 1494 ferri
883 1453 938 1514 per
958 1441 1057 1494 totum

135 1519 241 1578 orbem
262 1520 294 1578 in
316 1519 523 1577 sacratissimo
547 1527 578 1577 et
598 1516 799 1577 saluberrimo
823 1517 968 1597 mysterio
991 1535 1058 1576 cor·

134 1604 219 1682 poris
241 1607 273 1661 st
298 1602 456 1679 sanguinis
483 1600 550 1659 Filii
577 1601 639 1677 sui,
661 1602 779 1660 scilicet
809 1601 922 1661 ultimis
950 1599 1058 1660 diebus

133 1688 214 1744 hanc
235 1685 413 1764 patientiam
435 1686 613 1746 reservavit.
649 1682 698 1745 lla
721 1692 752 1745 et
761 1683 986 1744 inaestimabile
1000 1691 1058 1763 est,

134 1773 252 1827 tantum
281 1767 435 1827 turbarum
464 1766 602 1846 quotidie
629 1767 731 1847 perdi,
761 1774 792 1827 et
822 1768 903 1827 hanc
935 1783 1059 1845 qnoque

134 1850 210 1912 uam
223 1851 336 1910 ultimis
358 1849 466 1910 dicbus
478 1853 674 1931 praeparavit
695 1853 734 1911 ad
755 1850 962 1911 inchoandam
980 1850 1058 1910 iram

133 1933 217 1995 illam
227 1942 385 1994 aeternam
399 1935 540 1993 instantis
551 1934 664 2000 indicii.
695 1933 736 1993 Et
748 1936 806 1993 lieu
829 1952 886 1994 nos
900 1934 1060 1994 novissimi

134 2026 166 2078 ct
188 2020 348 2078 miserrimi
369 2016 470 2077 adhuc
491 2035 597 2077 secure
609 2021 739 2098 agimus,
760 2027 791 2077 et
812 2015 912 2078 Deum
934 2017 1060 2096 placare

133 2099 263 2179 aliisque
284 2098 444 2160 nobiscum
463 2102 572 2161 mereri
595 2105 715 2161 coelum
728 2103 944 2181 promittimus,
967 2100 1059 2159 tantis

133 2184 300 2266 impietatis
323 2186 508 2244 novissimae
529 2186 780 2245 exsecramentis.

218 2267 383 2327 Horribilia
404 2275 490 2344 sunt,
518 2286 598 2347 quae
624 2269 752 2349 loquor,
782 2269 897 2327 utinam
920 2268 1060 2345 mentiar,

135 2349 190 2412 sed
212 2353 302 2410 nimis
325 2370 397 2410 vera
418 2362 499 2413 sunt.
542 2352 610 2411 stat
637 2355 718 2412 enim
746 2350 964 2431 irrefragabilis
987 2368 1059 2410 scn-

133 2437 244 2511 tsntia,
266 2436 443 2495 secerdotes
466 2436 600 2495 visibiles
634 2445 665 2496 st
684 2455 703 2495 a
724 2433 823 2495 Laicis
858 2436 997 2494 diversos
1027 2435 1058 2495 in

132 2518 428 2578 novc¹l¹cstamento
451 2519 554 2579 nullos
577 2538 648 2578 esse
671 2536 774 2600 posse,
797 2519 849 2597 qni
862 2528 963 2576 autem
979 2525 1059 2592 sunt,

134 2603 201 2662 sine
223 2605 400 2663 testimonio
423 2602 644 2682 Scripturarum
668 2606 795 2686 sineque
818 2603 983 2661 vocatione
1003 2601 1060 2660 Dei

134 2704 213 2750 esse.
255 2685 324 2746 Hoc
345 2686 418 2765 quid
448 2698 495 2744 est
517 2687 610 2763 aliud,
642 2705 733 2766 quam
758 2706 797 2745 ex
820 2683 944 2745 diabolo
968 2682 1060 2744 esse?

133 2767 233 2829 Nemo
257 2770 337 2829 enim
360 2770 488 2829 assumit
509 2770 566 2828 sibi
590 2772 756 2847 honorem,
780 2766 834 2828 sed
858 2770 907 2846 qui
932 2775 1060 2827 vocatur

135 2853 259 2930 aDe0,
282 2855 361 2912 sicut
383 2855 505 2933 Aaron,
527 2852 620 2913 Hebr.
643 2858 672 2918 ὁ.
717 2851 796 2927 Quid
820 2853 912 2930 igitur
934 2851 1060 2910 consilii

133 2943 275 3016 superest
296 2936 507 2996 sacerdotibus
522 2938 682 3014 eiusmodi,
705 2938 763 2995 nisi
779 2944 810 2994 ut
823 2953 914 3014 quam
928 2936 1058 3014 primum

131 3021 330 3099 resipiscant,
353 3029 384 3079 et
406 3022 593 3100 poeniteant,
616 3021 716 3080 Missis
738 3019 922 3095 abstineant,
944 3026 975 3076 et
999 3036 1059 3077 rur·

133 3121 184 3162 sus
208 3103 277 3162 laici
298 3104 388 3182 liant,
418 3111 471 3163 aut
493 3103 600 3163 Missas
627 3105 764 3183 legitimo
795 3122 850 3161 usu
881 3103 983 3161 lacera
1016 3099 1058 3159 di-

134 3197 232 3261 scant,
254 3203 315 3264 quo
339 3207 378 3248 ex
400 3189 547 3266 voragine
560 3188 613 3247 illa
635 3190 699 3247 irae
724 3187 779 3246 Dei
809 3202 877 3244 sese
899 3185 1060 3264 recipiant,

134 3270 237 3348 quoad
264 3269 330 3329 lieri
358 3278 460 3350 potest
488 3270 654 3333 celerrime.
698 3271 822 3348 Eligant
847 3271 951 3346 itaque
980 3285 1062 3327 nunc

133 3353 234 3412 insani
262 3353 426 3433 sophistae
453 3362 484 3412 et
516 3353 676 3433 Papistae,
714 3363 814 3414 utrum
854 3352 973 3427 velint,
1009 3358 1063 3410 aut

133 3444 305 3495 monstrent
325 3456 413 3496 suum
437 3437 642 3498 sacerdotium
668 3437 888 3516 eScripturis,
911 3442 963 3494 aut
985 3433 1060 3494 fate-

134 3527 225 3579 antur
246 3536 315 3579 sesc
338 3521 412 3580 nihil
434 3519 516 3580 aliud
540 3520 757 3600 quamdiaboli
783 3521 883 3579 larvas
915 3524 947 3577 et
975 3516 1060 3577 idola

134 3602 314 3684 perditionis
345 3623 423 3664 essa.
467 3602 558 3679 Quod
581 3607 662 3666 enim
686 3623 703 3664 e
726 3605 888 3681 scripturis
911 3601 1060 3661 autorita-

134 3694 196 3748 tem
219 3688 396 3767 nonhabet,
420 3688 697 3750 manifestissimum
711 3698 758 3749 est
773 3706 814 3748 ex
829 3685 955 3746 diabolo
979 3702 1059 3746 esse.

134 3769 246 3837 Omnia
268 3775 348 3834 enim
371 3770 427 3832 Dei
450 3791 546 3855 opera
566 3775 596 3835 in
613 3772 775 3857 Scripturis
798 3771 913 3833 sanctis
936 3766 1060 3853 prodita
