2392 4170
438 259 570 320 ministris
589 258 735 320 eoolaslss.
990 256 1052 326 503

132 437 293 520 autquasi
316 454 378 500 non
400 435 551 498 invenerit
572 435 668 498 semel
691 442 847 498 aeternam
869 433 1053 516 redemptio·

98 532 101 538 '
131 543 219 601 nem,
241 523 300 604 ipsi
323 519 461 601 quotidie
484 519 659 581 saorifioant
681 539 791 602 oorpus
814 528 844 583 et
872 520 1054 600 sanguinem

131 605 257 668 infinitis
280 605 356 667 loois
382 624 436 685 per
450 604 566 668 orbam.
600 604 640 665 Et
656 604 717 667 hoo
737 605 888 667 saerifleio
911 622 967 663 suo
986 620 1054 682 pro-

134 692 256 750 mittuut
287 689 500 749 remissionem
534 692 748 768 peoaatorum,
783 709 844 749 non
887 694 1055 766 aeternam,

133 773 188 835 aad
210 771 347 853 quotidie
366 770 547 835 iterandam.
592 770 679 846 Quae
710 771 899 834 abominatio
929 774 1055 851 superat

135 876 257 919 omnem
280 874 413 918 sensum.
457 852 537 929 Quid
561 857 641 915 enim
664 863 712 916 est
738 856 799 916 hoa
831 853 912 916 aliud
945 853 1056 932 faeere,

135 959 226 1021 quam
248 939 374 999 nomine
402 939 470 1017 ipso
503 938 626 1017 quidem
650 937 760 999 Christi
784 938 973 999 oblationem
996 937 1057 996 iao-

135 1031 210 1098 tare,
232 1021 286 1082 sed
308 1041 415 1082 revera
436 1021 534 1102 ipsam
558 1021 680 1100 penitus
709 1042 823 1101 negare
851 1027 881 1082 et
910 1017 1058 1081 abolere?

137 1105 302 1183 Quomodo
336 1106 417 1165 enim
460 1104 549 1166 simul
582 1123 707 1184 possum
741 1105 803 1166 fida
836 1104 930 1165 oblati
963 1101 1057 1162 semel

138 1189 249 1250 Christi
272 1196 470 1269 peecatorum
483 1191 650 1248 'aeternam
666 1189 877 1250 remissionem
901 1185 1060 1269 possidere

139 1282 170 1334 et
192 1271 283 1333 simul
310 1271 447 1351 quotidie
475 1273 585 1332 iterato
615 1272 764 1333 saarifioio
788 1271 879 1333 aliam
909 1276 940 1331 et
967 1269 1059 1329 aliam

137 1355 348 1417 remissionem
372 1353 540 1435 quaerere?
583 1353 614 1416 Si
644 1357 723 1415 enim
756 1355 867 1435 oredo,
900 1352 973 1414 mihi
1006 1370 1062 1432 per

138 1438 234 1501 semel
256 1436 392 1500 oblatum
416 1437 568 1498 Christum
591 1445 722 1518 peooata
751 1441 987 1520 inperpetuum
1017 1454 1061 1494 re-

139 1524 250 1599 missa,
278 1539 340 1582 non
363 1539 490 1602 possum
513 1520 614 1582 denuo
638 1541 785 1602 quaerere
818 1521 879 1582 alio
910 1517 1061 1580 saorifioio

139 1605 362 1668 remissionem.
392 1603 424 1665 Si
447 1608 549 1665 autem
572 1604 750 1685 quotidiano
775 1603 924 1666 soorifioio
948 1619 1062 1682 quaero

140 1688 368 1763 remissionem,
390 1705 519 1748 neeesse
540 1695 587 1748 est
609 1694 641 1748 ut
664 1695 770 1768 pereat
793 1687 886 1765 fides,
907 1704 987 1767 quae
1009 1703 1064 1764 per

140 1769 235 1831 semel
259 1768 394 1832 oblatum
418 1770 570 1831 Christum
599 1771 696 1832 oredit
717 1773 820 1833 omnia
842 1774 972 1851 peooata
994 1786 1067 1839 mea

141 1854 293 1915 exhausta
317 1872 385 1913 esse
406 1855 437 1912 in
460 1860 645 1917 aeternum.-

223 1935 341 1996 Videtis
369 1954 443 2017 ergo
473 1936 539 2014 hio,
577 1955 666 2016 quam
694 1937 831 1998 horribili
863 1933 1064 2015 perversitate

140 2021 191 2081 isti
219 2018 374 2081 saarifloes
406 2020 463 2080 sub
496 2019 620 2080 nomine
643 2021 755 2081 Christi
783 2019 872 2080 nobis
912 2017 1064 2079 Christum
1139 2056 1150 2070 .

142 2103 329 2165 sustulerunt
350 2105 381 2163 in
407 2109 505 2164 totum
536 2122 605 2163 oum
627 2104 770 2164 universo
793 2121 889 2182 regno
912 2119 969 2160 suo
989 2106 1019 2159 et
1033 2099 1064 2159 in

143 2187 246 2247 loeum
270 2188 334 2246 eius
357 2206 444 2246 suum
468 2188 624 2267 proprium
648 2206 736 2269 opus,
760 2205 846 2246 suum
869 2182 1066 2260 sacrificium,

143 2288 230 2330 suum
259 2270 415 2328 inventum
438 2275 624 2347 statuerunt,
648 2273 727 2332 siout
755 2270 892 2331 Christus
926 2264 1066 2348 praedix-

142 2350 227 2432 itt),
248 2351 509 2434 abominationem
533 2359 680 2413 staturam
702 2355 733 2412 in
761 2353 831 2413 loeo
849 2357 968 2412 sanato.
1009 2348 1068 2408 Hio

144 2436 225 2496 onim
249 2435 342 2495 aurrit
364 2435 489 2493 verbum
513 2433 639 2494 Christi:
682 2433 772 2496 Multi
803 2436 926 2495 venient
952 2433 983 2491 in
1015 2450 1067 2491 no·

146 2520 228 2579 mine
249 2537 330 2597 meo,
353 2515 507 2596 dieentes:
549 2515 618 2596 Ego
652 2536 719 2577 sum
742 2516 890 2580 Christus.
933 2514 982 2575 An
1005 2533 1067 2574 non

144 2601 188 2662 illi
210 2606 281 2662 sunt
302 2599 451 2678 Christus,
472 2599 543 2658 dum
567 2618 623 2659 sno
647 2598 796 2660 saorifioio
820 2598 1000 2679 quotidiano
1024 2603 1070 2656 tot

146 2683 268 2745 milibus
291 2682 367 2742 loois
389 2683 499 2744 iterato
532 2681 563 2742 id
592 2682 792 2762 pollicentur,
825 2681 908 2760 quod
932 2680 1069 2741 Christus

146 2767 240 2827 semel
265 2767 356 2828 unioa
378 2765 480 2826 hostia
501 2764 586 2825 solus
620 2765 747 2827 effeoit'?
787 2763 901 2827 Nonne
934 2762 996 2824 hoa
1024 2766 1071 2822 est

147 2849 239 2910 fidem
261 2869 280 2910 a
302 2855 390 2929 petra
413 2849 559 2925 veritatis,
582 2866 661 2928 quae
684 2850 714 2910 in
740 2847 861 2908 Christo
884 2851 940 2924 est,
964 2844 1072 2907 tollere

149 2939 181 2993 et
201 2951 293 3013 super
315 2950 439 2991 arenam
463 2930 615 2991 mendacii
637 2932 761 2993 humani
784 2927 968 2991 aedifioara?

231 3014 381 3074 Videmus
405 3016 518 3094 itaque,
540 3013 646 3094 quales
668 3015 744 3076 fiant
764 3033 819 3094 par
842 3010 965 3073 ordines
988 3010 1074 3092 papi-

149 3099 244 3160 stioos
266 3094 460 3178 saoardotes,
493 3115 556 3157 non
585 3101 690 3180 utique
713 3092 890 3158 sacerdotes
912 3095 988 3173 Dei,
1019 3092 1072 3153 sad

150 3181 327 3242 sooerdotes
350 3180 495 3256 Satanae,
518 3186 635 3243 tantum
657 3188 690 3242 ut
711 3181 863 3243 Christum
881 3175 1073 3256 conculcent,

151 3266 215 3326 eius
237 3263 418 3326 saorifloium
442 3263 604 3341 aboleant,
632 3285 665 3326 sa
688 3283 761 3326 vero
783 3262 839 3324 sub
863 3262 986 3323 nomine
1008 3259 1074 3319 eins

153 3347 311 3407 venditent
340 3353 370 3406 et
396 3349 426 3406 in
449 3366 505 3406 aua
527 3347 679 3409 sacrificia
701 3347 797 3408 fidere
828 3345 970 3406 doceant.
1014 3340 1075 3404 Ita-

151 3431 294 3511 quoiam
317 3447 378 3489 non
402 3435 448 3489 est
477 3431 633 3509 quaestio,
672 3450 710 3492 an
743 3430 836 3490 liaeat
869 3448 886 3488 a
916 3425 1076 3506 Papistiois

151 3512 274 3576 ordines
313 3530 419 3573 saeros
451 3521 558 3609 petere
592 3521 623 3575 et
654 3515 827 3595 suscipere,
860 3510 916 3572 sed
951 3508 1078 3570 definita

153 3596 306 3660 sententia
328 3600 391 3677 est,
421 3614 572 3675 nusquam
594 3599 693 3659 minus
716 3595 839 3659 ordines
863 3613 969 3656 saeros
1005 3610 1076 3652 oon·

229 3786 261 3861 ·)
283 3783 379 3843 naon.
399 3783 443 3842 24.
