2392 4170
258 234 367 294 Bullsm
387 236 470 308 beon.
490 238 521 289 X.
550 211 672 294 damnet
692 253 716 294 rs
738 237 818 299 1520.
954 234 1015 305 1²91

85 401 133 455 tur
160 393 191 454 in
214 389 436 473 ludaismo?*)
482 391 577 467 Quasi
610 410 683 455 vero
710 394 802 459 etiem
835 412 917 455 nune
954 411 1015 456 nou

84 477 244 537 videamus
279 474 428 555 quosdam
468 477 692 556 impensissime
730 478 818 540 bonis
860 476 1017 539 intendere

85 563 169 627 vitoe
190 558 315 638 studiis,
348 567 378 619 et
400 567 500 619 tumen
534 560 714 638 gravissime
737 579 852 638 errare,
888 569 920 620 et
939 561 1017 620 siout

84 643 199 705 Paulus
224 643 261 701 de
278 641 399 707 Indaeis
420 642 579 719 diplomi:
599 642 705 704 Zelum
728 643 786 707 Dei
808 644 931 721 habent,
953 662 1016 704 sss-

84 727 182 788 tendo
204 726 368 803 iustitiam,
401 732 432 786 et
463 734 565 787 tamen
600 725 640 787 sd
673 728 819 789 iustitiam
855 745 917 790 nou
951 745 1017 807 per·

85 809 250 888 veniendo.
293 809 360 869 Vns·
383 808 481 884 nobis,
505 810 555 887 qui
587 808 675 870 uobis
699 810 737 871 de
758 811 827 875 luoe
848 810 1016 890 ploremus,

84 894 196 955 ethes
218 891 360 963 tenebras
383 892 481 956 luoem
504 892 711 972 appellemus,
743 902 774 955 et
802 891 944 959 homiues
969 911 1017 955 se·

85 995 177 1040 euros
206 976 334 1037 feoimus
366 977 518 1039 exstineto
542 977 600 1037 Dei
628 976 748 1039 timore.
791 977 897 1040 Sancti
918 978 1019 1058 gretie

85 1060 248 1122 illuminati
270 1059 414 1138 ignorare
437 1078 506 1123 sese
537 1057 721 1123 confitentur
742 1060 853 1123 delicie
876 1080 951 1140 sus,
987 1067 1019 1121 et

85 1163 144 1207 uos
167 1143 276 1204 borum
305 1143 464 1203 seientiam
489 1142 650 1209 tribuimus,
674 1146 726 1222 iis,
760 1146 811 1224 qni
835 1146 1018 1206 serotinos

86 1235 168 1306 sunt,
191 1235 227 1296 et
244 1233 315 1287 sote
338 1227 467 1306 gretiam
484 1229 654 1307 poenitent,
678 1247 732 1289 seu
745 1229 846 1308 potius
861 1229 1018 1308 poeniteu-

86 1312 160 1371 tiam
180 1309 309 1388 fingunt

173 1393 278 1458 Fuisse
300 1397 401 1452 autem
423 1393 454 1450 in
477 1393 630 1472 primitive
652 1393 784 1454 eoolesis
801 1394 900 1454 solum
925 1394 1017 1453 meni·

85 1478 164 1538 fest-e
187 1476 331 1536 mortalis
353 1475 598 1536 confessionibus
620 1481 759 1555 tractata,
791 1479 864 1538 sniis
888 1477 1020 1556 probent

86 1560 240 1642 epistolae
262 1559 362 1636 Pauli,
397 1558 520 1618 Petrum
547 1560 662 1639 seripts
683 1569 713 1621 et
744 1561 905 1636 historiae,
941 1579 1017 1639 ques

86 1648 112 1704 si
135 1642 224 1704 Bulla
246 1650 308 1703 tem
331 1642 523 1722 impudenter
545 1642 691 1704 damnare
714 1645 816 1723 sudet,
846 1662 903 1704 sno
925 1644 1017 1724 genio

87 1727 182 1807 digno
204 1727 285 1787 feeit.
328 1725 397 1804 Ego
433 1727 470 1787 de
501 1726 547 1786 his
576 1727 754 1788 mortalibus
786 1729 906 1789 loeutus
940 1747 1017 1805 sum,

86 1828 169 1890 quse
190 1817 243 1870 eut
276 1808 343 1870 aliis
364 1817 418 1869 sut
448 1810 505 1870 sibi
527 1813 689 1871 manifeste
718 1820 803 1891 sunt,
837 1822 869 1871 ut
891 1811 965 1871 sel-is
987 1811 1018 1870 in

87 1892 354 1974 propositionibus
385 1899 416 1953 et
446 1893 534 1953 dietis
563 1897 639 1955 meis
662 1903 755 1975 petet.
801 1895 887 1956 Bulls
916 1901 1017 1954 entem

84 1978 234 2040 insidiose
256 1977 421 2056 loquitur„
439 1995 476 2037 so
498 1978 522 2036 si
555 1977 593 2038 de
615 1981 688 2039 solis
717 1979 848 2060 publiois
879 1978 1016 2038 omnium

87 2081 181 2123 sensu
205 2060 336 2140 oognitis
359 2059 466 2120 luerim
489 2060 618 2126 loeutus.

353 2220 374 2243 s
485 2227 631 2289 Nouus:

154 2346 231 2405 Dum
254 2345 396 2406 volumus
420 2347 525 2406 omnis
552 2366 626 2427 pure
648 2345 804 2422 confiteri,
839 2345 913 2405 nibil
936 2344 1018 2405 alind

151 2429 290 2509 issimus,
320 2448 413 2510 quem
436 2426 519 2509 quod
542 2429 769 2491 misericordiae
792 2430 849 2490 Dei
871 2429 944 2489 nibil
966 2446 1020 2490 vo·

152 2512 252 2572 lnmus
273 2512 445 2592 relinquere
465 2513 698 2594 ignoscendum.

173 2648 232 2710 Sed
257 2655 344 2727 eant,
380 2669 507 2729 quaeso,
531 2650 667 2711 Bullsres
689 2651 739 2711 isti
761 2651 964 2734 poenitentes3
988 2655 1019 2709 et

88 2733 194 2794 omnis
217 2752 292 2812 pure
314 2733 535 2809 confiteantur,
568 2733 703 2813 nihilque
725 2734 898 2811 relinquent
918 2733 1019 2810 ignos-
1079 2739 1081 2742 ’

88 2816 220 2878 sendum
244 2816 365 2881 diuinae
389 2817 628 2894 misericordiae,
654 2826 686 2879 et
708 2815 917 2898 respondeant
937 2814 1020 2894 mibi,

88 2899 214 2981 quando
237 2900 297 2961 sint
319 2920 428 2981 paoem
447 2901 656 2963 eonscientiae
672 2900 813 2981 babituri,
834 2907 865 2961 et
887 2917 947 2980 qus
970 2899 1020 2962 vie

88 2984 234 3046 iudicium
258 2983 314 3044 Dei
346 2987 406 3046 sint
428 2985 569 3049 evasuri?
612 2986 785 3065 facientque
809 2983 908 3045 David
938 3001 1020 3047 meu·

89 3069 210 3146 dasem,
233 3067 283 3128 ubi
306 3067 490 3144 dioit***l:
533 3070 602 3130 Non
615 3071 707 3129 intres
729 3071 759 3133 iu
781 3068 925 3134 iudioium
949 3085 1017 3129 oum

88 3171 180 3216 servo
202 3159 267 3230 tuo,
290 3153 465 3217 etiterum:
490 3154 608 3215 Deliotu
626 3155 693 3233 quis
707 3151 867 3232 intelligit?
890 3151 1020 3218 Currant

87 3239 147 3317 ipsi
168 3236 200 3296 in
222 3234 378 3310 iudicium,
400 3244 431 3297 et
453 3237 625 3317 intelligent
645 3239 750 3315 omnis
764 3255 820 3297 sue
842 3235 963 3312 doliola,
986 3240 1020 3297 ut

88 3320 146 3385 soli
169 3321 230 3379 sint
252 3339 387 3397 remees,
409 3339 467 3381 nos
488 3320 618 3383 libenter
640 3341 708 3382 oum
732 3320 832 3385 David
855 3318 1019 3389 mendasse

87 3403 301 3481 diluerimus,
334 3411 449 3465 elnon
472 3424 565 3485 posse
597 3407 805 3485 omniepnrs
838 3403 1019 3483 inlelligere,

88 3508 148 3550 neo
167 3487 306 3548 confiteri
325 3486 437 3551 deliots
455 3495 632 3551 oonstanter
644 3508 827 3567 asseremus,
850 3497 881 3555 ul
903 3489 1020 3566 relique

126 3757 153 3825 ⁸)
173 3754 260 3811 snat.
280 3760 305 3814 1.
344 3758 388 3824 *u
408 3759 503 3812 soma.
523 3760 548 3813 o.
586 3759 656 3828 ru),
666 3758 770 3816 Psslnr
781 3761 842 3818 143.
861 3759 1018 3815 niumm.
