2392 4170
192 239 256 308 240
502 237 545 297 De
563 241 637 297 votis
654 239 816 297 monasticis

195 404 299 468 movit.
334 403 445 464 Nonne
467 412 586 464 centum
610 403 689 464 filios
726 425 808 465 nunc
835 404 1115 482 mallesamisisne,

195 505 285 566 quam
310 487 370 547 hoc
391 485 504 546 bonum
528 507 590 548 non
615 488 749 548 vidisse?
784 488 913 549 Videtur
935 489 1006 547 mihi
1030 487 1116 563 Sata·

195 590 250 631 nse
273 590 291 631 a
313 571 442 649 pueritia
464 592 532 631 mea
545 571 659 650 aliquid
681 574 711 631 in
736 570 1118 651 mepraevidisseeorum,

195 673 273 733 quae
295 657 508 733 nunopatitur,
533 655 602 715 ideo
626 655 664 714 ad
677 655 875 735 perdendum,
897 656 935 715 ad
951 654 1119 735 impedien-

195 739 327 816 dumque
351 757 399 796 me
420 739 565 797 insanivit
575 737 802 798 incredibilibus
815 739 974 814 nraohinis,
996 746 1034 798 ut·
1050 756 1117 796 sae·-

195 822 262 900 pius
295 821 398 879 t'uerim
432 820 615 898 admiratus,
647 841 748 901 egone
784 823 868 882 solus
898 841 996 882 essem
1037 823 1122 881 inter

196 905 350 981 mortales,
373 901 462 982 quem
485 911 613 984 peteret.

278 1003 382 1064 Voluit
404 1011 505 1064 autem
523 1005 665 1064 dominus
689 1010 741 1082 (ut
764 1004 974 1087 nuncvideo)
998 1004 1121 1065 Acade-

197 1088 323 1147 miarum
347 1088 512 1165 sapientias
536 1092 567 1148 et
579 1092 833 1149 monasteriorum
847 1091 1024 1148 sanctitates
1049 1107 1120 1167 pro·

194 1173 261 1250 pria
290 1177 320 1230 et
351 1175 433 1230 certa
456 1166 656 1251 experientia,
690 1173 749 1232 hoc
778 1183 833 1250 est,
858 1173 957 1231 multis
979 1173 1121 1252 peccatis

196 1261 226 1314 et
247 1254 454 1333 impietatibus
478 1255 549 1314 mihi
565 1264 655 1315 notas
677 1256 752 1327 fieri,
778 1275 815 1316 ne
828 1257 928 1335 impiis
942 1255 1121 1314 hominibus
1149 1247 1160 1262 ’

196 1339 320 1397 occasio
355 1337 442 1397 fieret
472 1339 501 1396 in
543 1340 673 1398 saturum
712 1340 918 1399 adversarium
953 1337 1121 1418 gloriandi,

196 1418 278 1499 quod
302 1422 408 1500 ignota
431 1421 617 1486 damnarem.
663 1422 756 1502 Igitur
780 1423 841 1482 vixi
864 1421 1032 1482 monachus
1056 1441 1121 1483 non

195 1507 258 1563 tine
281 1513 411 1582 peccato
434 1504 567 1584 quidem,
591 1505 644 1564 sed
669 1508 735 1565 sine
757 1507 892 1584 crimine,
918 1525 986 1564 nam
1010 1509 1122 1586 impic-

195 1606 245 1648 sas
269 1597 299 1646 et
319 1588 512 1668 sacrilegium
542 1589 572 1648 in
595 1608 691 1669 regno
715 1590 815 1669 Papae
838 1608 894 1668 pro
917 1607 1038 1649 summa
1058 1589 1111 1668 pie

195 1677 258 1731 tate
280 1670 438 1748 habentur,
461 1671 573 1731 nedum
597 1675 722 1732 crimina
745 1680 915 1734 censentur.

279 1769 358 1845 Quid
380 1773 470 1852 igitur
493 1791 572 1832 nunc
596 1774 734 1853 cogitas?
757 1775 803 1833 An
826 1773 927 1833 adhuc
948 1793 996 1832 me
1019 1779 1123 1834 extra·

195 1854 273 1915 hes?
297 1855 400 1915 adhuc
422 1857 501 1915 enim
525 1875 634 1935 parens
658 1877 702 1938 es,
732 1856 831 1916 adhuc
858 1877 916 1937 ego
938 1855 1018 1915 iilius
1040 1876 1122 1936 sum,

195 1948 226 1998 et
261 1946 334 1998 vota
358 1940 461 1998 crucia
489 1939 600 1998 nullius
636 1948 706 2000 sunt
729 1942 884 2004 incruenti.
907 1940 934 1999 A
956 1947 1044 2019 parte
1068 1948 1123 2000 tna

194 2029 254 2082 stat
275 2024 422 2083 autoritas
445 2023 558 2103 diviua,
581 2043 601 2086 a
622 2043 690 2083 mea
720 2030 805 2102 parte
828 2028 886 2084 stat
911 2024 1122 2103 praesumptio

196 2105 337 2164 humana.
378 2103 487 2184 Neque
511 2108 590 2165 enirn
613 2107 679 2185 ipsa
703 2106 781 2166 adeo
805 2107 1002 2175 continentia,
1027 2124 1122 2184 quam

197 2190 287 2247 tantis
312 2190 416 2248 buccis
441 2197 576 2268 crepant,
601 2189 764 2268 quidquam
790 2191 869 2249 vaiet
892 2191 956 2248 sine
973 2188 1122 2249 obedien·

196 2274 237 2330 tia
261 2272 394 2331 mandati
419 2272 486 2350 Dei,
511 2275 700 2333 continentia
724 2293 783 2333 non
808 2281 854 2333 est
869 2273 1022 2353 mandata,
1047 2273 1121 2333 obe·

196 2355 310 2414 dientia
334 2375 407 2415 vcro
431 2365 477 2414 est
501 2356 654 2418 mandata.
699 2357 879 2435 Quanquam
905 2358 1003 2415 insani
1028 2364 1058 2414 et
1080 2355 1120 2416 fc·

196 2440 237 2497 tui
256 2438 398 2518 Papistao
413 2440 578 2518 virginitati
602 2447 632 2498 et
649 2442 854 2501 continentiae
879 2440 950 2498 nihii
965 2442 1122 2518 patiantur

196 2524 329 2601 aequari,
361 2521 545 2601 prodigiosis
582 2523 748 2581 mendaciis
779 2532 937 2601 utramque
958 2525 1122 2598 iactantes,

197 2614 228 2664 ut
247 2610 313 2684 ipsa
329 2605 493 2664 mentiendi
508 2608 636 2681 insania,
659 2614 720 2664 tum
735 2608 924 2686 ignorantiae
940 2606 1122 2684 magnitudo

197 2695 263 2748 utra
296 2698 326 2748 et
355 2689 419 2748 soia
451 2687 590 2748 debuerit
611 2699 786 2768 suspectum
809 2690 949 2766 reddere,
973 2689 1122 2767 quidquid

194 2772 308 2832 faciunt
332 2779 361 2830 et
384 2773 513 2851 sapiunt.

279 2871 367 2945 Quae
401 2881 447 2930 est
486 2874 565 2931 enim
600 2873 820 2953 intelligentia,
845 2872 917 2932 iliud
948 2871 1121 2950 Sapientis:

195 2955 264 3016 Non
299 2962 346 3014 est
380 2954 471 3033 digna
500 2953 683 3034 ponderatio
718 2959 902 3016 continentis
925 2956 1057 3035 animae,
1082 2975 1121 3015 eo

196 3046 351 3118 torquere,
383 3047 414 3106 ut
444 3038 583 3099 videatur
612 3041 815 3119 virginitatem
844 3048 874 3098 et
898 3038 1121 3098 continentiam

195 3123 336 3181 omnibus
359 3123 550 3200 praetulisse,
575 3123 853 3182 incommutabilem
878 3130 909 3182 et
930 3122 1122 3200 indispensa-

195 3203 285 3264 bilem
324 3205 454 3264 fecisse?
477 3224 544 3264 cum
584 3206 643 3264 hoc
673 3205 798 3265 verbum
833 3206 963 3265 ludaeos
997 3201 1122 3264 Iudaeis

196 3289 352 3368 scripserit
384 3289 421 3348 de
457 3297 541 3348 casta
570 3290 710 3368 coniuge,
748 3289 828 3369 apud
859 3307 938 3368 quos
960 3288 1122 3367 virginitas

195 3379 226 3430 et
259 3373 448 3431 coutinentia
482 3371 714 3433 damnabantur.
758 3371 808 3433 sic
836 3380 866 3431 et
888 3371 960 3430 iliud
989 3370 1122 3451 pudicae

196 3456 298 3515 uxoris
324 3456 536 3534 praeconium:
562 3455 645 3515 Haeo
677 3464 723 3514 eat
745 3474 823 3535 quae
847 3456 975 3514 nescivit
998 3453 1121 3515 thorum

194 3539 224 3597 iu
250 3537 372 3614 delict0,
395 3545 502 3616 aptant
524 3539 699 3618 virginibus.

278 3637 423 3716 Breviter,
445 3658 512 3698 cum
537 3640 695 3720 virginitas
717 3639 746 3698 in
776 3638 942 3717 scripturis
966 3657 1029 3697 non
1054 3637 1119 3698 iau-

196 3721 295 3799 detur,
328 3720 382 3781 sed
410 3729 526 3782 tanturn
559 3722 705 3803 probetur
741 3721 915 3801 praeconiis
946 3720 1119 3800 coniugalis
