2340 4162
125 233 187 303 50ss
416 234 573 291 Contntetio
592 237 758 293 Lutheriaua

126 390 318 452 venundatus
341 389 398 451 enh
422 398 569 471 peceato,
594 393 671 453 siout
694 391 780 452 dieit:
815 391 918 452 lllanle
948 390 1053 451 servio

125 475 186 553 lagi
198 474 265 550 Dei,
289 494 380 535 earne
403 485 510 535 eutem
534 475 596 554 legi
618 477 745 555 peceati.
789 474 857 535 Non
874 481 904 534 te
924 473 977 535 hio
997 472 1052 535 fel·

130 558 172 619 let
201 557 362 633 Latomns,
399 557 474 618 duas
504 558 620 618 lanians
656 558 838 619 voluntates.
882 556 969 619 Unus
1005 564 1055 617 eet

127 640 222 703 homo
246 641 372 716 Paulus,
396 644 445 719 qui
461 647 631 720 utrumque
665 642 702 701 de
725 662 759 700 se
782 641 965 717 eonlitetur,
987 640 1052 701 alio

123 733 153 784 et
175 725 235 785 alio
258 732 416 804 respectu,
438 723 493 785 snb
514 726 613 803 gratia
634 736 681 784 est
703 723 884 803 spiritualis,
909 722 966 783 sed
991 723 1051 783 sub

125 806 205 887 Lege
252 808 397 885 earnalie3
451 807 530 867 idem
585 808 666 868 idem
720 806 831 867 Paulus
886 804 1053 886 utrobique

125 888 238 952 donum
262 892 348 964 lauit,
392 897 425 951 ut
457 892 495 951 sit
523 891 686 970 spiritualis
723 897 754 950 et
774 889 830 950 snb
867 890 982 969 gretie,
1020 891 1052 949 in

124 976 222 1054 gretia
252 976 339 1034 unius
380 975 510 1034 hominis
544 974 611 1034 Iesu
647 973 764 1036 Christi.
810 972 974 1033 Peooatnm
999 972 1053 1037 ‚io-

125 1058 181 1133 eit,
217 1066 248 1117 ut
279 1058 317 1116 sit
340 1057 486 1134 earnalis,
517 1057 569 1117 sed
593 1077 655 1118 uon
679 1056 735 1118 snb
757 1057 818 1135 ire,
856 1055 930 1135 quie
951 1055 1054 1136 gratie

125 1146 155 1201 st
189 1141 234 1201 ira
268 1159 329 1201 non
366 1142 569 1221 conveniunt,
607 1159 664 1201 nee
697 1160 766 1200 sese
800 1148 905 1199 mutuo
927 1140 1051 1220 impug-

124 1231 214 1296 nant,
237 1243 296 1284 neo
317 1223 444 1284 alterum
468 1223 591 1285 alterius
614 1225 803 1302 dominatur,
830 1223 911 1283 siout
932 1222 1050 1285 donum

124 1316 155 1366 et
177 1315 336 1386 peeeatnm
360 1308 483 1371 laniunt.
526 1308 586 1382 Ite,
616 1307 706 1383 Quod
734 1309 814 1368 enim
837 1324 965 1386 operor,
989 1324 1050 1386 ego

123 1391 253 1450 earnalis
277 1409 338 1449 non
362 1390 516 1469 intelligo,
545 1391 682 1470 intelligo
712 1397 813 1450 aulem
845 1406 904 1469 ego
928 1390 1049 1470 spiritu·

123 1472 196 1550 alis,
232 1473 346 1553 alioqui
377 1473 533 1552 quomodo
563 1484 669 1554 posset
700 1474 738 1533 de
772 1492 805 1532 se
833 1472 1050 1552 pronnnoiare,

124 1575 158 1615 se
181 1575 251 1615 esse
274 1576 335 1616 non
360 1557 594 1636 intelligentem,
626 1557 698 1635 qnid
722 1555 884 1636 operetur?
928 1554 1049 1616 Deinde

122 1640 152 1698 in
179 1638 376 1718 sequentibus
400 1640 511 1699 melum
535 1639 678 1719 appellat,
701 1638 784 1718 qnod
798 1647 952 1718 operetur,
974 1656 1048 1719 ergo

125 1721 268 1800 intelligit
289 1723 402 1782 malum
426 1723 508 1801 quod
532 1734 692 1801 operatur,
729 1722 782 1782 sed
805 1740 897 1782 earne
920 1740 983 1782 non
1007 1722 1047 1780 in·

126 1803 244 1883 telligit,
267 1806 349 1884 quod
368 1812 470 1865 menta
491 1805 642 1883 intelligit.
688 1807 766 1865 Vere
783 1806 862 1865 enim
885 1814 1047 1884 peecatum

124 1889 156 1948 in
181 1907 275 1950 earne
296 1891 397 1948 furens
420 1897 507 1968 putat
527 1887 641 1948 bonum
665 1907 749 1967 esse,
780 1886 863 1966 quod
886 1888 1045 1967 eoncupis-

124 1971 174 2045 oit,
198 1980 228 2031 et
249 1972 292 2031 ita
314 1972 385 2031 fauit
399 1971 646 2050 hominiquoqna
661 1990 821 2051 apparere,
844 1989 905 2029 non
931 1970 1046 2041 videns,

122 2072 212 2131 quam
240 2055 351 2114 malum
375 2056 422 2115 sit.
465 2054 533 2113 Non
558 2056 637 2113 enim
652 2054 734 2132 qnod
752 2053 824 2114 volo
836 2051 965 2127 bonum,
987 2053 1046 2113 hoe

122 2155 195 2215 ego,
218 2137 271 2197 sed
296 2136 378 2215 quod
404 2137 475 2196 odio
500 2136 629 2215 melum,
658 2137 718 2197 hoe
740 2156 810 2215 ago.
855 2136 939 2195 Eleos
961 2135 1046 2196 intel·

121 2218 189 2298 ligit
221 2219 333 2278 bonurn
359 2226 389 2278 et
422 2218 554 2295 mulum,
590 2219 643 2279 sed
666 2220 777 2278 Paulus
808 2218 975 2298 spiritualis
1002 2219 1046 2279 sio

120 2302 262 2381 intelligit
293 2312 322 2360 et
344 2302 408 2361 vult
430 2309 460 2361 et
483 2302 556 2362 odil.
601 2302 739 2362 Carnelis
770 2320 843 2362 vero
873 2321 936 2362 non
961 2302 1046 2374 intel·

122 2384 187 2463 ligit
210 2384 323 2445 bonum
348 2394 378 2444 et
400 2386 464 2464 agit
486 2389 516 2445 et
538 2393 621 2445 amat
644 2386 755 2444 melum
780 2404 835 2464 pro
859 2383 952 2446 bono.

206 2468 343 2528 Prolerat
366 2486 448 2527 nnne
468 2467 639 2548 Scripturas
661 2468 817 2541 Letomus,
841 2468 952 2545 quibus
975 2488 1044 2547 pro·

120 2550 224 2627 betur,
252 2551 333 2629 quod
368 2551 498 2610 earnalis
527 2552 679 2629 significet
706 2551 755 2610 hie
788 2549 868 2609 aliud
899 2569 993 2629 quern
1016 2552 1045 2610 in

121 2634 187 2693 aliis
210 2632 304 2697 loeis.
345 2641 376 2693 et
396 2654 486 2712 quam
510 2635 607 2712 exigit
629 2632 835 2693 Grammatico
858 2641 888 2691 et
911 2634 1046 2712 simplex

121 2716 316 2796 significatio.
360 2717 489 2792 Probet,
524 2716 605 2795 qnod
631 2716 742 2782 malum
775 2725 804 2774 et
825 2715 941 2775 bonurn
961 2716 1046 2777 uliud

120 2801 179 2859 hoo
202 2800 270 2860 loeo
285 2818 376 2878 quem
391 2800 420 2858 in
436 2800 503 2859 eliis
519 2798 701 2877 signilieent,
724 2798 832 2879 probet
855 2798 939 2878 qnod
956 2800 1047 2873 velle,

120 2882 217 2954 nolle,
253 2883 376 2958 odisse,
410 2902 504 2961 ogere
533 2882 615 2942 aliud
638 2881 791 2960 significet
822 2881 871 2940 lrio
895 2901 988 2962 quarn
1011 2885 1042 2942 in

120 2965 187 3024 eliis
212 2966 296 3026 loeis.
341 2965 430 3040 Quod
454 2985 523 3025 oum
545 2984 606 3024 non
630 2966 744 3045 possit,
767 2970 797 3023 et
820 2982 925 3025 eorum
949 2966 1053 3046 signi·

120 3047 234 3109 llioatio
257 3049 361 3128 pietati
385 3048 445 3107 hoo
468 3049 536 3107 loeo
562 3067 622 3106 non
647 3047 756 3122 obstet,
780 3046 852 3126 qnid
875 3059 937 3123 eet,
961 3048 1060 3127 qnod-

121 3130 278 3190 hominum
301 3131 413 3209 glossis
436 3131 635 3190 moveamur?
657 3130 764 3209 Neque
787 3131 867 3189 enim
891 3150 953 3191 non
978 3151 1046 3210 pro·

121 3214 186 3291 prie
208 3214 338 3273 earnalis
362 3213 480 3290 dieitur,
502 3215 553 3291 qni
576 3234 614 3273 ex
638 3223 724 3292 parte
747 3213 877 3274 carnalis
899 3222 967 3289 est,
990 3215 1045 3277 eim

121 3303 153 3355 nt
183 3294 262 3373 dixi,
301 3296 382 3374 quud
416 3317 476 3357 nnn
501 3296 569 3355 ideo
597 3315 657 3356 non
681 3308 727 3355 est
749 3296 858 3370 homo,
888 3296 978 3374 quil)
1001 3298 1043 3357 in·

120 3377 223 3437 lirmus
245 3386 298 3438 ant
319 3398 429 3458 pervus
454 3380 547 3439 humo
571 3387 625 3438 est.
671 3380 869 3439 vulneratum
884 3388 931 3438 est
952 3388 1045 3459 eaput

120 3461 262 3537 hominis,
285 3470 314 3521 et
339 3481 408 3521 vere
424 3462 563 3538 diaimus,
588 3462 680 3522 homo
705 3462 880 3521 vulneretur
904 3470 961 3524 est.
1006 3462 1045 3523 m

120 3544 171 3624 qui
205 3545 336 3624 pereutit
363 3545 472 3623 pedem
506 3547 608 3624 oanis,
645 3547 800 3605 verissime
836 3563 946 3605 cenem
978 3564 1043 3625 per-

19 3680 524 3922 “Taisiai-”qm
