<?xml version="1.0" encoding="UTF-8"?>
<!DOCTYPE html PUBLIC "-//W3C//DTD XHTML 1.0 Transitional//EN"
    "http://www.w3.org/TR/xhtml1/DTD/xhtml1-transitional.dtd">
<html xmlns="http://www.w3.org/1999/xhtml" xml:lang="en" lang="en">
 <head>
  <title>
</title>
<meta http-equiv="Content-Type" content="text/html;charset=utf-8" />
  <meta name='ocr-system' content='tesseract 3.04.00' />
  <meta name='ocr-capabilities' content='ocr_page ocr_carea ocr_par ocr_line ocrx_word'/>
</head>
<body>
  <div class='ocr_page' id='page_1' title='image "./dmartinilutheri03luthgoog_0385.png"; bbox 0 0 2392 4170; ppageno 0'>
   <div class='ocr_carea' id='block_1_1' title="bbox 198 215 907 310">
    <p class='ocr_par' dir='ltr' id='par_1_1' title="bbox 198 215 907 310">
     <span class='ocr_line' id='line_1_1' title="bbox 198 215 907 310; baseline -0.018 -6"><span class='ocrx_word' id='word_1_1' title='bbox 198 237 263 304; x_wconf 79' lang='lat'><strong>374</strong></span> <span class='ocrx_word' id='word_1_2' title='bbox 429 215 588 310; x_wconf 63' lang='lat' dir='ltr'><strong>masserio</strong></span> <span class='ocrx_word' id='word_1_3' title='bbox 606 239 907 294; x_wconf 64' lang='lat' dir='ltr'><strong>nuru-munstre</strong></span> 
     </span>
    </p>
   </div>
   <div class='ocr_carea' id='block_1_2' title="bbox 151 394 1126 3554">
    <p class='ocr_par' dir='ltr' id='par_1_2' title="bbox 151 394 1125 725">
     <span class='ocr_line' id='line_1_2' title="bbox 198 394 1125 478; baseline -0.004 -20"><span class='ocrx_word' id='word_1_4' title='bbox 198 399 284 478; x_wconf 82' lang='lat' dir='ltr'><strong>leges</strong></span> <span class='ocrx_word' id='word_1_5' title='bbox 307 395 482 475; x_wconf 74' lang='lat' dir='ltr'>abrogaret,</span> <span class='ocrx_word' id='word_1_6' title='bbox 504 417 542 457; x_wconf 84' lang='lat' dir='ltr'><strong>sn</strong></span> <span class='ocrx_word' id='word_1_7' title='bbox 566 399 657 458; x_wconf 84' lang='lat' dir='ltr'><strong>etism</strong></span> <span class='ocrx_word' id='word_1_8' title='bbox 680 397 738 458; x_wconf 81' lang='lat' dir='ltr'><strong>bac</strong></span> <span class='ocrx_word' id='word_1_9' title='bbox 758 394 994 457; x_wconf 85' lang='lat' dir='ltr'><strong>ratiouerevelli</strong></span> <span class='ocrx_word' id='word_1_10' title='bbox 1009 401 1125 474; x_wconf 76' lang='lat' dir='ltr'><strong>queant</strong></span> 
     </span>
     <span class='ocr_line' id='line_1_3' title="bbox 202 479 1123 561; baseline -0.004 -20"><span class='ocrx_word' id='word_1_11' title='bbox 202 481 335 561; x_wconf 84' lang='lat' dir='ltr'><strong>scruputi</strong></span> <span class='ocrx_word' id='word_1_12' title='bbox 359 501 398 538; x_wconf 86' lang='lat' dir='ltr'><strong>ex</strong></span> <span class='ocrx_word' id='word_1_13' title='bbox 421 481 529 542; x_wconf 79' lang='lat' dir='ltr'><strong>animis</strong></span> <span class='ocrx_word' id='word_1_14' title='bbox 551 481 710 542; x_wconf 89' lang='lat' dir='ltr'><strong>bominum</strong></span> <span class='ocrx_word' id='word_1_15' title='bbox 726 487 758 541; x_wconf 88' lang='lat' dir='ltr'><strong>et</strong></span> <span class='ocrx_word' id='word_1_16' title='bbox 779 481 987 542; x_wconf 72' lang='lat' dir='ltr'><strong>eonscientiae</strong></span> <span class='ocrx_word' id='word_1_17' title='bbox 1010 479 1123 548; x_wconf 74' lang='lat' dir='ltr'><strong>saneti,</strong></span> 
     </span>
     <span class='ocr_line' id='line_1_4' title="bbox 151 561 1122 644; baseline -0.002 -21"><span class='ocrx_word' id='word_1_18' title='bbox 151 605 152 608; x_wconf 17' lang='grc' dir='ltr'>η</span> <span class='ocrx_word' id='word_1_19' title='bbox 201 574 263 624; x_wconf 77' lang='lat' dir='ltr'><strong>tam</strong></span> <span class='ocrx_word' id='word_1_20' title='bbox 287 561 463 624; x_wconf 83' lang='lat' dir='ltr'><strong>incurabilis</strong></span> <span class='ocrx_word' id='word_1_21' title='bbox 486 572 517 625; x_wconf 91' lang='lat' dir='ltr'><strong>et</strong></span> <span class='ocrx_word' id='word_1_22' title='bbox 540 565 671 626; x_wconf 89' lang='lat' dir='ltr'><strong>crudelis</strong></span> <span class='ocrx_word' id='word_1_23' title='bbox 694 572 740 626; x_wconf 91' lang='lat' dir='ltr'><strong>est</strong></span> <span class='ocrx_word' id='word_1_24' title='bbox 763 567 820 625; x_wconf 87' lang='lat' dir='ltr'><strong>ista</strong></span> <span class='ocrx_word' id='word_1_25' title='bbox 844 565 937 644; x_wconf 83' lang='lat' dir='ltr'><strong>plaga</strong></span> <span class='ocrx_word' id='word_1_26' title='bbox 958 561 1067 644; x_wconf 89' lang='lat' dir='ltr'><strong>populi</strong></span> <span class='ocrx_word' id='word_1_27' title='bbox 1085 561 1122 624; x_wconf 89' lang='lat' dir='ltr'><strong>ab</strong></span> 
     </span>
     <span class='ocr_line' id='line_1_5' title="bbox 198 647 1013 725; baseline -0.002 -17"><span class='ocrx_word' id='word_1_28' title='bbox 198 651 259 708; x_wconf 86' lang='lat' dir='ltr'><strong>isto</strong></span> <span class='ocrx_word' id='word_1_29' title='bbox 282 666 356 725; x_wconf 86' lang='lat' dir='ltr'><strong>rege</strong></span> <span class='ocrx_word' id='word_1_30' title='bbox 378 647 474 706; x_wconf 85' lang='lat' dir='ltr'><strong>Assur</strong></span> <span class='ocrx_word' id='word_1_31' title='bbox 492 647 618 721; x_wconf 80' lang='lat' dir='ltr'><strong>inflicta,</strong></span> <span class='ocrx_word' id='word_1_32' title='bbox 640 656 673 710; x_wconf 89' lang='lat' dir='ltr'><strong>ut</strong></span> <span class='ocrx_word' id='word_1_33' title='bbox 695 669 763 709; x_wconf 89' lang='lat' dir='ltr'><strong>curn</strong></span> <span class='ocrx_word' id='word_1_34' title='bbox 786 649 879 708; x_wconf 78' lang='lat' dir='ltr'><strong>Esaia</strong></span> <span class='ocrx_word' id='word_1_35' title='bbox 901 647 1013 708; x_wconf 83' lang='lat' dir='ltr'><strong>dicam.</strong></span> 
     </span>
    </p>

    <p class='ocr_par' dir='ltr' id='par_1_3' title="bbox 194 730 1126 3120">
     <span class='ocr_line' id='line_1_6' title="bbox 283 730 1123 810; baseline -0.004 -19"><span class='ocrx_word' id='word_1_36' title='bbox 283 732 365 791; x_wconf 81' lang='lat' dir='ltr'><strong>Ecce</strong></span> <span class='ocrx_word' id='word_1_37' title='bbox 386 730 481 791; x_wconf 82' lang='lat' dir='ltr'><strong>hebes</strong></span> <span class='ocrx_word' id='word_1_38' title='bbox 505 731 634 792; x_wconf 82' lang='lat' dir='ltr'><strong>fructum</strong></span> <span class='ocrx_word' id='word_1_39' title='bbox 656 733 801 792; x_wconf 71' lang='lat' dir='ltr'><strong>facierum</strong></span> <span class='ocrx_word' id='word_1_40' title='bbox 825 731 1123 810; x_wconf 83' lang='lat' dir='ltr'><strong>etpropositionum‚</strong></span> 
     </span>
     <span class='ocr_line' id='line_1_7' title="bbox 199 812 1123 887; baseline -0.002 -13"><span class='ocrx_word' id='word_1_41' title='bbox 199 814 316 875; x_wconf 82' lang='lat' dir='ltr'><strong>seilicet</strong></span> <span class='ocrx_word' id='word_1_42' title='bbox 337 815 509 874; x_wconf 83' lang='lat' dir='ltr'><strong>vastitatem</strong></span> <span class='ocrx_word' id='word_1_43' title='bbox 535 816 700 887; x_wconf 81' lang='lat' dir='ltr'><strong>ecelesiae,</strong></span> <span class='ocrx_word' id='word_1_44' title='bbox 722 815 803 886; x_wconf 83' lang='lat' dir='ltr'><strong>fidei.</strong></span> <span class='ocrx_word' id='word_1_45' title='bbox 831 814 978 874; x_wconf 78' lang='lat' dir='ltr'><strong>libertatis</strong></span> <span class='ocrx_word' id='word_1_46' title='bbox 1001 812 1123 886; x_wconf 64' lang='lat' dir='ltr'><strong>Christi,</strong></span> 
     </span>
     <span class='ocr_line' id='line_1_8' title="bbox 199 896 1122 978; baseline -0.001 -21"><span class='ocrx_word' id='word_1_47' title='bbox 199 899 333 978; x_wconf 83' lang='lat' dir='ltr'><strong>spiritns,</strong></span> <span class='ocrx_word' id='word_1_48' title='bbox 356 899 492 958; x_wconf 78' lang='lat' dir='ltr'><strong>veritatis</strong></span> <span class='ocrx_word' id='word_1_49' title='bbox 515 908 545 958; x_wconf 87' lang='lat' dir='ltr'><strong>et</strong></span> <span class='ocrx_word' id='word_1_50' title='bbox 568 901 777 959; x_wconf 88' lang='lat' dir='ltr'><strong>universorum</strong></span> <span class='ocrx_word' id='word_1_51' title='bbox 801 897 952 959; x_wconf 91' lang='lat' dir='ltr'><strong>bonorum</strong></span> <span class='ocrx_word' id='word_1_52' title='bbox 969 896 1122 958; x_wconf 77' lang='lat' dir='ltr'><strong>aGhristn</strong></span> 
     </span>
     <span class='ocr_line' id='line_1_9' title="bbox 199 979 1122 1055; baseline 0.003 -15"><span class='ocrx_word' id='word_1_53' title='bbox 199 980 289 1042; x_wconf 79' lang='lat' dir='ltr'><strong>nobis</strong></span> <span class='ocrx_word' id='word_1_54' title='bbox 311 981 461 1041; x_wconf 88' lang='lat' dir='ltr'><strong>datorum.</strong></span> <span class='ocrx_word' id='word_1_55' title='bbox 503 982 565 1043; x_wconf 89' lang='lat' dir='ltr'><strong>Iste</strong></span> <span class='ocrx_word' id='word_1_56' title='bbox 598 989 646 1042; x_wconf 88' lang='lat' dir='ltr'><strong>est</strong></span> <span class='ocrx_word' id='word_1_57' title='bbox 678 982 848 1042; x_wconf 77' lang='lat' dir='ltr'><strong>Antiochus</strong></span> <span class='ocrx_word' id='word_1_58' title='bbox 879 980 946 1052; x_wconf 82' lang='lat' dir='ltr'><strong>ins,</strong></span> <span class='ocrx_word' id='word_1_59' title='bbox 980 980 1062 1040; x_wconf 87' lang='lat' dir='ltr'><strong>Dan.</strong></span> <span class='ocrx_word' id='word_1_60' title='bbox 1083 979 1122 1055; x_wconf 80' lang='grc'><strong>8.,</strong></span> 
     </span>
     <span class='ocr_line' id='line_1_10' title="bbox 199 1062 1123 1144; baseline -0.004 -19"><span class='ocrx_word' id='word_1_61' title='bbox 199 1065 251 1143; x_wconf 91' lang='lat' dir='ltr'><strong>qui</strong></span> <span class='ocrx_word' id='word_1_62' title='bbox 272 1063 361 1123; x_wconf 91' lang='lat' dir='ltr'><strong>buius</strong></span> <span class='ocrx_word' id='word_1_63' title='bbox 384 1065 464 1144; x_wconf 84' lang='lat' dir='ltr'><strong>regis</strong></span> <span class='ocrx_word' id='word_1_64' title='bbox 485 1065 630 1125; x_wconf 86' lang='lat' dir='ltr'><strong>facierum</strong></span> <span class='ocrx_word' id='word_1_65' title='bbox 652 1065 750 1143; x_wconf 78' lang='lat' dir='ltr'><strong>figura</strong></span> <span class='ocrx_word' id='word_1_66' title='bbox 763 1065 857 1125; x_wconf 87' lang='lat' dir='ltr'><strong>fnisse</strong></span> <span class='ocrx_word' id='word_1_67' title='bbox 875 1063 988 1124; x_wconf 88' lang='lat' dir='ltr'><strong>ibidem</strong></span> <span class='ocrx_word' id='word_1_68' title='bbox 1004 1062 1123 1138; x_wconf 81' lang='lat' dir='ltr'><strong>dicitur,</strong></span> 
     </span>
     <span class='ocr_line' id='line_1_11' title="bbox 199 1146 1121 1227; baseline -0.002 -20"><span class='ocrx_word' id='word_1_69' title='bbox 199 1149 266 1227; x_wconf 87' lang='lat' dir='ltr'><strong>ipse</strong></span> <span class='ocrx_word' id='word_1_70' title='bbox 288 1154 344 1219; x_wconf 74' lang='lat' dir='ltr'><strong>est,</strong></span> <span class='ocrx_word' id='word_1_71' title='bbox 368 1149 418 1226; x_wconf 90' lang='lat' dir='ltr'><strong>qni</strong></span> <span class='ocrx_word' id='word_1_72' title='bbox 442 1158 549 1208; x_wconf 86' lang='lat' dir='ltr'><strong>contra</strong></span> <span class='ocrx_word' id='word_1_73' title='bbox 570 1149 776 1209; x_wconf 84' lang='lat' dir='ltr'><strong>fortitudinem</strong></span> <span class='ocrx_word' id='word_1_74' title='bbox 800 1149 880 1208; x_wconf 86' lang='lat' dir='ltr'><strong>coeli</strong></span> <span class='ocrx_word' id='word_1_75' title='bbox 909 1146 1121 1227; x_wconf 76' lang='lat' dir='ltr'><strong>magnificatus</strong></span> 
     </span>
     <span class='ocr_line' id='line_1_12' title="bbox 199 1227 1120 1306; baseline -0.003 -15"><span class='ocrx_word' id='word_1_76' title='bbox 199 1239 256 1306; x_wconf 80' lang='lat' dir='ltr'><strong>est,</strong></span> <span class='ocrx_word' id='word_1_77' title='bbox 278 1239 308 1289; x_wconf 87' lang='lat' dir='ltr'><strong>et</strong></span> <span class='ocrx_word' id='word_1_78' title='bbox 329 1230 439 1290; x_wconf 84' lang='lat' dir='ltr'><strong>deiecit</strong></span> <span class='ocrx_word' id='word_1_79' title='bbox 460 1231 498 1291; x_wconf 89' lang='lat' dir='ltr'><strong>de</strong></span> <span class='ocrx_word' id='word_1_80' title='bbox 520 1231 695 1292; x_wconf 87' lang='lat' dir='ltr'><strong>fortitudine</strong></span> <span class='ocrx_word' id='word_1_81' title='bbox 713 1240 744 1292; x_wconf 87' lang='lat' dir='ltr'><strong>et</strong></span> <span class='ocrx_word' id='word_1_82' title='bbox 762 1232 800 1290; x_wconf 87' lang='lat' dir='ltr'><strong>de</strong></span> <span class='ocrx_word' id='word_1_83' title='bbox 822 1231 917 1291; x_wconf 88' lang='lat' dir='ltr'><strong>stellis</strong></span> <span class='ocrx_word' id='word_1_84' title='bbox 940 1237 971 1289; x_wconf 90' lang='lat' dir='ltr'><strong>et</strong></span> <span class='ocrx_word' id='word_1_85' title='bbox 997 1227 1120 1290; x_wconf 78' lang='lat' dir='ltr'><strong>cononi·</strong></span> 
     </span>
     <span class='ocr_line' id='line_1_13' title="bbox 199 1313 1123 1394; baseline -0.003 -20"><span class='ocrx_word' id='word_1_86' title='bbox 199 1315 282 1374; x_wconf 87' lang='lat' dir='ltr'><strong>cavit</strong></span> <span class='ocrx_word' id='word_1_87' title='bbox 297 1333 360 1374; x_wconf 84' lang='lat' dir='ltr'><strong>eas.</strong></span> <span class='ocrx_word' id='word_1_88' title='bbox 404 1314 443 1374; x_wconf 80' lang='lat' dir='ltr'><strong>Et</strong></span> <span class='ocrx_word' id='word_1_89' title='bbox 464 1334 561 1392; x_wconf 89' lang='lat' dir='ltr'><strong>usqne</strong></span> <span class='ocrx_word' id='word_1_90' title='bbox 583 1314 621 1375; x_wconf 84' lang='lat' dir='ltr'><strong>cd</strong></span> <span class='ocrx_word' id='word_1_91' title='bbox 644 1317 812 1394; x_wconf 85' lang='lat' dir='ltr'><strong>prinoipem</strong></span> <span class='ocrx_word' id='word_1_92' title='bbox 835 1313 1019 1374; x_wconf 85' lang='lat' dir='ltr'><strong>fortitudinis</strong></span> <span class='ocrx_word' id='word_1_93' title='bbox 1034 1330 1123 1392; x_wconf 58' lang='lat' dir='ltr'><strong>meg</strong></span> 
     </span>
     <span class='ocr_line' id='line_1_14' title="bbox 201 1394 1124 1478; baseline -0.004 -22"><span class='ocrx_word' id='word_1_94' title='bbox 201 1397 342 1458; x_wconf 76' lang='lat' dir='ltr'><strong>stificatus</strong></span> <span class='ocrx_word' id='word_1_95' title='bbox 365 1404 411 1457; x_wconf 88' lang='lat' dir='ltr'><strong>est</strong></span> <span class='ocrx_word' id='word_1_96' title='bbox 433 1405 464 1456; x_wconf 89' lang='lat' dir='ltr'><strong>et</strong></span> <span class='ocrx_word' id='word_1_97' title='bbox 485 1397 524 1459; x_wconf 89' lang='lat' dir='ltr'><strong>ab</strong></span> <span class='ocrx_word' id='word_1_98' title='bbox 547 1417 585 1457; x_wconf 89' lang='lat' dir='ltr'><strong>eo</strong></span> <span class='ocrx_word' id='word_1_99' title='bbox 609 1399 676 1458; x_wconf 90' lang='lat' dir='ltr'><strong>tulit</strong></span> <span class='ocrx_word' id='word_1_100' title='bbox 697 1400 768 1478; x_wconf 85' lang='lat' dir='ltr'><strong>iuge</strong></span> <span class='ocrx_word' id='word_1_101' title='bbox 790 1397 972 1458; x_wconf 84' lang='lat' dir='ltr'><strong>sacrificinm</strong></span> <span class='ocrx_word' id='word_1_102' title='bbox 998 1394 1046 1476; x_wconf 86' lang='lat' dir='ltr'><strong>(id</strong></span> <span class='ocrx_word' id='word_1_103' title='bbox 1076 1407 1124 1454; x_wconf 84' lang='lat' dir='ltr'><strong>est</strong></span> 
     </span>
     <span class='ocr_line' id='line_1_15' title="bbox 200 1477 1124 1553; baseline -0.003 -13"><span class='ocrx_word' id='word_1_104' title='bbox 200 1480 309 1553; x_wconf 81' lang='lat' dir='ltr'><strong>odem)</strong></span> <span class='ocrx_word' id='word_1_105' title='bbox 334 1486 365 1540; x_wconf 92' lang='lat' dir='ltr'><strong>et</strong></span> <span class='ocrx_word' id='word_1_106' title='bbox 386 1479 498 1541; x_wconf 90' lang='lat' dir='ltr'><strong>deiecit</strong></span> <span class='ocrx_word' id='word_1_107' title='bbox 520 1481 623 1541; x_wconf 87' lang='lat' dir='ltr'><strong>locum</strong></span> <span class='ocrx_word' id='word_1_108' title='bbox 646 1481 897 1541; x_wconf 81' lang='lat' dir='ltr'><strong>sanctificationis</strong></span> <span class='ocrx_word' id='word_1_109' title='bbox 919 1481 984 1540; x_wconf 86' lang='lat' dir='ltr'><strong>eius</strong></span> <span class='ocrx_word' id='word_1_110' title='bbox 1010 1477 1059 1552; x_wconf 85' lang='lat' dir='ltr'><strong>(id</strong></span> <span class='ocrx_word' id='word_1_111' title='bbox 1075 1483 1124 1538; x_wconf 82' lang='lat' dir='ltr'><strong>est</strong></span> 
     </span>
     <span class='ocr_line' id='line_1_16' title="bbox 194 1563 1124 1631; baseline 0.004 -13"><span class='ocrx_word' id='word_1_112' title='bbox 194 1563 437 1631; x_wconf 67' lang='lat' dir='ltr'><strong>conscientias).</strong></span> <span class='ocrx_word' id='word_1_113' title='bbox 482 1563 587 1624; x_wconf 83' lang='lat' dir='ltr'><strong>Robur</strong></span> <span class='ocrx_word' id='word_1_114' title='bbox 609 1573 711 1624; x_wconf 89' lang='lat' dir='ltr'><strong>autem</strong></span> <span class='ocrx_word' id='word_1_115' title='bbox 735 1565 838 1624; x_wconf 87' lang='lat' dir='ltr'><strong>datum</strong></span> <span class='ocrx_word' id='word_1_116' title='bbox 873 1571 921 1623; x_wconf 91' lang='lat' dir='ltr'><strong>est</strong></span> <span class='ocrx_word' id='word_1_117' title='bbox 953 1564 981 1622; x_wconf 88' lang='lat' dir='ltr'><strong>ei</strong></span> <span class='ocrx_word' id='word_1_118' title='bbox 1014 1567 1124 1622; x_wconf 88' lang='lat' dir='ltr'><strong>contra</strong></span> 
     </span>
     <span class='ocr_line' id='line_1_17' title="bbox 199 1645 1123 1728; baseline -0.003 -22"><span class='ocrx_word' id='word_1_119' title='bbox 199 1649 271 1726; x_wconf 83' lang='lat' dir='ltr'><strong>iuge</strong></span> <span class='ocrx_word' id='word_1_120' title='bbox 291 1645 473 1707; x_wconf 81' lang='lat' dir='ltr'><strong>sacrificium</strong></span> <span class='ocrx_word' id='word_1_121' title='bbox 497 1654 622 1728; x_wconf 86' lang='lat' dir='ltr'><strong>propter</strong></span> <span class='ocrx_word' id='word_1_122' title='bbox 643 1655 783 1728; x_wconf 88' lang='lat' dir='ltr'><strong>peccata,</strong></span> <span class='ocrx_word' id='word_1_123' title='bbox 795 1656 824 1708; x_wconf 87' lang='lat' dir='ltr'><strong>et</strong></span> <span class='ocrx_word' id='word_1_124' title='bbox 846 1651 1058 1727; x_wconf 79' lang='lat' dir='ltr'><strong>prosternetur</strong></span> <span class='ocrx_word' id='word_1_125' title='bbox 1073 1663 1123 1704; x_wconf 81' lang='lat' dir='ltr'><strong>ve-</strong></span> 
     </span>
     <span class='ocr_line' id='line_1_18' title="bbox 199 1727 1124 1810; baseline -0.003 -22"><span class='ocrx_word' id='word_1_126' title='bbox 199 1731 273 1789; x_wconf 86' lang='lat' dir='ltr'><strong>ritss</strong></span> <span class='ocrx_word' id='word_1_127' title='bbox 295 1731 326 1789; x_wconf 90' lang='lat' dir='ltr'><strong>in</strong></span> <span class='ocrx_word' id='word_1_128' title='bbox 355 1737 445 1792; x_wconf 90' lang='lat' dir='ltr'><strong>terra.</strong></span> <span class='ocrx_word' id='word_1_129' title='bbox 488 1731 528 1790; x_wconf 81' lang='lat' dir='ltr'><strong>Et</strong></span> <span class='ocrx_word' id='word_1_130' title='bbox 554 1731 783 1810; x_wconf 82' lang='lat' dir='ltr'><strong>prosperabitur</strong></span> <span class='ocrx_word' id='word_1_131' title='bbox 810 1739 842 1790; x_wconf 88' lang='lat' dir='ltr'><strong>et</strong></span> <span class='ocrx_word' id='word_1_132' title='bbox 870 1730 969 1789; x_wconf 82' lang='lat' dir='ltr'><strong>saciet.</strong></span> <span class='ocrx_word' id='word_1_133' title='bbox 1012 1727 1124 1788; x_wconf 84' lang='lat' dir='ltr'><strong>Nonne</strong></span> 
     </span>
     <span class='ocr_line' id='line_1_19' title="bbox 200 1809 1124 1892; baseline -0.004 -20"><span class='ocrx_word' id='word_1_134' title='bbox 200 1813 280 1873; x_wconf 79' lang='lat' dir='ltr'><strong>baeo&#39;</strong></span> <span class='ocrx_word' id='word_1_135' title='bbox 300 1832 381 1892; x_wconf 76' lang='lat' dir='ltr'><strong>papa</strong></span> <span class='ocrx_word' id='word_1_136' title='bbox 402 1813 475 1873; x_wconf 79' lang='lat' dir='ltr'><strong>facit</strong></span> <span class='ocrx_word' id='word_1_137' title='bbox 496 1817 605 1874; x_wconf 87' lang='lat' dir='ltr'><strong>erectis</strong></span> <span class='ocrx_word' id='word_1_138' title='bbox 633 1814 780 1888; x_wconf 74' lang='lat' dir='ltr'><strong>faciebus,</strong></span> <span class='ocrx_word' id='word_1_139' title='bbox 804 1821 834 1873; x_wconf 92' lang='lat' dir='ltr'><strong>et</strong></span> <span class='ocrx_word' id='word_1_140' title='bbox 861 1809 1124 1892; x_wconf 78' lang='lat' dir='ltr'><strong>propositionibus</strong></span> 
     </span>
     <span class='ocr_line' id='line_1_20' title="bbox 200 1893 1123 1974; baseline -0.001 -20"><span class='ocrx_word' id='word_1_141' title='bbox 200 1897 262 1954; x_wconf 90' lang='lat' dir='ltr'><strong>suis</strong></span> <span class='ocrx_word' id='word_1_142' title='bbox 285 1902 393 1956; x_wconf 84' lang='lat' dir='ltr'><strong>contra</strong></span> <span class='ocrx_word' id='word_1_143' title='bbox 413 1899 573 1957; x_wconf 87' lang='lat' dir='ltr'><strong>veritatem</strong></span> <span class='ocrx_word' id='word_1_144' title='bbox 597 1904 628 1958; x_wconf 88' lang='lat' dir='ltr'><strong>et</strong></span> <span class='ocrx_word' id='word_1_145' title='bbox 649 1897 763 1958; x_wconf 85' lang='lat' dir='ltr'><strong>fidem?</strong></span> <span class='ocrx_word' id='word_1_146' title='bbox 807 1898 852 1956; x_wconf 77' lang='lat' dir='ltr'><strong>En</strong></span> <span class='ocrx_word' id='word_1_147' title='bbox 876 1896 949 1974; x_wconf 86' lang='lat' dir='ltr'><strong>tibi,</strong></span> <span class='ocrx_word' id='word_1_148' title='bbox 978 1893 1040 1954; x_wconf 88' lang='lat' dir='ltr'><strong>boc</strong></span> <span class='ocrx_word' id='word_1_149' title='bbox 1067 1902 1123 1967; x_wconf 78' lang='lat' dir='ltr'><strong>est,</strong></span> 
     </span>
     <span class='ocr_line' id='line_1_21' title="bbox 200 1977 1125 2063; baseline -0.002 -25"><span class='ocrx_word' id='word_1_150' title='bbox 200 1978 282 2057; x_wconf 83' lang='lat' dir='ltr'><strong>qnod</strong></span> <span class='ocrx_word' id='word_1_151' title='bbox 303 1981 399 2058; x_wconf 79' lang='lat' dir='ltr'><strong>gonrit</strong></span> <span class='ocrx_word' id='word_1_152' title='bbox 420 1986 506 2039; x_wconf 85' lang='lat' dir='ltr'><strong>satan</strong></span> <span class='ocrx_word' id='word_1_153' title='bbox 530 1995 641 2058; x_wconf 47' lang='lat' dir='ltr'><strong>perros</strong></span> <span class='ocrx_word' id='word_1_154' title='bbox 664 2000 781 2063; x_wconf 83' lang='lat' dir='ltr'><strong>eornm,</strong></span> <span class='ocrx_word' id='word_1_155' title='bbox 805 1999 866 2039; x_wconf 91' lang='lat' dir='ltr'><strong>non</strong></span> <span class='ocrx_word' id='word_1_156' title='bbox 891 1997 960 2038; x_wconf 89' lang='lat' dir='ltr'><strong>esse</strong></span> <span class='ocrx_word' id='word_1_157' title='bbox 981 1977 1125 2038; x_wconf 72' lang='lat' dir='ltr'><strong>omnine</strong></span> 
     </span>
     <span class='ocr_line' id='line_1_22' title="bbox 202 2058 1126 2132; baseline -0.004 -10"><span class='ocrx_word' id='word_1_158' title='bbox 202 2062 323 2122; x_wconf 78' lang='lat' dir='ltr'><strong>Christo</strong></span> <span class='ocrx_word' id='word_1_159' title='bbox 346 2061 496 2132; x_wconf 78' lang='lat' dir='ltr'><strong>ordinate,</strong></span> <span class='ocrx_word' id='word_1_160' title='bbox 533 2064 586 2123; x_wconf 91' lang='lat' dir='ltr'><strong>sed</strong></span> <span class='ocrx_word' id='word_1_161' title='bbox 609 2064 760 2124; x_wconf 74' lang='lat' dir='ltr'><strong>ecclesiae</strong></span> <span class='ocrx_word' id='word_1_162' title='bbox 796 2062 921 2122; x_wconf 78' lang='lat' dir='ltr'><strong>arbitrio</strong></span> <span class='ocrx_word' id='word_1_163' title='bbox 954 2058 1126 2121; x_wconf 86' lang='lat' dir='ltr'><strong>ordinanda</strong></span> 
     </span>
     <span class='ocr_line' id='line_1_23' title="bbox 200 2143 1124 2223; baseline -0.003 -19"><span class='ocrx_word' id='word_1_164' title='bbox 200 2143 318 2222; x_wconf 81' lang='lat' dir='ltr'><strong>relicta,</strong></span> <span class='ocrx_word' id='word_1_165' title='bbox 341 2164 410 2203; x_wconf 88' lang='lat' dir='ltr'><strong>cnm</strong></span> <span class='ocrx_word' id='word_1_166' title='bbox 428 2145 565 2204; x_wconf 78' lang='lat' dir='ltr'><strong>Christus</strong></span> <span class='ocrx_word' id='word_1_167' title='bbox 589 2147 745 2221; x_wconf 77' lang='lat' dir='ltr'><strong>ordinarit,</strong></span> <span class='ocrx_word' id='word_1_168' title='bbox 768 2152 800 2206; x_wconf 92' lang='lat' dir='ltr'><strong>ut</strong></span> <span class='ocrx_word' id='word_1_169' title='bbox 822 2144 936 2204; x_wconf 87' lang='lat' dir='ltr'><strong>nullum</strong></span> <span class='ocrx_word' id='word_1_170' title='bbox 960 2151 1124 2223; x_wconf 88' lang='lat' dir='ltr'><strong>essetpeo-</strong></span> 
     </span>
     <span class='ocr_line' id='line_1_24' title="bbox 201 2227 1124 2304; baseline -0.001 -19"><span class='ocrx_word' id='word_1_171' title='bbox 201 2235 301 2286; x_wconf 88' lang='lat' dir='ltr'><strong>catum</strong></span> <span class='ocrx_word' id='word_1_172' title='bbox 314 2228 371 2286; x_wconf 91' lang='lat' dir='ltr'><strong>nisi</strong></span> <span class='ocrx_word' id='word_1_173' title='bbox 384 2228 590 2303; x_wconf 81' lang='lat' dir='ltr'><strong>incredulitas,</strong></span> <span class='ocrx_word' id='word_1_174' title='bbox 613 2230 695 2289; x_wconf 81' lang='lat' dir='ltr'><strong>nulle</strong></span> <span class='ocrx_word' id='word_1_175' title='bbox 718 2230 847 2304; x_wconf 83' lang='lat' dir='ltr'><strong>iustitie,</strong></span> <span class='ocrx_word' id='word_1_176' title='bbox 869 2229 927 2286; x_wconf 90' lang='lat' dir='ltr'><strong>nisi</strong></span> <span class='ocrx_word' id='word_1_177' title='bbox 949 2227 1041 2303; x_wconf 76' lang='lat' dir='ltr'><strong>tides3</strong></span> <span class='ocrx_word' id='word_1_178' title='bbox 1064 2227 1124 2284; x_wconf 92' lang='lat' dir='ltr'><strong>sio-</strong></span> 
     </span>
     <span class='ocr_line' id='line_1_25' title="bbox 201 2309 1124 2392; baseline -0.002 -23"><span class='ocrx_word' id='word_1_179' title='bbox 201 2313 235 2370; x_wconf 90' lang='lat' dir='ltr'><strong>ut</strong></span> <span class='ocrx_word' id='word_1_180' title='bbox 265 2309 337 2368; x_wconf 90' lang='lat' dir='ltr'><strong>dioit</strong></span> <span class='ocrx_word' id='word_1_181' title='bbox 363 2309 471 2375; x_wconf 85' lang='lat' dir='ltr'><strong>Ioban.</strong></span> <span class='ocrx_word' id='word_1_182' title='bbox 500 2315 554 2376; x_wconf 83' lang='lat'><strong>16:</strong></span> <span class='ocrx_word' id='word_1_183' title='bbox 593 2312 646 2372; x_wconf 85' lang='lat' dir='ltr'><strong>Ille</strong></span> <span class='ocrx_word' id='word_1_184' title='bbox 675 2319 782 2392; x_wconf 83' lang='lat' dir='ltr'><strong>arguet</strong></span> <span class='ocrx_word' id='word_1_185' title='bbox 810 2310 956 2371; x_wconf 86' lang='lat' dir='ltr'><strong>mundum</strong></span> <span class='ocrx_word' id='word_1_186' title='bbox 986 2309 1025 2369; x_wconf 94' lang='lat' dir='ltr'><strong>de</strong></span> <span class='ocrx_word' id='word_1_187' title='bbox 1054 2327 1124 2388; x_wconf 89' lang='lat' dir='ltr'><strong>peo-</strong></span> 
     </span>
     <span class='ocr_line' id='line_1_26' title="bbox 201 2390 1123 2473; baseline -0.003 -21"><span class='ocrx_word' id='word_1_188' title='bbox 201 2399 287 2466; x_wconf 75' lang='lat' dir='ltr'><strong>cato,</strong></span> <span class='ocrx_word' id='word_1_189' title='bbox 310 2394 466 2470; x_wconf 88' lang='lat' dir='ltr'><strong>quianon</strong></span> <span class='ocrx_word' id='word_1_190' title='bbox 494 2395 620 2454; x_wconf 89' lang='lat' dir='ltr'><strong>credunt</strong></span> <span class='ocrx_word' id='word_1_191' title='bbox 640 2397 671 2455; x_wconf 92' lang='lat' dir='ltr'><strong>in</strong></span> <span class='ocrx_word' id='word_1_192' title='bbox 700 2415 764 2473; x_wconf 85' lang='lat' dir='ltr'><strong>me;</strong></span> <span class='ocrx_word' id='word_1_193' title='bbox 799 2403 829 2454; x_wconf 91' lang='lat' dir='ltr'><strong>et</strong></span> <span class='ocrx_word' id='word_1_194' title='bbox 850 2390 1025 2461; x_wconf 69' lang='lat' dir='ltr'><strong>iterum*):</strong></span> <span class='ocrx_word' id='word_1_195' title='bbox 1064 2390 1123 2467; x_wconf 72' lang='lat' dir='ltr'><strong>Qui</strong></span> 
     </span>
     <span class='ocr_line' id='line_1_27' title="bbox 201 2475 1122 2553; baseline 0.001 -20"><span class='ocrx_word' id='word_1_196' title='bbox 201 2493 262 2534; x_wconf 89' lang='lat' dir='ltr'><strong>non</strong></span> <span class='ocrx_word' id='word_1_197' title='bbox 298 2475 476 2551; x_wconf 80' lang='lat' dir='ltr'><strong>crediderit,</strong></span> <span class='ocrx_word' id='word_1_198' title='bbox 507 2477 770 2540; x_wconf 83' lang='lat' dir='ltr'><strong>condemnabitur.</strong></span> <span class='ocrx_word' id='word_1_199' title='bbox 819 2478 992 2552; x_wconf 72' lang='lat' dir='ltr'><strong>Omnie**)</strong></span> <span class='ocrx_word' id='word_1_200' title='bbox 1029 2475 1122 2553; x_wconf 82' lang='lat' dir='ltr'><strong>eninr,</strong></span> 
     </span>
     <span class='ocr_line' id='line_1_28' title="bbox 200 2558 1124 2639; baseline 0 -23"><span class='ocrx_word' id='word_1_201' title='bbox 200 2577 280 2636; x_wconf 90' lang='lat' dir='ltr'><strong>quae</strong></span> <span class='ocrx_word' id='word_1_202' title='bbox 302 2565 391 2621; x_wconf 87' lang='lat' dir='ltr'><strong>extra</strong></span> <span class='ocrx_word' id='word_1_203' title='bbox 413 2559 568 2620; x_wconf 88' lang='lat' dir='ltr'><strong>bominem</strong></span> <span class='ocrx_word' id='word_1_204' title='bbox 592 2572 676 2633; x_wconf 79' lang='lat' dir='ltr'><strong>sunt,</strong></span> <span class='ocrx_word' id='word_1_205' title='bbox 709 2581 771 2621; x_wconf 90' lang='lat' dir='ltr'><strong>non</strong></span> <span class='ocrx_word' id='word_1_206' title='bbox 805 2562 1005 2639; x_wconf 87' lang='lat' dir='ltr'><strong>coinquinant</strong></span> <span class='ocrx_word' id='word_1_207' title='bbox 1024 2558 1124 2618; x_wconf 90' lang='lat' dir='ltr'><strong>homi·</strong></span> 
     </span>
     <span class='ocr_line' id='line_1_29' title="bbox 200 2642 1121 2729; baseline 0.001 -29"><span class='ocrx_word' id='word_1_208' title='bbox 200 2661 281 2718; x_wconf 83' lang='lat' dir='ltr'><strong>nem,</strong></span> <span class='ocrx_word' id='word_1_209' title='bbox 303 2642 358 2702; x_wconf 88' lang='lat' dir='ltr'><strong>sed</strong></span> <span class='ocrx_word' id='word_1_210' title='bbox 383 2649 453 2702; x_wconf 88' lang='lat' dir='ltr'><strong>snut</strong></span> <span class='ocrx_word' id='word_1_211' title='bbox 476 2642 571 2704; x_wconf 88' lang='lat' dir='ltr'><strong>libera</strong></span> <span class='ocrx_word' id='word_1_212' title='bbox 593 2665 736 2729; x_wconf 86' lang='lat' dir='ltr'><strong>prorsus,</strong></span> <span class='ocrx_word' id='word_1_213' title='bbox 765 2645 821 2704; x_wconf 89' lang='lat' dir='ltr'><strong>nisi</strong></span> <span class='ocrx_word' id='word_1_214' title='bbox 851 2644 890 2704; x_wconf 91' lang='lat' dir='ltr'><strong>ab</strong></span> <span class='ocrx_word' id='word_1_215' title='bbox 912 2645 992 2702; x_wconf 91' lang='lat' dir='ltr'><strong>intra</strong></span> <span class='ocrx_word' id='word_1_216' title='bbox 1014 2659 1121 2721; x_wconf 80' lang='lat' dir='ltr'><strong>proee-</strong></span> 
     </span>
     <span class='ocr_line' id='line_1_30' title="bbox 200 2724 1125 2807; baseline 0 -23"><span class='ocrx_word' id='word_1_217' title='bbox 200 2724 292 2784; x_wconf 86' lang='lat' dir='ltr'><strong>dsnte</strong></span> <span class='ocrx_word' id='word_1_218' title='bbox 314 2726 395 2785; x_wconf 85' lang='lat' dir='ltr'><strong>mala</strong></span> <span class='ocrx_word' id='word_1_219' title='bbox 428 2726 593 2806; x_wconf 77' lang='lat' dir='ltr'><strong>cupiditate</strong></span> <span class='ocrx_word' id='word_1_220' title='bbox 628 2731 658 2787; x_wconf 91' lang='lat' dir='ltr'><strong>in</strong></span> <span class='ocrx_word' id='word_1_221' title='bbox 691 2728 750 2787; x_wconf 85' lang='lat' dir='ltr'><strong>illis</strong></span> <span class='ocrx_word' id='word_1_222' title='bbox 781 2735 934 2807; x_wconf 87' lang='lat' dir='ltr'><strong>peccetur.</strong></span> <span class='ocrx_word' id='word_1_223' title='bbox 978 2727 1020 2786; x_wconf 86' lang='lat' dir='ltr'><strong>At</strong></span> <span class='ocrx_word' id='word_1_224' title='bbox 1042 2743 1125 2804; x_wconf 76' lang='lat' dir='ltr'><strong>pape</strong></span> 
     </span>
     <span class='ocr_line' id='line_1_31' title="bbox 199 2807 1125 2886; baseline 0 -19"><span class='ocrx_word' id='word_1_225' title='bbox 199 2809 339 2886; x_wconf 88' lang='lat' dir='ltr'><strong>inquinat</strong></span> <span class='ocrx_word' id='word_1_226' title='bbox 361 2808 459 2867; x_wconf 89' lang='lat' dir='ltr'><strong>solum</strong></span> <span class='ocrx_word' id='word_1_227' title='bbox 493 2814 626 2870; x_wconf 85' lang='lat' dir='ltr'><strong>externis</strong></span> <span class='ocrx_word' id='word_1_228' title='bbox 660 2811 719 2870; x_wconf 90' lang='lat' dir='ltr'><strong>illis</strong></span> <span class='ocrx_word' id='word_1_229' title='bbox 754 2812 926 2870; x_wconf 83' lang='lat' dir='ltr'><strong>universum</strong></span> <span class='ocrx_word' id='word_1_230' title='bbox 962 2807 1069 2870; x_wconf 87' lang='lat' dir='ltr'><strong>orbem</strong></span> <span class='ocrx_word' id='word_1_231' title='bbox 1092 2815 1125 2868; x_wconf 88' lang='lat' dir='ltr'><strong>et</strong></span> 
     </span>
     <span class='ocr_line' id='line_1_32' title="bbox 199 2891 1124 2978; baseline 0.001 -29"><span class='ocrx_word' id='word_1_232' title='bbox 199 2892 325 2950; x_wconf 90' lang='lat' dir='ltr'><strong>internis</strong></span> <span class='ocrx_word' id='word_1_233' title='bbox 348 2893 584 2969; x_wconf 88' lang='lat' dir='ltr'><strong>inquinamentis</strong></span> <span class='ocrx_word' id='word_1_234' title='bbox 606 2894 677 2952; x_wconf 87' lang='lat' dir='ltr'><strong>nibil</strong></span> <span class='ocrx_word' id='word_1_235' title='bbox 700 2913 825 2971; x_wconf 91' lang='lat' dir='ltr'><strong>prorsus</strong></span> <span class='ocrx_word' id='word_1_236' title='bbox 846 2891 1124 2978; x_wconf 76' lang='lat' dir='ltr'><strong>movetur‚scilioet</strong></span> 
     </span>
     <span class='ocr_line' id='line_1_33' title="bbox 200 2973 1124 3046; baseline -0.001 -12"><span class='ocrx_word' id='word_1_237' title='bbox 200 2983 261 3034; x_wconf 83' lang='lat' dir='ltr'><strong>tam</strong></span> <span class='ocrx_word' id='word_1_238' title='bbox 286 2975 369 3034; x_wconf 90' lang='lat' dir='ltr'><strong>clara</strong></span> <span class='ocrx_word' id='word_1_239' title='bbox 391 2981 462 3034; x_wconf 89' lang='lat' dir='ltr'><strong>sunt</strong></span> <span class='ocrx_word' id='word_1_240' title='bbox 485 2977 578 3036; x_wconf 84' lang='lat' dir='ltr'><strong>verbs</strong></span> <span class='ocrx_word' id='word_1_241' title='bbox 601 2977 722 3046; x_wconf 82' lang='lat' dir='ltr'><strong>Christi,</strong></span> <span class='ocrx_word' id='word_1_242' title='bbox 745 2995 802 3036; x_wconf 83' lang='lat' dir='ltr'><strong>nec</strong></span> <span class='ocrx_word' id='word_1_243' title='bbox 824 2978 869 3035; x_wconf 84' lang='lat' dir='ltr'><strong>sic</strong></span> <span class='ocrx_word' id='word_1_244' title='bbox 890 2984 993 3035; x_wconf 87' lang='lat' dir='ltr'><strong>tamen</strong></span> <span class='ocrx_word' id='word_1_245' title='bbox 1016 2973 1124 3034; x_wconf 87' lang='lat' dir='ltr'><strong>adver·</strong></span> 
     </span>
     <span class='ocr_line' id='line_1_34' title="bbox 199 3057 907 3120; baseline 0.007 -5"><span class='ocrx_word' id='word_1_246' title='bbox 199 3057 312 3117; x_wconf 87' lang='lat' dir='ltr'><strong>sarium</strong></span> <span class='ocrx_word' id='word_1_247' title='bbox 335 3057 401 3116; x_wconf 86' lang='lat' dir='ltr'><strong>eins</strong></span> <span class='ocrx_word' id='word_1_248' title='bbox 423 3064 607 3119; x_wconf 87' lang='lat' dir='ltr'><strong>vastatorem</strong></span> <span class='ocrx_word' id='word_1_249' title='bbox 630 3060 734 3119; x_wconf 88' lang='lat' dir='ltr'><strong>videre</strong></span> <span class='ocrx_word' id='word_1_250' title='bbox 756 3060 907 3120; x_wconf 83' lang='lat' dir='ltr'><strong>volumus.</strong></span> 
     </span>
    </p>

    <p class='ocr_par' dir='ltr' id='par_1_4' title="bbox 200 3140 1124 3554">
     <span class='ocr_line' id='line_1_35' title="bbox 283 3140 1122 3223; baseline 0.002 -25"><span class='ocrx_word' id='word_1_251' title='bbox 283 3140 408 3199; x_wconf 86' lang='lat' dir='ltr'><strong>Praeter</strong></span> <span class='ocrx_word' id='word_1_252' title='bbox 427 3140 485 3200; x_wconf 90' lang='lat' dir='ltr'><strong>bos</strong></span> <span class='ocrx_word' id='word_1_253' title='bbox 509 3142 639 3203; x_wconf 89' lang='lat' dir='ltr'><strong>mundos</strong></span> <span class='ocrx_word' id='word_1_254' title='bbox 653 3149 849 3223; x_wconf 87' lang='lat' dir='ltr'><strong>peccatorum</strong></span> <span class='ocrx_word' id='word_1_255' title='bbox 869 3148 900 3202; x_wconf 86' lang='lat' dir='ltr'><strong>et</strong></span> <span class='ocrx_word' id='word_1_256' title='bbox 915 3140 1122 3221; x_wconf 82' lang='lat' dir='ltr'><strong>perditionum</strong></span> 
     </span>
     <span class='ocr_line' id='line_1_36' title="bbox 200 3221 1123 3305; baseline 0.004 -25"><span class='ocrx_word' id='word_1_257' title='bbox 200 3223 291 3281; x_wconf 85' lang='lat' dir='ltr'><strong>etiem</strong></span> <span class='ocrx_word' id='word_1_258' title='bbox 314 3221 374 3282; x_wconf 85' lang='lat' dir='ltr'><strong>aliu</strong></span> <span class='ocrx_word' id='word_1_259' title='bbox 397 3231 526 3301; x_wconf 86' lang='lat' dir='ltr'><strong>peccata</strong></span> <span class='ocrx_word' id='word_1_260' title='bbox 548 3228 655 3286; x_wconf 90' lang='lat' dir='ltr'><strong>statuit</strong></span> <span class='ocrx_word' id='word_1_261' title='bbox 677 3246 767 3305; x_wconf 83' lang='lat' dir='ltr'><strong>pape,</strong></span> <span class='ocrx_word' id='word_1_262' title='bbox 787 3223 1035 3304; x_wconf 79' lang='lat' dir='ltr'><strong>primumtaisam</strong></span> <span class='ocrx_word' id='word_1_263' title='bbox 1047 3221 1123 3284; x_wconf 84' lang='lat' dir='ltr'><strong>flou-</strong></span> 
     </span>
     <span class='ocr_line' id='line_1_37' title="bbox 200 3305 1122 3389; baseline 0.003 -27"><span class='ocrx_word' id='word_1_264' title='bbox 200 3305 278 3364; x_wconf 87' lang='lat' dir='ltr'><strong>ciam</strong></span> <span class='ocrx_word' id='word_1_265' title='bbox 302 3305 406 3365; x_wconf 77' lang='lat' dir='ltr'><strong>tedium</strong></span> <span class='ocrx_word' id='word_1_266' title='bbox 429 3325 565 3387; x_wconf 71' lang='lat' dir='ltr'><strong>operum,</strong></span> <span class='ocrx_word' id='word_1_267' title='bbox 589 3328 668 3387; x_wconf 88' lang='lat' dir='ltr'><strong>quse</strong></span> <span class='ocrx_word' id='word_1_268' title='bbox 691 3317 737 3368; x_wconf 89' lang='lat' dir='ltr'><strong>est</strong></span> <span class='ocrx_word' id='word_1_269' title='bbox 758 3308 871 3389; x_wconf 87' lang='lat' dir='ltr'><strong>duplex</strong></span> <span class='ocrx_word' id='word_1_270' title='bbox 892 3308 1049 3386; x_wconf 79' lang='lat' dir='ltr'><strong>iniquitas3</strong></span> <span class='ocrx_word' id='word_1_271' title='bbox 1070 3307 1122 3385; x_wconf 83' lang='lat' dir='ltr'><strong>qui</strong></span> 
     </span>
     <span class='ocr_line' id='line_1_38' title="bbox 201 3388 1124 3472; baseline 0.008 -26"><span class='ocrx_word' id='word_1_272' title='bbox 201 3389 280 3447; x_wconf 88' lang='lat' dir='ltr'><strong>enirn</strong></span> <span class='ocrx_word' id='word_1_273' title='bbox 304 3388 475 3449; x_wconf 87' lang='lat' dir='ltr'><strong>obedierint</strong></span> <span class='ocrx_word' id='word_1_274' title='bbox 496 3411 596 3471; x_wconf 81' lang='lat' dir='ltr'><strong>papae</strong></span> <span class='ocrx_word' id='word_1_275' title='bbox 620 3394 650 3472; x_wconf 82' lang='lat' dir='ltr'><strong>ip</strong></span> <span class='ocrx_word' id='word_1_276' title='bbox 672 3393 736 3451; x_wconf 88' lang='lat' dir='ltr'><strong>istis</strong></span> <span class='ocrx_word' id='word_1_277' title='bbox 766 3396 797 3452; x_wconf 88' lang='lat' dir='ltr'><strong>et</strong></span> <span class='ocrx_word' id='word_1_278' title='bbox 818 3397 947 3472; x_wconf 79' lang='lat' dir='ltr'><strong>peccota</strong></span> <span class='ocrx_word' id='word_1_279' title='bbox 969 3391 1124 3471; x_wconf 75' lang='lat' dir='ltr'><strong>papistion</strong></span> 
     </span>
     <span class='ocr_line' id='line_1_39' title="bbox 200 3471 1123 3554; baseline 0.002 -24"><span class='ocrx_word' id='word_1_280' title='bbox 200 3472 370 3549; x_wconf 87' lang='lat' dir='ltr'><strong>vitaverint,</strong></span> <span class='ocrx_word' id='word_1_281' title='bbox 393 3472 582 3534; x_wconf 84' lang='lat' dir='ltr'><strong>benefecisse</strong></span> <span class='ocrx_word' id='word_1_282' title='bbox 615 3482 645 3535; x_wconf 92' lang='lat' dir='ltr'><strong>et</strong></span> <span class='ocrx_word' id='word_1_283' title='bbox 678 3476 825 3534; x_wconf 85' lang='lat' dir='ltr'><strong>meruisse</strong></span> <span class='ocrx_word' id='word_1_284' title='bbox 859 3471 1060 3554; x_wconf 74' lang='lat' dir='ltr'><strong>praesumunt</strong></span> <span class='ocrx_word' id='word_1_285' title='bbox 1091 3480 1123 3534; x_wconf 82' lang='lat' dir='ltr'><strong>et</strong></span> 
     </span>
    </p>
   </div>
   <div class='ocr_carea' id='block_1_3' title="bbox 255 3739 688 3807">
    <p class='ocr_par' dir='ltr' id='par_1_5' title="bbox 255 3739 688 3807">
     <span class='ocr_line' id='line_1_40' title="bbox 255 3739 688 3807; baseline 0.005 -14"><span class='ocrx_word' id='word_1_286' title='bbox 255 3741 285 3807; x_wconf 80' lang='grc'><strong>*)</strong></span> <span class='ocrx_word' id='word_1_287' title='bbox 306 3739 410 3796; x_wconf 63' lang='lat' dir='ltr'><strong>toln&amp;</strong></span> <span class='ocrx_word' id='word_1_288' title='bbox 448 3739 496 3807; x_wconf 71' lang='lat' dir='ltr'><strong>”J</strong></span> <span class='ocrx_word' id='word_1_289' title='bbox 532 3740 627 3793; x_wconf 78' lang='lat' dir='ltr'><strong>Matth·</strong></span> <span class='ocrx_word' id='word_1_290' title='bbox 645 3740 688 3797; x_wconf 79' lang='lat'><strong>15.</strong></span> 
     </span>
    </p>
   </div>
   <div class='ocr_carea' id='block_1_4' title="bbox 0 0 1201 4170">
    <p class='ocr_par' dir='ltr' id='par_1_6' title="bbox 0 0 1201 4170">
     <span class='ocr_line' id='line_1_41' title="bbox 0 0 1201 4170; baseline 0 0"><span class='ocrx_word' id='word_1_291' title='bbox 0 0 1201 4170; x_wconf 95' lang='lat' dir='ltr'><strong> </strong></span> 
     </span>
    </p>
   </div>
  </div>
 </body>
</html>
