2392 4170
129 238 175 306 ,70
390 237 434 292 Da
453 237 530 308 Capt.
547 235 646 306 Babyl.
665 236 806 292 Ecclesiae

134 415 189 478 pro
218 394 356 470 Christo,
382 412 438 474 pro
469 393 529 453 hac
558 392 707 454 duntaxat
736 391 838 452 clamo
866 388 1011 452 libertate
1031 395 1062 451 et

136 487 166 540 st
188 479 387 553 conscientia,
411 476 573 556 clamoque
593 475 740 537 tidenter:

219 561 398 623 Christianis
429 560 500 620 nibil
524 560 585 620 ullo
609 562 673 620 inre
695 579 789 639 posse
809 558 926 639 imponi
948 556 1063 638 legum,

136 644 262 706 sivaab
292 643 466 705 homiuibus
497 644 563 704 sive
589 643 627 704 ab
659 642 795 722 angelis,
829 642 886 702 nisi
915 647 1062 720 quantum

136 729 258 805 volunt,
292 727 380 788 liberi
411 727 490 787 enim
520 747 624 787 sumus
654 726 692 787 ab
720 726 873 787 omnibus.
923 723 1016 800 Quod
1038 725 1063 784 si

136 831 216 892 quae
238 813 447 892 imponuntur,
469 812 514 870 sic
535 810 661 871 ferenda
683 817 762 886 sunt,
785 816 818 869 ut
829 807 977 869 libertatis
989 826 1063 869 con·

135 896 264 956 scientia
285 895 372 954 salva
394 895 448 969 sit,
482 913 560 973 quae
581 896 659 954 sciat
681 901 712 954 et
733 899 816 954 certo
839 890 990 968 affirmet,
1019 893 1062 951 in·

135 979 243 1039 iuriam
266 977 323 1038 sibi
346 977 420 1055 fieri,
442 996 533 1056 quam
559 996 628 1037 cum
651 976 749 1057 gloria
771 975 864 1055 ierat,
885 977 928 1035 ita
949 992 1062 1041 cavens

137 1082 176 1122 ne
197 1060 340 1121 iustificat
356 1068 529 1141 tyrannum,
552 1067 634 1120 utne
658 1066 942 1119 murmuretcontra
964 1064 1063 1137 tyran·

135 1143 249 1205 uidem.
293 1144 368 1219 Quis
392 1145 472 1204 enim
495 1152 541 1204 est
567 1142 801 1224 (aitPetrus*),
825 1143 875 1220 qui
899 1140 987 1202 vobis
1010 1158 1063 1201 no-

137 1236 215 1302 ceat,
237 1229 263 1287 si
285 1227 400 1288 bonum
424 1228 568 1288 aemulati
590 1227 715 1303 t'ueritis,
739 1227 843 1287 omnia
858 1231 1064 1303 cooperantur

139 1312 245 1372 electis
283 1312 313 1370 in
347 1311 472 1372 bonum.
527 1312 671 1372 Attamen
706 1311 778 1389 quia
806 1309 887 1368 hano
920 1307 1063 1388 baptismi

138 1394 267 1475 gloriam
302 1401 332 1454 et
369 1394 517 1455 libertatis
545 1394 736 1454 Christianae
763 1391 1064 1470 felicitatemipauci

139 1485 305 1553 noverunt,
329 1497 386 1538 nec
407 1498 482 1558 prae
504 1476 665 1558 tyrannide
688 1495 788 1556 papae
809 1493 903 1535 nosse
924 1479 1064 1555 possunt,

136 1562 204 1640 ipse
228 1579 276 1620 me
298 1560 504 1641 hicexpedio,
527 1567 558 1621 et
580 1561 799 1621 conscientiam
823 1577 922 1618 meam
936 1558 1064 1638 redimo,

138 1643 328 1723 compellans
350 1664 462 1724 papam
487 1649 517 1704 et
539 1663 646 1705 omnes
670 1647 817 1723 papistas,
840 1641 993 1721 quodnisi
1009 1660 1064 1702 sua

138 1729 204 1789 iura
216 1733 246 1787 et
259 1726 437 1788 traditiones
449 1727 634 1804 sustulerint,
657 1733 688 1787 et
699 1726 836 1786 ecclesiis
854 1724 965 1785 Christi
977 1723 1066 1785 liber·

136 1815 231 1870 tatem
264 1829 350 1870 suam
383 1812 586 1887 restituerint,
620 1829 751 1888 eamque
786 1808 889 1868 doceri
924 1807 1061 1884 fecerint,

137 1912 208 1954 reos
230 1912 299 1953 esse
320 1912 375 1954 eos
398 1895 535 1954 omnium
559 1894 747 1967 animarum,
772 1911 852 1970 quse
873 1891 932 1949 hac
955 1892 1065 1951 misera

139 1976 316 2055 captivitate
338 1981 482 2055 pereunt,
511 1994 641 2054 esseque
669 1983 822 2056 papatum·
845 1974 928 2034 alind
960 1993 1065 2034 revera

137 2059 211 2118 nihil
246 2077 338 2137 quam
373 2079 500 2139 regnum
531 2058 699 2138 Babylonis
728 2066 758 2118 et
790 2059 852 2116 veri
887 2057 1064 2117 antichristi.

138 2140 213 2216 Quis
247 2142 327 2201 enim
360 2148 406 2202 est
432 2142 526 2201 homo
561 2143 680 2222 peccati
708 2148 739 2201 et
766 2140 845 2200 tilius
873 2140 1064 2219 perditionis,

138 2225 292 2304 quomis,
321 2225 371 2303 qni
399 2225 461 2284 suis
494 2225 639 2285 doctrinis
667 2244 704 2284 ao
735 2224 854 2283 statutis
883 2229 1012 2302 peccata
1035 2228 1065 2282 et

136 2307 339 2386 perditionem
353 2308 522 2368 animarum
534 2315 627 2387 auget
637 2309 667 2367 in
680 2307 821 2385 ecelesia,
835 2306 946 2365 sedens
959 2314 1063 2366 tamen

135 2390 167 2449 in
190 2390 323 2450 ecclesia
344 2391 422 2450 siout
444 2391 551 2450 Deus?
584 2392 625 2450 At
650 2389 712 2451 hoc
738 2396 835 2449 totum
865 2388 987 2449 abunde
1009 2391 1064 2450 im·

137 2472 233 2552 plevit
253 2474 390 2553 tyrannis
414 2474 548 2554 papalis,
577 2474 635 2533 iam
660 2493 678 2532 a
700 2471 802 2532 multis
825 2472 953 2550 seculis,
985 2489 1064 2550 quae

137 2553 228 2615 fidem
250 2556 413 2635 exstinxit,
435 2564 628 2617 sacramenta
649 2555 841 2628 obscuravit,
870 2556 1063 2634 evangelium

138 2640 303 2719 oppressit,
326 2659 398 2700 snas
421 2647 606 2700 autemnon
630 2639 723 2700 modo
750 2639 861 2718 impias
890 2645 921 2698 et
941 2639 1064 2700 escule-

137 2740 209 2801 gas,
238 2741 342 2782 verum
371 2723 461 2782 etiam
491 2722 636 2783 barbaras
666 2729 696 2782 et
722 2722 949 2782 indoctissimas
979 2721 1063 2802 leges

136 2805 306 2884 imperavit,
329 2811 360 2866 et
382 2806 447 2865 sine
469 2806 530 2866 fine
551 2805 772 2885 multiplicavit.

218 2888 298 2948 Vide
320 2907 394 2967 ergo
418 2890 570 2949 miseriam
600 2889 785 2968 captivitatis
815 2893 952 2962 nostrae,
985 2905 1062 2965 quo·

139 2969 232 3031 modo
255 2969 362 3031 sedeat
383 2972 449 3031 sota
472 2973 580 3031 civitas
603 2971 695 3051 plena
717 2969 849 3050 popula,
872 2978 902 3029 et
923 2969 1005 3030 facta
1026 2971 1066 3030 sit

139 3052 230 3112 vidua
253 3053 378 3114 domina
400 3056 551 3133 gentium,
583 3056 724 3134 princeps
752 3053 977 3133 provinciarum
1006 3051 1061 3112 sub

136 3135 258 3196 tributo.
301 3135 370 3196 Non
395 3138 514 3215 estqui
537 3137 712 3198 consoletur
735 3155 818 3211 eam,
849 3136 943 3196 etiam
972 3136 1062 3197 amici

136 3219 201 3277 eius
230 3226 410 3298 spreverunt
437 3239 504 3280 eam
534 3228 591 3282 etc.
640 3221 699 3280 Tot
732 3218 871 3295 ordines,
904 3224 951 3279 tot
976 3219 1062 3296 ritus,

136 3304 182 3361 tot
203 3307 324 3376 sectae,
354 3308 400 3364 tot
423 3303 646 3382 professiones,
676 3309 721 3363 tot
749 3302 865 3378 studia,
899 3307 944 3361 tot
966 3319 1062 3382 opera

137 3391 222 3460 sunt,
245 3383 354 3462 quibus
380 3385 471 3446 hodie
494 3385 657 3448 Christiani
680 3390 879 3465 occupantur,
902 3391 934 3443 ut
956 3383 1061 3445 oblivi-

137 3474 261 3526 scantur
280 3466 425 3547 baptismi
448 3471 510 3545 sui,
538 3476 568 3530 sl
590 3488 682 3530 nemo
705 3487 778 3548 prae
800 3467 905 3527 harum
928 3467 1062 3528 locusta·

136 3569 219 3628 rum,
252 3569 427 3629 erucarum,
460 3552 643 3613 bruchorum
671 3551 862 3611 multitudine
884 3551 1062 3612 meminisse

191 3738 223 3806 *)
245 3740 269 3793 1.
289 3739 362 3796 Patr.
380 3738 406 3795 3.
442 3751 443 3754 ’
