2392 4170
146 250 211 322 &B
455 250 771 311 nemus&

146 419 233 496 tium,
254 419 524 497 murmurantium,
550 416 727 497 boantium,
761 415 869 478 ritlcus
889 435 947 480 ecs
966 433 1069 497 usquc

147 498 454 584 propbetsre,ncque
465 501 631 583 ornre,se‹l
648 508 766 562 tentum
778 519 836 562 suo
857 519 946 563 more
955 518 1070 562 souare

147 603 204 646 scu
239 582 358 645 timulns
394 585 464 646 illss
496 603 683 666 orgsuorum
723 581 823 667 (quse
857 583 916 645 sibi
948 583 1070 664 optim

147 669 279 729 consilio
300 669 514 746 sedaverunt,
546 680 580 730 et
607 667 710 728 simile
735 668 824 728 iuxts
850 667 951 728 simile
977 685 1070 727 suum

146 752 347 895 posueruntg,
367 771 472 813 nonne
491 754 610 832 optimo
627 753 693 812 iure
714 750 812 812 dicct:
853 749 936 828 Quid
954 749 1071 810 inssni·

147 833 206 896 tiit
247 833 306 911 Qui
356 837 439 897 euim
466 843 537 897 suut
563 838 622 896 nisi
650 833 772 896 tistulsc
799 847 852 895 sut
871 835 965 895 tibine
985 832 1072 911 illos,

24 968 27 975 .
146 936 224 998 ques
245 918 357 979 Psnlus
376 917 452 980 dicit
472 919 588 981 nullum
609 937 721 980 vocum
743 918 970 979 distinctionem
982 915 1072 997 llere,

147 1001 203 1063 scd
225 1008 342 1062 tuntum
364 1003 396 1064 iu
419 1022 492 1063 seru
505 1022 629 1080 sounrc,
650 1022 712 1063 uon
726 1002 823 1079 aliter,
843 1020 935 1082 quum
956 1001 984 1060 si
998 1001 1072 1079 quis

146 1083 371 1146 declamaturus
392 1095 572 1167 suggestum
584 1086 773 1148 conscendat
789 1094 820 1146 et
841 1086 947 1147 borum
968 1090 1073 1161 totoni

146 1178 238 1230 sonet
257 1169 351 1229 verbe
375 1173 537 1251 peregriua
562 1172 593 1231 in
616 1169 781 1250 populum,
808 1188 888 1248 quse
909 1185 1002 1229 uerno
1022 1167 1073 1228 iu·

147 1250 277 1332 tellignt
321 1251 432 1325 Nonne
461 1254 512 1313 bic
536 1255 567 1314 iu
596 1272 670 1314 sero
697 1252 851 1333 loquitur?
891 1251 1003 1312 Nouus
1024 1252 1073 1311 in·

145 1354 239 1395 mous
261 1336 471 1397 iudicnbitur?
512 1333 639 1398 Scilicet
660 1337 731 1397 tulis
751 1337 850 1397 cultus
872 1331 1004 1397 decebat
1020 1353 1071 1396 su·

145 1417 280 1499 crilegos
300 1428 332 1479 et
353 1419 755 1500 blasphemosadverserios
767 1419 888 1495 christi,
909 1426 942 1478 ut
962 1425 1073 1479 esseut

146 1500 243 1562 nihilo
266 1501 407 1563 meliores
430 1503 520 1563 mutis
547 1504 607 1564 illis
630 1513 660 1564 st
682 1504 793 1584 ligneis
813 1501 940 1578 tistulis,
970 1500 1072 1563 mullo

146 1585 252 1646 labore
273 1595 433 1662 senentes,
455 1585 527 1647 nibil
550 1587 708 1661 docentes,
731 1587 803 1647 nibil
825 1585 997 1664 discentes,
1024 1586 1073 1645 ui-

146 1667 189 1728 bil
212 1679 345 1747 orentes,
364 1677 397 1730 et
417 1677 520 1730 temen
543 1671 605 1731 boc
625 1690 705 1752 opus
717 1671 857 1731 iuscuiec
878 1687 1071 1749 prosumnus

147 1752 234 1812 istun
255 1751 417 1828 instarent,-
436 1755 572 1815 omnium
596 1773 672 1834 opes
692 1754 774 1814 illius
797 1753 913 1814 meritis
934 1750 974 1811 sd
997 1770 1071 1813 sese

145 1836 341 1899 notrivereut.
385 1835 426 1899 ot
458 1837 540 1898 bsuc
574 1836 698 1917 quidem
728 1837 853 1897 domum
880 1834 949 1896 telis
977 1834 1072 1897 decet

145 1919 329 1982 muctitudo.

227 2001 310 2064 Nihil
335 2002 385 2063 hic
412 2001 593 2065 dessectis
615 2003 701 2080 dico,
734 2003 786 2083 qui
807 2003 859 2083 pio
888 2021 945 2062 usu
966 2002 998 2062 iu
1020 2001 1071 2064 bis

145 2093 216 2146 suut
237 2087 411 2147 conversati
432 2086 579 2150 ludibriis.
621 2087 723 2167 lpsum
746 2088 827 2147 bunc
849 2085 963 2146 cultum
985 2084 1070 2165 dico,

145 2170 171 2229 si
194 2178 296 2230 cetere
317 2188 378 2230 uon
401 2178 561 2232 moverent
581 2170 620 2229 ed
643 2169 812 2251 rumpenda
833 2176 865 2229 et
887 2167 1070 2231 dimittendo

147 2258 219 2313 vote
241 2255 429 2332 mouestiee,
461 2253 583 2315 abunde
608 2255 683 2315 setis
705 2256 816 2314 instem
839 2272 963 2314 censum
986 2272 1068 2317 esse.

146 2334 226 2411 Quid
249 2337 330 2397 cuim
354 2346 401 2398 est
421 2338 480 2398 uisi
503 2357 619 2398 merum
641 2337 812 2413 ludibrium,
836 2356 902 2416 seu,
925 2344 958 2396 ut
980 2335 1068 2417 Apo·

145 2419 243 2479 stolus
265 2421 316 2498 eit,
339 2420 480 2481 insonis?
523 2420 565 2482 At
585 2421 714 2498 booest,
736 2421 818 2501 quod
833 2421 977 2501 primerio
993 2418 1067 2482 loco

145 2511 283 2581 vovetur,
306 2503 367 2565 hoc
388 2512 549 2584 quaerunt,
571 2507 622 2584 qui
634 2505 771 2585 religiosi
793 2503 878 2564 liunt.
921 2503 973 2564 Sic
984 2505 1066 2566 euim

145 2585 212 2647 Deo
234 2588 348 2648 servire
371 2597 563 2668 proponunt,
598 2596 723 2668 propter
745 2588 805 2650 bos
827 2586 984 2663 muudum,
1016 2606 1067 2649 res

144 2677 177 2730 et
198 2680 341 2750 potentes
364 2672 547 2750 relinquunt,
569 2682 695 2752 propter
716 2671 776 2732 hoc
787 2670 943 2751 abnegent
965 2677 1066 2732 semet

143 2754 238 2833 ipsos,
263 2760 296 2816 ut
307 2753 459 2816 Christum
483 2765 659 2834 sequentur.
703 2754 754 2816 Sic
774 2755 854 2814 euim
878 2753 1013 2815 eudeees
1035 2762 1066 2816 et

145 2836 314 2917 blasphemi
337 2838 477 2899 homiues
502 2839 604 2898 divine
625 2840 751 2901 orec'ule
762 2837 872 2899 Christi
897 2843 1004 2918 sptuut
1025 2837 1065 2899 sd

142 2920 224 2980 benc
245 2921 402 3002 puerilem,
426 2921 582 2983 ridiculam
605 2931 636 2983 et
657 2922 780 2983 stultum
803 2940 938 2999 scenam,
961 2922 990 2981 iu
1004 2939 1065 3001 qus

142 3004 200 3084 ipsi
223 3012 376 3083 prostent,
412 3011 557 3085 tunquam
592 3005 728 3085 fistulae,
761 3005 869 3082 tubes,
899 3003 1065 3067 sumboone

143 3095 246 3147 mulce
267 3096 297 3149 et
319 3090 495 3149 insensatae
508 3089 546 3150 sd
570 3089 749 3168 obsequium
764 3089 829 3167 Dei,
852 3088 941 3149 simul
959 3108 1063 3150 verum

142 3170 255 3231 cultum
268 3171 323 3232 [lei
347 3171 547 3251 ebucgeutes.
590 3173 701 3233 Nouus
723 3175 747 3234 si
774 3172 855 3232 serie
887 3178 918 3232 te
940 3173 1064 3234 vovisse

142 3254 237 3315 scires
259 3262 290 3314 et
311 3249 419 3336 postea
442 3255 628 3336 intelligeres
651 3257 767 3317 ludicre
789 3265 820 3317 et
842 3255 969 3316 ridicule
983 3274 1063 3345 esse,

144 3337 206 3396 voti
229 3339 271 3398 tui
293 3345 324 3398 te
335 3339 527 3418 poeniteret?
550 3358 653 3400 noune
670 3338 823 3400 mutares?
845 3358 949 3399 noune
960 3357 1063 3403 errore

141 3422 348 3497 excusaretis,
383 3423 435 3501 qui
470 3424 608 3484 vovisses
632 3423 744 3485 melum
768 3421 850 3502 quod
873 3421 1063 3502 ignorebssl

142 3499 234 3564 Oerte
257 3505 302 3565 sie
324 3503 410 3566 vides
432 3507 612 3586 contingere
622 3507 652 3566 iu
676 3508 755 3568 votis
769 3507 947 3566 monasticis
958 3503 1061 3569 bodie.

140 3586 188 3647 Au
211 3594 301 3667 putus
322 3595 442 3668 gret-um
465 3597 496 3650 el
518 3589 678 3669 probatum
702 3609 770 3649 esse
791 3588 874 3669 epod
892 3589 990 3649 Deum
1003 3588 1062 3650 boo

139 3669 267 3738 sotum?
312 3672 361 3735 An
382 3671 434 3734 ille
461 3674 579 3755 quesiti
603 3674 714 3734 multos
743 3679 841 3733 mutos
865 3671 983 3734 listulas
1003 3671 1060 3733 sibi

131 3760 338 3853 congregari,
361 3779 444 3847 quse
467 3756 623 3823 belecteut
642 3775 712 3819 eum
728 3764 872 3817 scueutes
894 3756 924 3819 in
948 3752 1041 3820 cerel
