2392 4170
1039 241 1059 312 b

134 407 224 497 leta
263 408 463 496 Reverendl
498 409 615 497 l'atrls
655 411 694 499 ll.
729 411 876 500 llartlnl
907 412 1058 504 brrtlerl

135 525 187 587 Au
234 522 372 605 stiniaui,
395 543 502 587 coram
526 523 557 589 S.
582 523 745 592 Caesarea
760 525 940 608 Maiestate,
968 528 1058 594 Prin·

133 607 197 691 cipi
221 627 259 668 us
283 604 494 687 Electoribus,
517 613 549 670 et
570 605 699 692 Imperii
733 607 920 692 Ordinibus,
944 612 976 676 in
1005 632 1057 677 cc·

330 688 427 753 mitiis
448 689 632 774 Principum
654 691 861 758 Wormatiae.

219 808 309 868 Anno
332 807 438 870 salutis
462 819 585 870 nostrae
606 811 644 872 ll.
668 812 703 876 D.
726 810 808 874 XXI.
832 821 903 894 post
930 812 1058 874 domini·

132 908 201 954 eam
235 889 443 954 Misericordia
466 893 588 953 Domini
620 895 693 955 ferio
716 898 820 972 tertia,
845 896 961 957 Doctcr
980 898 1058 957 Mar·
1092 920 1099 929 ·
1134 968 1139 975 Ι
1179 946 1188 973 Ι.

135 977 215 1035 tinus
239 974 397 1053 Lutherus,
420 977 611 1056 professione
633 977 1057 1058 Augustinianus,'Worma-

135 1060 208 1118 liam
232 1059 388 1138 ingressus
416 1067 478 1140 est,
508 1069 636 1121 vocatus
665 1081 683 1120 a
713 1061 825 1122 Carolo
856 1060 1058 1144 Imperatore,

134 1143 200 1202 eius
225 1143 357 1202 nominis
372 1142 420 1223 V,
444 1143 530 1222 Rege
552 1144 778 1223 Hispaniarum,
802 1144 975 1206 Archiduce
999 1150 1057 1207 An·

133 1225 227 1285 striae
250 1231 318 1300 etc,
342 1225 505 1306 quiprimo
527 1227 646 1307 imperii
670 1229 714 1287 sui
739 1246 820 1288 anuo
836 1230 964 1307 primum
981 1231 1059 1290 Con·

133 1314 258 1369 ventum
281 1307 454 1389 Principum
476 1310 506 1369 in
530 1330 567 1370 ea
590 1309 663 1370 urbe
685 1312 771 1388 regia
793 1311 969 1374 celebravit.

217 1389 292 1450 (lum
315 1398 418 1452 autem
441 1399 513 1453 ante
534 1395 696 1453 triennium
721 1393 883 1454 Paradcxa
906 1396 1057 1474 quaedam

91 1486 96 1491 '
133 1472 318 1554 disputanda
340 1477 553 1555 proposuisset
574 1473 815 1554 Witlembergae
834 1477 863 1537 in
884 1477 1059 1538 saxonibus

135 1557 172 1620 D.
196 1557 346 1619 Martinus
368 1557 514 1619 adversus
537 1559 728 1640 tyrannidem
759 1560 888 1619 Romani
913 1560 1058 1641 Episcopi

134 1639 236 1782 Squae
257 1643 360 1701 tamen
393 1642 513 1703 interim
544 1662 563 1702 a
593 1641 760 1703 Pontiliciis
794 1645 878 1703 varie
916 1644 1059 1721 lacerata,

155 1730 281 1784 amnala
315 1731 345 1784 et
387 1731 497 1787 exusta
528 1726 666 1800 fuerunt,
712 1746 730 1785 a
758 1724 841 1786 nullo
871 1734 973 1787 tarnen
1008 1737 1061 1786 out

134 1806 298 1887 Scripturis
320 1814 372 1867 aut
393 1807 561 1869 rationibus
592 1807 772 1888 convicta),
805 1811 908 1889 coepit
942 1830 989 1868 res
1019 1809 1059 1869 ad

133 1888 294 1950 tumultum
317 1897 472 1972 spectare,
491 1892 584 1971 vulgo
613 1910 737 1952 causam
762 1892 922 1972 Evangelii
953 1893 1058 1953 sdver-
1172 1936 1177 1946 1

133 1992 186 2033 sus
209 1971 348 2033 clericos
376 1980 489 2035 tuente.
543 1973 582 2034 Et
611 1975 650 2035 ob
683 1975 712 2034 id
747 1976 860 2034 bonnm
891 1975 1082 2053 videbatur,-

134 2055 349 2136 instigantibus
382 2057 531 2118 Romanis
563 2057 702 2138 Legatis,
743 2067 777 2118 nl
812 2059 878 2137 ipse
910 2058 1058 2118 Lutherus

131 2146 350 2214 accerseretur,
375 2140 479 2201 Fetiali
503 2140 657 2202 Caesareo
681 2149 711 2201 ct
732 2141 839 2201 Literis
871 2141 947 2201 salvi
982 2142 1059 2202 Ooo-

136 2223 245 2282 ductus
256 2223 285 2282 in
302 2223 394 2283 hoca
417 2225 549 2285 Caesare
574 2231 605 2284 et
621 2225 810 2304 Principibus
826 2224 914 2287 datis.
949 2226 1061 2285 Accer-

135 2307 221 2382 situr,
243 2306 336 2384 venit,
360 2324 397 2366 aa
420 2306 541 2366 divertit
562 2308 592 2364 in
617 2308 731 2375 curium
756 2307 989 2386 crucigercrum
1009 2308 1061 2368 mi·

136 2388 233 2465 litum,
255 2408 309 2449 seu
333 2408 410 2468 quos
435 2396 547 2449 vocant
568 2389 729 2450 Teutonici
746 2389 872 2466 ordinis,
895 2392 943 2450 ubi
959 2391 1062 2470 hospi-

136 2472 180 2532 lio
203 2471 351 2532 collectus
374 2481 431 2545 est,
453 2479 483 2532 et
505 2494 521 2531 a
545 2472 647 2531 mullis
671 2472 851 2548 Comitibus,
881 2473 1061 2553 Beronibus,
1169 2491 1170 2494 ’

136 2554 298 2634 Equilibus
320 2557 448 2632 auratis,
472 2554 648 2632 Nobilibus,
672 2553 823 2614 sacrificis
852 2562 884 2615 et
915 2555 1061 2634 profanis,

136 2639 167 2698 in
192 2636 318 2697 multum
342 2657 438 2717 usque
458 2646 580 2698 noctem
603 2637 752 2698 salutatus
775 2655 813 2697 ac
834 2639 1006 2716 requisitus.

222 2721 364 2780 Ceterum
388 2720 488 2781 multis
518 2728 549 2780 et
580 2720 775 2780 adversariae
809 2721 903 2800 partis
933 2728 964 2779 et
995 2720 1062 2779 aliis

137 2802 288 2864 adventus
310 2804 375 2864 eius
398 2822 522 2883 prorsus
545 2813 666 2883 praeter
692 2804 869 2882 opinionem
899 2803 1063 2866 acciderat.

138 2887 215 2947 Nam
239 2885 296 2946 elsi
325 2905 379 2965 per
408 2887 551 2947 nuncium
581 2887 769 2966 imperialem
795 2894 826 2947 st
855 2884 933 2945 dalis
957 2885 1063 2945 biteris

138 2968 281 3050 publicae
310 2969 380 3030 fidei
409 2971 575 3031 accersitus
606 2977 685 3045 erat,
705 2976 821 3035 ,tamen
858 2970 928 3048 quia
957 2970 1063 3048 paucis

138 3052 256 3133 diebus,
280 3058 443 3132 antequam
470 3054 597 3133 veniret,
619 3051 741 3133 publice
763 3060 794 3112 et
821 3053 921 3134 palam
952 3050 1062 3112 adfixis

139 3134 235 3196 literis
258 3136 323 3195 eius
351 3135 417 3196 libri
449 3135 584 3196 damnati
615 3144 718 3212 erant,
748 3153 839 3196 nemo
869 3136 1065 3195 existimabat

139 3237 223 3296 enm,
257 3217 319 3278 hoc
352 3219 539 3297 praeiudicio
574 3219 828 3292 condemnatum,
862 3217 1062 3278 adventurum

139 3321 218 3362 asse.
262 3299 301 3359 m
329 3320 397 3360 cum
427 3302 457 3361 in
493 3303 593 3362 vicino
625 3302 740 3382 oppido
771 3300 978 3381 Oppenlreim,
1013 3301 1062 3359 nbi

160 3386 270 3444 rimum
296 3384 372 3444 haec
394 3386 517 3445 rescivit
540 3384 702 3460 Lutherus,
731 3384 769 3443 ab
793 3384 899 3443 amieis
922 3385 987 3444 elus
1009 3383 1062 3442 de·

139 3405 280 3528 liberatio
303 3466 480 3546 baberetur,
508 3486 546 3527 ac
574 3467 711 3547 plerique
743 3466 939 3526 consulerent
950 3465 994 3546 *),
1026 3486 1063 3525 ne

444 3588 549 3597 ——,

213 3619 243 3685 ‘l
266 3621 296 3675 In
319 3618 362 3675 ed.
382 3618 445 3674 an.
470 3589 596 3675 haec-in
620 3621 744 3691 margins
768 3621 910 3690 leguntur:
941 3619 1064 3674 Buceros

140 3691 166 3746 ei
185 3691 308 3746 occurrit
331 3691 359 3745 in
385 3690 490 3760 oppido
515 3691 686 3762 Oppsnheim
720 3691 885 3750 dissuadens
910 3690 1064 3761 ingressum

141 3761 310 3819 snbomstus
329 3776 348 3818 a
365 3761 536 3833 llognntino.
