2392 4170
131 224 196 297 m
424 219 769 286 Oonlutstin‘butborlana

215 385 346 448 Rursum
369 386 508 466 egregius
532 385 697 468 theologus
718 384 810 449 illud:
834 386 950 449 Omnes
972 384 1058 448 iusti·

133 469 194 535 tine
216 476 340 532 nostras
359 469 514 549 pollutae,
546 469 628 550 quod
657 468 983 550 fidelibusiiguratunr
1006 469 1058 531 tri·

133 551 255 628 bucrat,
285 551 408 615 tandem
421 554 450 626 ¹)
475 554 542 615 sinc
563 552 662 634 figura
684 553 788 614 tribuit
803 552 925 614 ludaeis
947 551 1058 613 ultime

133 637 276 710 vaslobs,
311 635 348 696 de
376 635 488 715 quibus
509 636 591 697 bunc
613 637 712 698 locum
737 638 993 716 interpretantur,
1018 643 1058 697 -ιιι

133 718 285 796 babeant,
307 737 436 798 quorum
460 720 590 780 iustitias
612 738 720 782 omnes
742 720 818 779 citra
839 718 968 798 liguram
990 719 1059 799 pol·

133 802 214 863 lutae
233 821 413 865 asseverare
436 805 563 882 possint.
593 803 640 864 lta
653 803 799 864 Latomus
820 802 877 863 sibi
893 802 1058 865 licentur

132 886 163 949 in
192 885 302 947 divinis
337 885 431 947 literis
461 893 586 966 arrogat
623 886 821 962 libidinandi,
856 887 946 947 etiam
980 884 1058 949 dum

112 969 213 1031 ‘sena
234 966 366 1051 dioit2),
400 977 430 1030 et
463 987 519 1050 pro
548 969 610 1030 fide
632 979 740 1030 contra
762 970 928 1050 pessimum
952 969 1058 1031 baare·

132 1053 224 1114 ticum
247 1059 374 1132 pugnat
418 1052 448 1113 Si
476 1070 575 1113 essem
604 1053 776 1115 haereticus
810 1050 913 1134 (quod
936 1058 1059 1115 ιιιιιιιι

132 1133 290 1211 &natust
324 1144 355 1196 st
388 1136 442 1196 has
471 1136 611 1197 larvas
603 1157 633 1196 ιιι
667 1156 715 1196 ms
745 1154 902 1197 cernerem
939 1136 1058 1210 instrui,

132 1219 315 1281 sententiam
347 1236 446 1280 meam
473 1219 642 1300 firmarem,
675 1227 706 1280 et
734 1220 838 1279 omnis
864 1218 988 1280 illorum
1004 1237 1058 1283 ou

132 1309 240 1400 specta
260 1301 405 1363 haberem
435 1323 475 1363 ex
505 1303 594 1364 illa'
586 1322 654 1383 rpsa
675 1303 882 1364 inconstantia
909 1309 942 1362 et
963 1318 1058 1382 nugas

132 1386 242 1461 nitate,
265 1404 366 1466 usque
397 1388 477 1447 enim
511 1387 593 1446 seria
622 1405 680 1446 nec
714 1405 787 1446 vera
814 1405 870 1447 sos
899 1383 1059 1446 crederem

133 1477 253 1542 ιιιιιι,
287 1475 403 1548 quanto
432 1471 533 1549 tnagis
556 1487 637 1530 nunc
661 1488 699 1529 ea
713 1469 745 1543 ³)
772 1468 864 1529 ιιὶιιιι
887 1468 1003 1530 damno
1022 1475 1057 1529 cl

133 1551 278 1613 detestor.
1016 1588 1020 1595 -

214 1635 283 1711 Age
310 1642 415 1696 ιιιιιιιι
448 1636 550 1696 valeat
587 1637 645 1696 ista
681 1634 880 1731 bovenicnsis
914 1640 945 1694 ιι
975 1652 1061 1694 nova

131 1717 358 1798 theologisnndi
383 1720 474 1791 ratic,
497 1728 527 1779 st
549 1738 610 1779 uno
634 1717 728 1778 verbo
752 1715 988 1778 omniabutcmi
1010 1735 1059 1778 su·

131 1799 195 1863 bito
217 1801 395 1863 subvertero
427 1811 458 1863 st
485 1821 560 1863 mox
590 1802 704 1863 vicero.
754 1800 882 1876 Quoties
911 1800 992 1861 eninr
1016 1800 1059 1861 in·

132 1883 229 1947 ductis
243 1884 455 1946 autoritatibus
480 1884 649 1959 cavillatur,
673 1904 752 1962 opus
770 1884 883 1945 bonum
902 1901 963 1944 non
986 1901 1058 1945 esse

132 1975 305 2048 peccatum,
329 1967 477 2029 divertam
500 1968 540 2029 ad
561 1967 642 2028 istud
665 1967 810 2046 effugium
832 1964 1058 2047 synecdoches,

131 2056 163 2112 ct
194 2051 310 2112 dicam:
354 2050 440 2129 Opus
475 2049 589 2111 bonum
623 2049 801 2128 intelligitur
835 2048 1060 2130 particulariter

132 2132 257 2210 bonum,
281 2133 419 2192 similiter
450 2141 480 2193 et
513 2142 674 2213 peccatum
703 2133 927 2212 particulariter
948 2150 1058 2212 pecca·

132 2225 205 2277 turn.
236 2216 288 2276 Sic
310 2217 391 2276 enim
413 2217 480 2296 ipse
504 2215 622 2294 aliquas
646 2216 817 2294 aliquorum
840 2217 972 2275 iustitias
996 2234 1058 2276 non

132 2298 329 2361 benefactae
358 2298 605 2378 synecdocbisat.
651 2299 731 2374 Quid
765 2300 821 2359 erit
848 2307 910 2358 tum
939 2297 1059 2359 facilius

131 2400 200 2443 rnen
222 2383 352 2443 victoria
364 2382 411 2442 his
428 2385 519 2443 armis
536 2382 702 2443 adversarii
715 2383 811 2462 ipsius
828 2385 940 2461 partui
965 2382 1059 2457 linco,

131 2465 192 2526 boo
220 2474 265 2525 est
287 2465 493 2526 Lovanialitar
521 2476 551 2526 et
573 2465 785 2525 Latomialiter
813 2484 936 2525 sensum
960 2465 1059 2542 Scrip-

131 2556 217 2609 turae
249 2569 267 2609 e
302 2548 372 2623 nto,
408 2549 632 2628 consequentia
665 2556 695 2609 ιι
727 2548 959 2608 circumstantia
992 2567 1059 2607 ver·

132 2629 240 2695 borum
262 2631 383 2707 ducere,
407 2651 485 2711 quos
509 2639 610 2692 tamen
636 2631 830 2710 parricidium
854 2638 901 2690 est
924 2637 1059 2700 truncos,

133 2715 250 2795 stipites
273 2715 440 2796 appellare.

215 2798 359 2860 Facessat
382 2818 456 2879 ergo
484 2800 543 2858 ista
564 2798 730 2858 Lovanitas
764 2805 795 2858 et
823 2816 896 2856 vera
928 2796 1060 2870 vanitas,

132 2889 163 2941 et
173 2881 336 2962 Augustini
360 2882 522 2953 sententis,
546 2899 626 2959 quae
647 2883 743 2959 ipsius
768 2880 904 2940 veritatis
927 2887 958 2939 et
975 2894 1058 2939 com-

132 2966 231 3024 munis
256 2965 391 3024 omnium
414 2984 523 3024 sensus
551 2972 612 3042 est,
648 2964 736 3024 nobis
770 2962 819 3022 hic
847 2968 1059 3041 supponatur:

133 3047 242 3128 Figura
265 3047 337 3106 nihil
372 3047 500 3126 probat,
533 3046 615 3125 quod
650 3047 720 3106 licet
757 3046 794 3105 de
828 3047 923 3105 sacris
958 3065 1059 3106 rerunt

132 3129 236 3208 liguris
260 3129 385 3205 dixerit,
421 3130 493 3190 nibil
524 3131 622 3190 minus
647 3131 739 3190 etiam
762 3128 970 3208 grammaticis
995 3145 1060 3188 ver·

132 3211 239 3273 boram
273 3211 376 3291 liguris
411 3214 509 3292 aptari
543 3212 706 3273 commode
742 3221 853 3291 potest.
910 3213 940 3270 ln
977 3210 1061 3271 nulla

132 3296 213 3357 enim
236 3295 401 3375 Scriptura,
425 3295 536 3355 nedum
560 3296 681 3373 divina,
705 3296 818 3374 figuras
842 3302 966 3375 captare
988 3294 1061 3355 licat

133 3397 189 3459 pro
213 3398 297 3440 mera
317 3378 458 3457 libidine,
494 3378 548 3439 sed
576 3380 664 3438 vitari
696 3377 824 3452 debent,
858 3387 889 3437 et
918 3376 1060 3456 simplici,

132 3481 227 3542 purae
260 3461 486 3541 primariaeque
514 3461 676 3523 verborum
712 3460 928 3542 significationi
963 3461 1060 3521 niten-

139 3590 320 3613 φθῇ-..αμυσ-
321 3598 387 3608 -----

204 3649 237 3718 ι)
259 3648 446 3704 inediam:
480 3656 622 3717 tanquam.
668 3646 700 3715 2)
723 3648 754 3702 ln
773 3649 838 3704 edit.
858 3651 947 3720 orig.·:
977 3647 1060 3703 ducit

133 3724 165 3793 3)
187 3720 217 3775 lu
240 3721 304 3778 edit.
323 3720 386 3778 Jcn.
407 3720 497 3777 deest:
517 3738 559 3776 ιιι.
