2392 4170
404 251 457 304 fide
475 253 567 305 intusa
587 258 614 304 et
633 253 774 320 acquisita.
999 247 1061 313 273

134 409 199 463 turn
223 411 270 464 est
292 405 318 464 ei
342 406 380 464 ad
403 405 555 465 iustitiam
593 402 682 480 Quod
706 405 947 484 apostolusdicit
969 405 1061 500 scrip

135 496 199 545 tum
222 496 346 566 propter
368 506 435 564 nos,
460 496 542 547 utet
565 509 620 546 nos
644 489 1014 568 credamuspromittenti,
1030 496 1062 547 ut

132 566 338 632 testificamur
385 569 467 650 Ergo
492 572 665 630 necessaria
688 579 734 630 est
755 569 841 630 tides
1014 614 1017 619 -

218 650 333 728 Tertio,
356 654 500 732 exemplo
522 653 689 713 Zachariae
711 652 812 713 Lucae
834 660 868 730 l.,
893 653 954 731 qui,
977 651 1059 729 quod

134 753 196 793 noa
231 733 359 794 credidit
392 735 503 815 angelo
536 737 722 816 promittenti
753 733 921 797 Iohannem
955 733 1060 813 fllium,

134 835 299 896 percussus
322 826 379 893 est,
402 832 434 880 ut
456 828 537 879 esset
559 833 669 878 mut-ue.
713 816 814 894 Quare
836 818 912 879 fides
935 820 1060 881 omnino

134 908 181 959 est
205 903 388 963 necessaria.

219 981 346 1060 Quarto,
361 983 420 1043 huc
443 983 748 1063 pertinentexempla
770 983 823 1044 illa
844 984 882 1045 ad
906 983 997 1043 Hebr.
1012 987 1060 1058 lt,

135 1083 216 1142 quae
238 1065 400 1144 apostolus
423 1066 538 1126 indicat
566 1067 603 1125 de
634 1066 692 1125 fide
716 1067 908 1144 antiquorum
933 1078 1062 1145 piatrum,

133 1149 1061 1229 etomniamiraculctlhristiinEvangelic,ubisemperprae·

133 1231 293 1310 requisivit
315 1229 406 1293 fldem
429 1251 544 1295 corum.
590 1231 676 1293 Unde
699 1232 737 1291 ad
761 1233 941 1312 pralyticum
966 1233 1060 1292 dixit:

135 1311 280 1391 Confide,
310 1313 369 1391 fili,
396 1316 588 1375 remittuntur
616 1314 667 1374 tibi
699 1325 827 1394 peccata
855 1323 916 1377 tua.
960 1314 1000 1375 m
1021 1312 1061 1375 ad

135 1396 294 1459 Abraham
321 1397 385 1458 loh.
416 1403 463 1461 tl:
494 1397 526 1458 si
548 1396 727 1473 credideris,
760 1397 823 1457 dixi
844 1397 913 1471 tihi,
944 1397 1060 1457 videbis

133 1480 264 1559 gloriam
290 1478 347 1540 dei.
391 1479 442 1541 Sin
462 1481 583 1541 Petrum
602 1480 812 1559 reprehendit:
835 1478 976 1541 Medicas
990 1479 1060 1541 hdei

132 1580 229 1641 quare
252 1562 419 1623 dubitasti?
466 1567 495 1622 ln
518 1563 564 1622 his
588 1571 617 1623 et
649 1562 790 1623 omnibus
825 1562 893 1622 aliis
924 1563 1061 1625 ridemur

135 1645 342 1724 praecessisse
365 1645 455 1705 fidem
480 1647 679 1706 certissimam
704 1665 795 1706 omne
807 1646 983 1705 miraculum
1008 1657 1060 1707 aut

134 1728 266 1808 gratiam
291 1727 347 1789 dei.
392 1728 431 1789 m
454 1730 546 1789 totius
571 1727 745 1808 Scripturas
768 1727 1060 1825 historiaeprpbant

134 1810 226 1888 idem,
248 1811 405 1890 quomodo
428 1810 621 1873 credentibus
644 1811 719 1871 deus
749 1810 882 1884 affuerit,
913 1822 944 1871 et
965 1813 1057 1873 incre

134 1893 225 1954 dulos
245 1913 367 1990 semper
388 1894 571 1973 reliquerit
564 1914 593 1953 rn
618 1897 701 1954 omni
723 1912 826 1973 opere.
852 1893 974 1970 Quanto
998 1913 1059 1955 ma·

133 1977 197 2056 gis,
230 1977 255 2036 si
283 1977 313 2036 in
344 1995 456 2056 magno
491 1979 551 2037 isto
582 1996 675 2056 opere
708 1988 967 2045 sacramentorum
997 1996 1058 2038 non

133 2059 362 2136 crediderimus,
385 2060 457 2120 nihil
480 2060 572 2120 faciet
594 2060 753 2121 nobiscum
776 2069 831 2120 eto

387 2247 605 2309 Conclusio
627 2247 811 2308 secunda.

218 2387 331 2455 Fides
360 2390 557 2466 acquisita
585 2389 670 2447 sine
702 2389 834 2447 inlusa
862 2388 955 2448 nihil
982 2400 1060 2467 ast,

134 2470 365 2543 intusasine
402 2471 602 2550 acquisita
631 2471 762 2530 omnia
796 2478 861 2531 est.
911 2470 1060 2533 Probatur

135 2554 249 2633 primo:
274 2552 354 2629 Quia
376 2555 473 2626 omrris
497 2554 590 2614 homo
614 2553 746 2612 mendax
762 2561 793 2613 et
814 2555 955 2613 universa
977 2558 1059 2616 vani-

134 2645 182 2697 tas
204 2638 304 2697 omnis
326 2637 419 2697 horno
443 2638 559 2697 vivens.
602 2634 704 2711 Quare
728 2637 827 2696 omnis
850 2639 1057 2716 generisopus

133 2727 223 2781 extra
250 2720 380 2800 gratiam
404 2719 452 2780 dei
475 2725 635 2799 peccatum
664 2727 719 2777 eat.
764 2717 823 2780 sed
853 2717 929 2777 fides
956 2721 1059 2798 acqui·

133 2805 257 2862 sitaest
279 2801 399 2863 habitus
422 2804 468 2862 vel
492 2810 588 2879 actus,
621 2809 654 2860 ut
688 2800 806 2877 dicunt,
841 2801 982 2860 humanis
1018 2805 1057 2863 vi·

132 2885 216 2946 ribus
245 2893 379 2965 paratus.
428 2884 531 2961 Quare
562 2887 627 2965 ipse
650 2904 746 2944 vanus
775 2893 804 2944 et
840 2884 973 2944 mendax
1003 2899 1058 2947 est.

133 2968 213 3029 Nem
236 2969 265 3027 in
288 2967 348 3029 hoc
376 2968 567 3029 concordant
588 2969 679 3028 etiam
710 2968 851 3028 doctores
873 2967 1059 3046 scholastici,

134 3051 218 3130 quod
242 3051 336 3111 virtus
359 3053 406 3112 vel
430 3071 508 3130 opus
532 3060 619 3111 extra
641 3052 769 3130 gratiam
794 3069 854 3111 non
877 3052 917 3110 sit
940 3052 1059 3111 [nerito-

131 3137 209 3195 rium
232 3139 264 3195 et
284 3136 406 3197 malum
450 3133 510 3195 sed
539 3133 615 3194 fides
638 3135 790 3212 acquisita
811 3142 857 3194 est
884 3134 977 3194 virtus
1008 3154 1058 3194 nc-

132 3226 202 3279 tura
225 3218 373 3296 acquisita
395 3224 426 3278 et
449 3217 625 3278 naturaliter
647 3236 795 3313 operans,
817 3234 912 3294 quare
933 3235 1059 3297 prorsus

133 3299 207 3361 nihil
237 3310 285 3359 est
312 3300 352 3361 ad
378 3309 619 3378 sacramentum,
650 3301 696 3360 vel
719 3301 847 3379 gratiam
876 3304 1059 3361 sacramenti

132 3383 370 3463 assequendam.

218 3465 372 3544 Secundo,
393 3465 469 3526 fides
492 3463 635 3526 Abrahae
665 3464 753 3528 Rom.
777 3466 804 3526 4.
828 3465 954 3527 nobis
946 3485 976 3527 ru
1006 3486 1058 3526 ex·
1127 3458 1140 3473 '

133 3550 270 3629 emplum
294 3551 394 3630 posita
415 3568 476 3610 non
501 3555 603 3629 potest
624 3545 662 3608 de
686 3549 835 3626 acquisita
856 3548 951 3608 intelli
975 3549 1058 3624 i,sed

133 3633 173 3696 de
194 3633 294 3693 inlusa
316 3651 370 3712 per
392 3631 535 3712 Spiritum
560 3638 708 3692 sanctum.
732 3632 875 3712 Alioquin
893 3568 979 3691 Penii
993 3639 1059 3700 tota

133 3715 267 3796 epistola
289 3726 453 3793 corrueret,
475 3716 504 3774 in
528 3733 589 3795 qus
611 3720 704 3792 negat
724 3722 756 3781 et
776 3713 911 3791 destruit,
922 3714 1058 3792 aliquem

160 3832 252 3874 Lumen
267 3843 317 3882 opp.
333 3832 358 3874 V¹
375 3832 402 3871 A.
417 3831 451 3872 ad.
469 3829 745 3880 rer.h1st.r.p.v01.v.
939 3799 978 3866 ‘lg
