2392 4170
132 241 197 315 268
221 296 231 309 ,
441 246 486 306 De
502 249 576 305 votis
593 245 755 306 monastiria

134 417 208 501 qnid
225 418 310 482 Dens
331 438 424 501 snper
442 421 542 502 ipsum
566 422 692 501 nngitet,
716 438 829 504 nempe
851 420 1057 502 ongitstionsn

133 503 230 586 panis,
254 511 379 585 propter
400 506 581 587 sanguinem
604 505 727 579 Christi,
746 505 930 567 clamantem
947 505 1057 566 remis·

133 588 252 685 sionem
289 594 485 668 pennatorum
528 597 559 650 et
585 589 675 652 Abba
706 589 796 652 Pater
838 590 868 648 in
909 586 1056 651 sordibus

133 678 311 834 malignus
333 757 537 838 eogitationes
566 757 740 819 mortalium
768 754 909 834 timidae,
943 753 1057 834 quibus

132 854 192 899 uos
214 856 275 897 non
300 838 365 901 vult
386 841 449 914 niti,
471 839 556 901 dedit
576 859 651 921 ergo
673 840 910 921 promissionem
939 839 1055 900 miseri·

133 920 276 1001 sordine,
297 922 386 985 iussit
406 922 516 1002 fidere,
539 922 651 985 adieoit
685 922 909 985 inaestimabile
942 921 1055 1003 pignus

132 1004 241 1066 Filium
264 1024 350 1066 suum
374 1008 574 1087 unigenitum,
596 1015 629 1068 ut
650 1026 742 1089 super
756 1007 960 1086 cogitationes
975 1007 1053 1079 eins,

132 1107 188 1168 per
208 1090 443 1169 promissionem
467 1091 687 1173 manifestatas,
710 1110 766 1172 per
787 1090 939 1152 Christum
968 1089 1057 1169 sigil-

132 1171 222 1247 latas,
246 1173 378 1233 nitamur
401 1175 476 1235 oerti
498 1180 529 1236 et
551 1173 630 1236 firmi
652 1177 744 1253 etiam
774 1173 922 1235 adversus
948 1180 1056 1253 portus

133 1254 231 1332 inferi,
255 1254 335 1318 adeo
356 1264 389 1317 ut
411 1259 435 1318 si
459 1258 550 1319 etiam
573 1258 713 1320 labamur
733 1266 764 1319 et
784 1275 959 1338 peeoemus,
981 1275 1056 1316 mox

132 1357 345 1420 resurgemus,
368 1359 491 1422 semper
511 1343 646 1405 seientes
668 1361 727 1403 nos
749 1360 811 1403 uon
835 1341 957 1422 plaeere
988 1358 1053 1402 non

132 1441 228 1503 possa
249 1430 375 1505 propter
395 1423 558 1504 Christum,
581 1427 632 1505 qni
654 1432 780 1507 propter
801 1442 859 1485 nos
887 1443 949 1484 uon
979 1442 1054 1505 pos-

131 1524 236 1567 sumus
254 1510 321 1568 lion
343 1506 512 1588 displioere.
557 1509 625 1570 Hoo
653 1529 745 1570 seusu
772 1508 877 1589 glossa
909 1508 968 1568 ista
1001 1507 1055 1587 pia

131 1594 164 1650 et
182 1589 255 1651 boui
278 1611 350 1651 nens
372 1593 446 1666 erit,
467 1599 560 1673 atque
582 1612 651 1653 oum
674 1593 769 1655 Panlo
804 1598 836 1653 st
867 1596 933 1653 tota
954 1588 1054 1670 Serip-

131 1678 199 1735 tura
219 1694 274 1754 per
296 1676 400 1736 omnia
422 1677 578 1739 usuvenit.
618 1677 699 1739 Vere
728 1677 808 1738 euim
837 1681 945 1737 eontra
978 1692 1055 1735 onn-

133 1757 292 1819 snisutinm
317 1765 477 1837 operatur,
500 1767 530 1821 et
552 1766 663 1841 peoeat
689 1762 739 1841 qni
769 1778 833 1822 non
861 1757 958 1820 eredit
998 1775 1053 1818 sen

133 1839 286 1903 Christum
308 1860 372 1903 non
388 1840 496 1921 habet,
518 1850 549 1904 et
565 1849 692 1905 econtra
708 1862 853 1905 vereuon
873 1839 978 1918 eredit,
1001 1842 1053 1920 qni

133 1931 240 1985 eontra
271 1927 490 1987 eonscientiam
526 1933 685 2007 operatur,
726 1935 759 1989 ut
791 1932 852 1987 stet
883 1925 1052 1985 sententia:

133 2006 191 2083 Qui
223 2027 286 2071 uon
323 2008 529 2089 erediderit*)
568 2009 839 2084 condemnabitur,
883 2009 953 2088 quia
989 2025 1053 2067 non

133 2090 229 2152 eredit
263 2092 336 2152 ,sibi
384 2100 512 2172 peeeatn
561 2093 732 2155 indubitato
779 2093 923 2170 remissa,
972 2108 1055 2170 qnae

132 2176 322 2235 conscientia
344 2178 451 2256 mergit
484 2197 552 2238 eum
583 2179 613 2237 in
644 2176 888 2255 damnationem,
924 2192 1054 2234 manens

133 2263 260 2318 onerate
281 2262 427 2338 peccatis.

214 2338 305 2401 Nune
326 2342 416 2402 latius
439 2343 602 2405 videndum
627 2351 682 2419 est,
704 2349 736 2403 ut
772 2341 944 2402 monastiea
980 2346 1054 2400 vota

133 2424 193 2484 siut
217 2425 283 2484 sine
304 2423 374 2488 lide.
416 2427 665 2488 Demonstratum
690 2433 720 2486 et
732 2425 853 2486 invictis
869 2424 1053 2483 testimoniis

132 2505 284 2567 firmatum
308 2515 374 2585 est,
398 2511 580 2591 omne**)‚
613 2510 695 2590 quod
730 2528 791 2569 non
826 2515 871 2568 est
906 2526 944 2566 ex
980 2504 1053 2583 flde,

132 2599 292 2669 peoeatum
311 2610 388 2672 esse,
412 2594 507 2654 solius
522 2600 624 2654 autem
643 2593 714 2654 fidei
737 2611 805 2652 esse
839 2591 1052 2650 remissionem

132 2682 329 2754 pennatorum
353 2678 484 2756 operari,
507 2684 620 2738 sertam
644 2684 674 2737 et
697 2676 809 2736 laetam
833 2681 863 2734 et
885 2672 1010 2733 liberam
1035 2692 1054 2732 a

132 2759 267 2836 pensatis
303 2762 524 2820 oonssientiam
557 2759 693 2821 reddere.
749 2757 850 2838 Opera
880 2774 953 2816 vero
997 2774 1052 2815 seu

132 2837 246 2902 fruetus
268 2839 340 2901 fidei
360 2844 486 2923 proprie
507 2864 568 2906 non
591 2844 744 2923 pertinent
772 2840 809 2902 ud
840 2840 1053 2900 remissionem

132 2930 329 3006 peecatorum
353 2931 384 2986 et
405 2926 515 2988 laetam
539 2927 775 3000 conscientiam,
808 2922 861 2984 sed
884 2929 953 2982 sunt
974 2922 1055 2982 fruo-

135 3012 184 3066 tus
207 3007 267 3068 iam
302 3011 472 3087 praesentis
506 3016 536 3071 et
562 3008 776 3090 praecedentis
804 3006 994 3066 remissionis
1022 3012 1056 3065 et

135 3085 238 3152 bonae
280 3093 500 3155 consulentiae.
564 3094 720 3154 Memento
759 3109 874 3172 quaeso
913 3091 1055 3167 istorum,

136 3170 243 3252 lenior,
266 3191 356 3252 quam
374 3178 489 3256 poteris
506 3177 749 3258 diligentissime,
767 3192 862 3253 opera
875 3179 946 3233 ante
960 3170 1054 3232 fldem

136 3272 205 3315 esse
229 3263 372 3337 peeoata,
408 3259 505 3320 solam
535 3259 626 3320 tidem
659 3260 726 3319 sine
758 3256 902 3337 operibus
931 3256 1055 3335 operari

134 3339 346 3400 remissionem
369 3351 583 3422 peecatorum,
605 3341 851 3403 iustificationem
879 3345 909 3399 et
939 3337 1055 3399 bonam

133 3421 372 3492 eonscientiam,
407 3444 503 3504 opera
531 3445 604 3487 vero
626 3431 698 3506 post
718 3422 809 3483 tidem
841 3440 909 3482 esse
937 3422 1054 3483 fruetus

131 3503 192 3563 iam
215 3504 368 3566 iustificati
401 3507 533 3568 hominis
568 3529 606 3569 ex
642 3508 822 3569 remissione
855 3513 1054 3585 peceatorum

132 3591 164 3645 et
186 3585 268 3647 bona
290 3591 493 3671 conscientia,
520 3592 581 3653 hoo
609 3599 670 3672 est,
702 3609 740 3650 ex
763 3588 823 3649 lide
855 3595 893 3648 et
927 3589 1055 3649 caritate

202 3757 228 3827 *)
247 3756 331 3813 Marsi
353 3759 395 3818 16.
433 3759 481 3829 ”l
500 3761 579 3818 Rom.
600 3762 643 3818 14.
742 3750 748 3759 ’
