2392 4170
446 245 529 302 Doct.
546 242 626 302 biart.
644 243 722 303 Loth.
796 224 798 230 Ι
992 244 1055 312 237

177 423 270 479 tatem
301 418 402 478 vocati
426 418 513 495 estis,
547 418 678 479 Tantum
702 438 741 479 no
764 417 947 480 Libertatem
977 418 1054 480 detis

176 504 205 562 in
230 505 425 562 occasionem
450 499 549 563 Carni.
574 504 603 567 4.
841 504 846 514 “

348 582 486 667 (Punzer
507 584 558 664 lX,
583 587 631 649 79.
656 606 682 648 v.
707 584 735 646 d.
760 584 855 644 Hardt
877 584 898 660 l,
927 587 1011 660 lib).

219 668 265 727 De
288 670 367 728 uotis
391 669 566 728 monasticis
597 668 716 728 Martini
745 667 869 728 Lutheri
897 667 1052 730 iudicium.

179 751 419 831 Wittembergae
456 753 496 825 (s.
527 762 573 820 a.)
597 753 627 813 4.
684 750 794 828 (Tituli
826 753 938 832 pagina
968 753 1053 812 lineis

179 833 397 914 marginalibus
420 841 465 894 est
488 831 747 916 circumscripta).
1053 898 1056 905 ,

217 918 263 977 De
286 915 373 979 Votis
396 918 594 993 Monasticis,
615 918 733 976 Martini
756 916 878 977 Lutberi
908 916 1052 977 iudicium

176 1020 286 1061 aseae
309 1003 498 1080 recognitum
523 1009 552 1060 et
574 1008 706 1063 auctum.
752 999 992 1080 Wittembergae
1015 1018 1053 1060 ex

176 1083 314 1144 Aedibus
337 1084 481 1144 lobannis
505 1083 660 1145 Grunenb.
686 1085 776 1160 1522,
799 1086 827 1145 4.

367 1211 371 1216 .
705 1165 840 1249 (Panzer
861 1164 919 1245 IX,
941 1167 1011 1242 82).

219 1248 263 1306 De
288 1251 367 1309 votis
391 1251 568 1310 monasticis
599 1249 717 1311 Martini
748 1249 869 1309 Lutberi
896 1249 1052 1311 iudicium.

177 1331 316 1391 Basileae
338 1334 429 1393 Anno
453 1331 609 1393 MDXXll.
633 1334 660 1396 4.
699 1332 798 1416 (Haec
813 1334 906 1393 editio
925 1340 1054 1394 tuntum-

178 1414 269 1474 modo
292 1418 403 1496 repetit
424 1419 554 1495 priorem
577 1417 742 1477 editionem
775 1416 862 1476 buius
885 1416 967 1496 libri,
992 1435 1051 1477 nou

178 1501 366 1578 recognitam
390 1509 419 1558 et
443 1505 595 1570 auctam).

527 1581 662 1656 (Panuer
684 1580 733 1658 Vl,
756 1586 827 1648 235.
851 1584 898 1662 lll,
921 1581 1010 1666 400).

211 1661 304 1724 Anno
333 1668 410 1730 1522
434 1667 482 1724 bic
506 1666 589 1743 liber,
613 1685 631 1724 a
654 1667 737 1726 lusto
760 1669 835 1726 lona
858 1668 887 1725 in
918 1666 1052 1746 linguam

135 1749 340 1824 germanicam
365 1749 537 1826 translatus,
561 1749 616 1808 sub
640 1749 698 1809 bac
721 1751 918 1830 inscriptione
947 1751 977 1809 in
1010 1750 1052 1810 lu·

135 1848 201 1887 cern
225 1831 345 1908 prodiit:

175 1912 240 1998 lton
264 1918 334 1978 bron
357 1915 510 1994 paolttidreu
544 1919 600 1977 tob
635 1913 727 1989 tlolter
762 1918 893 1993 gerstun
926 1915 1053 1978 lllottioi

176 1997 293 2074 butino
324 1999 431 2076 ostenti.
474 1999 506 2057 ln
530 1998 606 2058 fine:
641 1999 775 2064 beorum
804 2007 842 2073 su
872 1999 1053 2078 toittemterp

177 2079 240 2140 ’lint
264 2084 424 2160 uerbeuttdpt
453 2085 530 2158 burd)
564 2091 613 2144 seo
644 2083 823 2161 atrrroirbipeu
852 2083 957 2145 ‘Docto
984 2081 1053 2160 {lull
1126 2094 1134 2103 '

174 2160 256 2236 {loris
279 2163 380 2240 tlroblt
403 2173 441 2239 tu
462 2165 645 2246 librantem
668 2166 751 2227 tirno
776 2165 947 2228 M.D.XXll.
971 2166 1000 2229 4.

635 2247 784 2330 (Sobittze
806 2248 846 2308 lll
869 2271 897 2328 p.
920 2251 1011 2325 293).

218 2326 323 2386 Latine
344 2329 454 2409 legitur
476 2331 524 2390 bic
547 2331 673 2391 liberio
708 2333 755 2394 ed.
779 2331 856 2412 Opp.
880 2332 965 2394 Lotis
988 2333 1052 2394 len.

136 2408 174 2486 ll,
197 2411 266 2475 504.
312 2411 465 2472 Wittemb.
491 2414 524 2490 ll,
551 2414 626 2493 284,
661 2416 837 2494 germanice
864 2417 893 2475 in
924 2417 971 2478 ed.
1000 2417 1051 2476 Al-

135 2495 216 2552 tenb.
240 2492 264 2570 l,
290 2495 359 2558 856.
395 2494 474 2574 Lips.
497 2494 592 2558 xvll
618 2503 689 2562 716.
726 2499 843 2558 Walob.
859 2499 938 2575 XlX,
962 2501 1051 2565 1808.

217 2577 281 2635 Nos
305 2586 420 2637 textum
444 2579 638 2661 reddidimus,
663 2600 752 2661 quum
778 2582 870 2642 editio
895 2583 1050 2663 originalis

136 2660 223 2718 buius
257 2661 322 2720 libri
356 2660 394 2721 ab
427 2671 553 2721 auctore
584 2667 734 2743 recogniti
771 2674 802 2725 et
841 2667 922 2725 aucti
963 2667 1051 2726 nobis

134 2753 255 2822 praesto
286 2764 345 2803 non
374 2753 471 2819 esset,
500 2745 666 2804 secuudum
695 2748 859 2809 editionem
890 2747 1050 2809 [coensem

134 2825 212 2904 Opp.
236 2827 321 2887 Lutb.
352 2847 378 2886 a.
406 2832 498 2905 1557,
530 2839 622 2907 atque
651 2833 693 2888 ita
722 2832 842 2909 quidem
869 2841 901 2891 ut
933 2840 1049 2893 textum

133 2909 220 2968 buius
261 2911 403 2970 editionis
439 2910 647 2970 conferremus
681 2931 749 2972 cum
784 2914 918 2976 editione
951 2917 1052 2995 priore

133 2993 284 3069 originali,
308 3011 386 3072 quae
412 2994 659 3073 Vuittembergae
685 2999 738 3070 (a
754 2997 852 3078 1821)
886 3002 914 3058 in
943 2999 1050 3080 vulgus

133 3076 216 3136 exiit.
257 3076 321 3135 Hae
345 3078 423 3137 duae
446 3078 596 3136 editiones
619 3079 840 3157 propemodum
864 3082 902 3141 ad
926 3084 1050 3143 verbum

133 3160 211 3217 inter
226 3162 265 3218 ‘se
289 3167 470 3239 congruunt,
496 3171 707 3240 praeterquam
731 3164 813 3239 quod
842 3176 912 3224 ante
942 3169 1051 3228 articu-

134 3242 193 3300 lum
217 3241 260 3300 de
285 3243 410 3302 viduis
435 3244 538 3323 apud
575 3244 730 3304 Paulum
767 3245 821 3306 sub
856 3245 947 3307 linem
982 3253 1050 3310 arti·

132 3324 191 3383 culi
213 3327 306 3387 sexti:
330 3325 537 3387 Adversari
562 3329 714 3388 rationi
744 3331 996 3408 monasticen,
1019 3335 1049 3393 iu

77 3487 83 3491 ⁵
132 3407 267 3468 editione
311 3412 480 3488 posteriore
524 3411 676 3490 quaedam
720 3411 758 3471 de
802 3412 872 3473 lo‘co
906 3413 998 3473 Marci
1019 3417 1050 3498 2,

132 3488 177 3572 (v.
192 3491 331 3572 25—28)
355 3503 425 3552 sunt
447 3493 566 3569 addita,
590 3493 619 3553 id
643 3493 725 3573 quod
748 3514 804 3556 suo
829 3495 899 3555 loco
922 3515 979 3556 nos
1003 3517 1050 3558 ac

132 3577 264 3634 curatius
287 3577 368 3635 notis
392 3575 640 3656 significavimus.
686 3577 772 3654 Quae
803 3577 945 3640 differunt
973 3582 1051 3642 inter

132 3656 296 3798 edgtiouem
320 3660 452 3738 priorem
483 3667 513 3721 et
541 3662 754 3742 posteriorem,
776 3660 882 3722 itidem
911 3663 941 3722 in
971 3665 1049 3723 notis

131 3741 161 3800 iu
186 3743 314 3804 icantur.
