2392 4170
403 221 436 277 D.
456 222 493 281 lt.
510 218 592 281 Luni.
611 224 797 284 Praeiudiunr.
1023 228 1065 294 71

149 378 245 458 possit,
267 397 338 440 sese
360 397 431 440 esse
451 377 654 459 baptismum,
682 386 734 441 aut
762 379 833 460 quid
855 382 885 443 iu
912 382 1065 464 baptismo

148 469 320 522 eouseoutus
352 463 400 523 sit.
444 462 583 523 Deoebat
605 465 685 524 enim
708 483 766 525 nos
801 484 869 526 esse
898 468 978 528 siout
998 488 1066 548 par·

149 544 200 606 ruli
222 546 384 625 baptisati,
417 547 469 625 qui
491 545 581 608 nullis
604 547 711 608 studiis
742 548 893 629 nullisque
922 551 1065 632 operibus

147 630 277 708 oooupati
302 630 333 689 in
357 631 462 690 omnia
485 637 556 690 sunt
573 629 668 708 liberi,
692 631 788 692 solius
811 633 910 711 gloria
921 633 1066 714 baptismi

146 715 183 772 sui
215 713 314 772 seeuri
337 720 367 772 et
389 711 483 792 salvi,
515 733 619 773 sumus
648 715 729 775 enim
757 722 787 777 et
813 717 870 796 ipsi
893 719 1010 799 parvuli
1033 720 1063 779 in

108 819 111 827 ⁴
145 794 271 873 christo,
294 795 419 857 assidue
442 795 595 877 baptisati.

216 879 400 960 Opponetur
421 879 548 941 forsitan
571 881 618 955 iis,
641 900 721 960 quae
743 881 825 942 dieta
847 890 927 960 sunt,
949 883 1065 963 baptis·

143 981 202 1022 mus
223 963 432 1041 parvulorum,
455 964 506 1042 qui
529 964 764 1043 promissionem
777 965 834 1025 Dei
857 986 920 1027 non
932 969 1064 1047 capiant,

143 1065 192 1106 neo
212 1044 305 1106 fidem
329 1047 471 1126 baptismi
494 1045 607 1107 habere
620 1055 759 1126 possunt,
781 1048 913 1129 ideoque
927 1054 980 1112 aut
1002 1071 1064 1113 non

141 1129 244 1208 requiri
274 1128 382 1209 fidem,
414 1137 466 1189 aut
495 1130 638 1207 parvulos
666 1130 778 1192 frustra
807 1132 963 1212 baptisari.
1006 1134 1065 1195 Hie

140 1210 213 1288 diuo,
236 1211 320 1290 quod
344 1230 452 1272 omnes
474 1211 594 1289 dieunt,
624 1212 683 1274 fide
713 1214 813 1275 aliena
834 1216 970 1296 parvulis
998 1236 1065 1279 sue·

140 1296 219 1372 omri,
241 1295 365 1356 iliorum
388 1297 438 1375 qni
462 1295 593 1356 offerunt
616 1316 681 1356 eos.
724 1297 810 1358 Siout
832 1300 914 1360 enim
938 1299 1062 1361 verbum

139 1377 189 1439 Dei
199 1385 313 1458 potens
326 1385 383 1458 est,
406 1376 477 1438 dum
493 1387 593 1460 sonat,
616 1380 708 1440 etiam
730 1381 816 1461 impii
827 1400 882 1442 eor
892 1383 1065 1462 immutare,

138 1461 212 1540 quod
234 1480 299 1521 non
323 1463 422 1522 minus
444 1469 490 1521 est
512 1463 637 1522 surdum
661 1471 690 1523 et
702 1465 847 1543 incapax,
870 1482 962 1542 quarn
986 1465 1064 1526 ullus

137 1545 295 1624 parvulus,
329 1545 372 1603 ita
400 1565 455 1625 per
484 1547 654 1606 orationem
682 1545 833 1607 eeclesiae
856 1546 1011 1609 offerentis
1034 1555 1065 1609 et

135 1627 294 1703 credentis,
318 1628 366 1688 oui
389 1628 664 1708 omniapossibilia
686 1636 765 1705 sunt,
788 1636 819 1690 et
841 1630 985 1711 parvulus
1003 1630 1064 1692 fide

134 1710 229 1772 infusa
252 1717 402 1786 mutatur,
427 1711 589 1772 mundatur
611 1721 642 1772 et
665 1719 840 1774 renovatur.
883 1713 950 1774 Neo
979 1712 1062 1774 dubi·

134 1800 224 1856 tarem
250 1795 342 1854 etiam
366 1793 503 1854 adultum
526 1796 664 1875 impium,
686 1795 796 1857 eadem
810 1796 942 1856 eeclesia
956 1803 1064 1857 orante

133 1885 161 1938 et
191 1877 360 1952 offerente,
396 1897 489 1956 posse
518 1880 547 1938 in
577 1881 686 1956 quovis
720 1885 916 1939 saoramento
944 1881 1063 1955 mutari,

133 1961 206 2022 siout
228 1960 268 2021 de
292 1960 461 2041 paralytico
485 1959 709 2040 evangelieo*)
733 1961 864 2041 legimus
887 1960 1063 2022 alienafide

132 2050 250 2107 sanato.
284 2043 386 2123 Atque
407 2043 467 2103 hae
488 2046 606 2104 ratione
625 2043 723 2105 libens
735 2044 939 2121 admitterem,
962 2064 1062 2106 saera·

134 2134 233 2188 menta
255 2145 358 2188 novae
381 2127 456 2207 legis
469 2147 537 2187 esse
559 2127 698 2188 effieaeia
720 2126 905 2189 addendum
919 2129 1060 2208 gratiam,

134 2229 189 2272 non
213 2208 310 2271 modo
332 2230 395 2271 non
418 2210 612 2289 ponentibus,
636 2209 689 2270 sed
712 2212 803 2270 etiam
819 2210 1058 2272 obstinatissime

133 2293 317 2374 ponentibus
346 2292 474 2355 obicem.
525 2292 605 2368 Quid
638 2294 718 2353 enim
748 2292 824 2353 fides
852 2294 1002 2354 ecelesiae
1030 2302 1061 2354 et

134 2378 228 2438 oratio
261 2375 335 2436 fidei
363 2396 425 2437 non
457 2376 594 2452 tolleret,
628 2394 697 2436 oum
727 2377 855 2437 Paulum
885 2377 1059 2456 apostolum

133 2458 308 2540 Stephanus
336 2460 395 2520 hae
430 2460 459 2518 vi
495 2459 686 2520 convertisse
715 2458 878 2520 credatur?
913 2459 954 2520 At
988 2466 1060 2521 tuno

132 2548 326 2605 sacramenta
348 2562 409 2603 non
433 2561 499 2619 sua,
522 2541 576 2602 sed
599 2540 671 2602 fidei
694 2542 804 2604 virtute
825 2542 954 2619 faeiunt,
977 2542 1061 2621 quod

131 2625 256 2701 iaciunt,
279 2626 345 2685 sine
367 2644 428 2704 qua
450 2624 521 2684 nihil
544 2644 670 2705 prorsus
694 2625 820 2702 iaciunt,
843 2625 971 2689 utdixi.

215 2707 379 2784 Quaeritur
406 2709 496 2768 etiam
531 2707 649 2785 adhue,
679 2727 718 2767 an
749 2708 894 2788 parvulus
924 2706 1061 2767 nondum

131 2800 221 2855 natus
244 2793 353 2872 possit,
376 2798 518 2871 porrecta
540 2810 580 2850 ex
591 2796 679 2850 utero
703 2810 796 2851 manu
815 2789 863 2849 vel
876 2789 964 2870 pede,
987 2789 1061 2869 bap·

131 2875 237 2937 tisari?
268 2875 325 2935 Hie
353 2874 429 2935 nihil
451 2880 566 2933 temere
588 2872 708 2946 iudico,
736 2892 899 2952 meamque
920 2873 1063 2952 ignoran-

132 2960 204 3019 tiam
229 2957 390 3018 eonfiteor.
433 2955 597 3032 Noomin,
620 2975 660 3016 an
682 2956 712 3016 id
730 2957 804 3017 satis
828 2957 875 3033 sit,
899 2954 982 3034 qnod
1004 2973 1061 3035 pro

130 3039 332 3102 iundamento
354 3040 479 3119 habent,
502 3059 571 3100 esse
594 3039 737 3100 videlieet
757 3039 891 3100 unimam
914 3041 943 3097 in
968 3036 1062 3116 quali-

132 3123 184 3184 bet
205 3132 293 3203 parte
317 3123 455 3202 eorporis
478 3128 586 3199 totam,
608 3123 764 3183 nonenim
785 3121 898 3197 anima,
921 3119 976 3180 sed
998 3138 1063 3179 eor·

132 3227 189 3287 pus
212 3207 385 3286 baptisatur
406 3224 487 3284 aqua
514 3213 647 3266 externe.
692 3204 754 3265 Sed
780 3223 839 3264 neo
869 3202 929 3262 hoe
949 3201 1063 3278 iudioo,

132 3288 216 3369 qnod
239 3287 354 3364 dieunt,
377 3291 496 3349 renasci
510 3309 579 3350 eum
603 3307 664 3348 non
687 3306 791 3368 posse,
815 3287 966 3365 quinatus
989 3304 1062 3344 non-

133 3373 206 3434 dum
227 3373 283 3447 sit,
313 3372 370 3431 etsi
399 3371 596 3432 vehementer
626 3376 743 3448 urgeat.
784 3367 859 3430 Ideo
885 3367 1062 3447 magisterio

132 3455 257 3535 spiritus
279 3454 357 3515 haee
378 3454 534 3533 relinquo,
561 3454 683 3514 interim
705 3455 808 3513 sinens
830 3469 984 3530 quemque
1005 3471 1061 3511 suo

131 3557 226 3600 sensu
249 3537 416 3600 abundare.

190 3718 221 3793 *)
242 3717 338 3775 natu.
357 3720 382 3776 s.
