2392 4170
131 281 195 351 434
332 277 435 339 Contra
453 276 600 337 Hsnricmn
618 293 714 351 regem
732 274 855 351 Angliae

143 472 200 535 psa
220 454 339 515 scilicet
360 453 454 515 verba
476 455 601 535 christi,
624 454 690 514 sine
713 453 822 533 quibus
844 454 935 534 panis
958 457 990 513 et
1010 453 1052 512 vi·

131 557 204 599 num
235 545 339 598 essent
369 557 470 617 neque
505 540 647 618 signum,
676 557 778 616 neque
810 535 1056 613 Sacramentum,

113 640 232 701 nsque
254 622 356 682 Missa.
400 622 477 682 Nam
503 621 584 702 quod
606 640 661 701 par
683 619 835 680 sacrificia
862 621 893 680 in
917 618 979 680 tide
1002 620 1056 680 ob-

132 705 196 765 lata
234 705 456 784 promissiones
482 705 747 785 impetrabantur,
780 703 862 763 alind
887 710 943 764 est.
987 703 1055 764 Non

132 788 213 848 enim
230 787 280 847 hie
302 789 352 849 vei
375 788 413 848 de
435 789 544 865 fructu,
568 789 616 848 vel
640 787 866 868 significatione
889 785 1056 847 sacrificio-

132 890 198 931 rum
227 870 427 952 disputamus,
450 871 505 931 sed
524 872 562 931 de
575 874 643 953 ipsa
662 871 841 949 substantia,
864 877 899 931 ut
912 872 1056 948 sciamus,

132 954 206 1033 quid
229 955 268 1014 sit
291 955 414 1034 etquid
437 974 499 1015 non
523 957 561 1015 sit
583 954 775 1016 sacrificinm.

216 1038 340 1097 Miratur
372 1040 463 1099 etiam
495 1039 645 1098 Dominus
674 1037 839 1114 Henricus,
872 1037 1055 1116 qualesnam

134 1138 193 1199 ego
216 1122 454 1197 concionatores
477 1122 639 1202 audierim,
664 1121 746 1200 quod
768 1121 962 1200 scripserim,
986 1119 1056 1180 nihii

135 1221 203 1263 esse
225 1204 256 1262 in
281 1204 482 1265 concionibus
505 1204 544 1265 de
567 1205 820 1284 promissionibus
852 1203 899 1263 his
922 1222 1056 1283 unquam

136 1286 259 1365 dictum,
282 1289 349 1367 ipse
371 1307 445 1349 vero
470 1287 508 1348 ad
531 1289 665 1348 taedium
688 1306 785 1366 usque
803 1286 934 1348 audierit
958 1287 998 1347 da
1019 1295 1056 1346 te·

134 1375 298 1448 stam‘ento,
322 1370 360 1431 de
382 1371 649 1452 promissionibus,
672 1372 710 1430 de
732 1370 859 1430 testibus
883 1376 943 1432 etc.

217 1453 418 1534 Respondeo:
443 1455 554 1535 Etego
577 1456 679 1532 miror,
701 1454 795 1534 Regis
818 1461 968 1513 assatam
986 1452 1056 1513 rude

135 1543 227 1616 caput
258 1547 288 1596 et
310 1545 424 1598 tantam
449 1539 635 1618 amentiam,
666 1539 717 1616 qui
740 1546 801 1598 tam
823 1538 965 1617 insignes
989 1555 1055 1597 con·

134 1620 240 1680 aiones
263 1620 401 1699 audierit,
425 1627 456 1682 st
478 1620 557 1682 adeo
585 1621 659 1680 nihil
682 1620 821 1680 didicerit
846 1634 951 1700 neque
973 1619 1055 1680 intel-

135 1703 244 1763 lexerit
266 1703 391 1764 vsrbum
414 1705 491 1784 Dei,
516 1710 651 1765 nostrum
675 1724 753 1784 opus
786 1711 838 1763 aut
873 1703 1054 1764 sacrificium

135 1804 286 1847 essenon
311 1806 418 1868 posse,
442 1790 513 1868 quin
538 1789 722 1848 contrarium
747 1789 812 1846 sine
834 1785 897 1846 fine
919 1787 1054 1848 blaterat.

135 1869 167 1930 Si
188 1871 270 1929 enim
294 1869 355 1930 ulia
387 1869 520 1932 scintilla
548 1873 676 1931 rationis
712 1871 866 1930 humanae
894 1871 926 1929 in
958 1890 995 1931 eo
1018 1871 1053 1929 vi·

134 1959 230 2032 geret,
254 1953 358 2032 utique
380 1974 494 2034 negare
516 1974 577 2015 nun
602 1960 733 2033 posset,
756 1955 876 2032 signum
900 1954 960 2015 Dei
983 1971 1054 2035 opus

134 2036 193 2095 Dei
214 2055 283 2096 esse
305 2055 378 2116 erga
401 2057 468 2099 nos.
507 2037 558 2098 Sic
581 2036 762 2097 sacrificium
785 2043 815 2096 et
837 2039 1054 2116 promissiones

133 2119 192 2179 Dei
215 2138 283 2178 esse
306 2120 432 2180 verbum
456 2121 523 2197 Dei,
547 2139 608 2181 non
633 2139 709 2199 opus
732 2127 880 2180 nostrum.

218 2202 338 2263 Deinde
360 2204 428 2263 Rex
448 2206 508 2264 iste
530 2203 690 2284 mendacii,
714 2205 765 2283 qui
780 2204 839 2262 hoc
862 2203 934 2263 loco
948 2202 1054 2277 scribit,

135 2303 204 2344 sese
227 2304 324 2363 usque
352 2286 389 2346 ad
414 2287 547 2347 taedium
582 2287 703 2346 audisse
741 2286 780 2346 de
809 2287 1004 2346 testamentis
1029 2293 1054 2344 et

136 2368 389 2447 promissionibus
412 2370 571 2446 eiusmodi,
594 2377 704 2449 postea
726 2371 764 2431 de
788 2369 992 2430 Sacramenta
1015 2388 1054 2430 or·

135 2451 214 2510 dinis
236 2453 339 2531 garrit,
362 2453 391 2511 in
415 2460 480 2513 tota
502 2472 601 2514 coena
624 2455 733 2514 Christi
761 2453 875 2512 nullam
900 2472 971 2513 essa
993 2470 1053 2532 pro·

136 2535 324 2614 missionem,
348 2555 410 2597 non
434 2537 526 2597 modo
550 2537 607 2597 sibi
629 2539 686 2615 ipsi
710 2538 884 2616 turpissime
908 2536 1054 2596 contradi·

46 2667 51 2676 .
136 2636 218 2698 cens,
241 2618 294 2678 sed
317 2619 488 2698 impudenti
511 2620 673 2680 mendacio
707 2622 737 2679 in
774 2639 903 2680 coenam
936 2619 1053 2680 Domini

135 2701 300 2764 insaniens.
331 2701 381 2761 Sic
403 2704 584 2800 praecipitat
597 2705 736 2782 Papistas
757 2704 839 2763 furor
861 2709 892 2762 et
914 2705 1054 2779 amentia,

135 2791 168 2842 ut
190 2802 313 2862 prorsus
336 2785 411 2845 nihil
439 2786 585 2865 videant,
614 2787 685 2865 quid
710 2787 833 2864 dicant,
866 2793 919 2846 aut
955 2794 1056 2848 contra

136 2867 206 2944 quid
231 2874 375 2929 statuant.

218 2949 321 3009 Audet
343 2954 434 3011 etiam
458 2971 605 3030 asserere,
629 2953 821 3013 manifestum
847 2971 934 3029 esse,
958 2953 1057 3013 heria

134 3033 345 3093 sacerdotibus
368 3055 428 3095 nou
453 3035 545 3096 modo
569 3036 609 3112 id,
633 3036 714 3115 quod
735 3036 872 3096 Christus
896 3037 927 3095 in
954 3054 1056 3109 cuens,

135 3116 187 3176 sed
213 3116 295 3193 quod
320 3124 350 3176 et
371 3120 401 3176 in
425 3138 516 3179 cruce
541 3120 620 3182 fecit.

217 3199 421 3280 Respondeo:
460 3202 590 3276 Quando
626 3201 686 3263 hoc
718 3202 872 3262 Dominus
911 3202 1057 3262 Henricus

134 3289 250 3341 tantum
275 3284 349 3343 dicit
371 3292 402 3344 et
423 3304 484 3344 non
508 3285 628 3365 probat,
652 3286 721 3345 dico
746 3304 805 3364 ego
824 3292 944 3364 contra,
970 3286 1057 3345 mani-

133 3365 244 3423 festum
267 3384 347 3441 esse,
372 3368 549 3428 sacerdotes
572 3371 602 3428 in
625 3369 720 3428 Missa
742 3370 771 3427 id
796 3370 955 3449 omittere,
981 3365 1056 3448 qnod

134 3446 271 3507 Christus
293 3451 323 3508 in
348 3469 446 3512 onena
468 3452 560 3529 fecit,
585 3461 615 3512 st
636 3453 666 3511 id
690 3453 808 3529 facere,
839 3451 923 3530 quod
957 3451 1057 3513 ludaei

133 3529 270 3591 iecerunt
300 3534 331 3591 in
355 3552 445 3595 cruce
473 3535 604 3596 Christo.
654 3536 719 3595 Neo
750 3534 820 3594 dico
856 3534 916 3595 huc
954 3535 1058 3607 solum,

133 3612 186 3672 ssd
210 3614 309 3694 probo
334 3634 465 3697 quoque.
503 3615 584 3680 Nam
610 3621 661 3696 qui
684 3619 809 3679 verbum
833 3619 892 3678 Dei
914 3618 1059 3698 pervertit

132 3703 162 3755 et
183 3699 361 3776 exstinguit,
384 3703 409 3760 is
434 3720 505 3763 vers
529 3701 678 3783 crucifigit
700 3702 808 3761 Filium
832 3701 901 3780 Dei,
922 3702 955 3763 id
979 3699 1056 3782 qnod

132 3780 251 3848 iaciunt
287 3801 413 3864 omnes,
440 3786 494 3865 qui
519 3805 561 3846 ex
587 3787 796 3865 promissione
823 3802 904 3867 opus
933 3785 1057 3864 faciunt,
