2392 4170
313 248 383 308 suu.
402 248 432 308 L.
453 249 640 310 ustulata.
660 249 788 310 Serbona
805 249 896 311 damn.
1007 249 1057 321 ’79

135 428 183 484 tra
204 441 261 486 uos
284 422 472 505 Apologiam
505 442 561 504 pro
583 422 715 485 Luthero
748 424 898 503 seribere,
928 423 961 484 iu
996 442 1058 505 qua

136 506 249 568 almam
271 515 408 569 nostram
432 506 620 568 Faoultatem
644 514 706 568 tam
730 506 887 585 derisorie,
909 513 971 568 tarn
986 509 1056 569 irre·

134 591 359 734 papantialiter,
393 600 454 651 tam
489 598 651 669 praetenue
683 591 814 670 invadit,
854 590 937 672 quod
970 610 1057 653 soan-

156 692 237 734 aum
261 681 316 737 est.

218 755 282 817 Nos
311 759 402 838 igitur
430 762 572 836 putantes
596 758 693 817 nostri
715 756 806 818 oifioii
829 774 908 835 esse,
929 756 1057 818 scando

135 841 172 900 lis
194 840 372 920 occurrere,
404 842 503 920 primo
526 839 565 900 de
594 842 662 920 ipsa
683 839 840 921 Apologia
872 841 1055 901 seutentiam

135 929 271 983 nostram
296 923 494 984 definitivam,
511 942 677 1003 ponemus,
710 922 847 984 seeundo
877 923 1010 1002 aliquam
1025 921 1054 1004 1)

134 1009 284 1067 rationem
327 1006 489 1067 reddemus
529 1007 741 1086 praecedentis
782 1007 1056 1086 determinationis,

135 1091 224 1151 tertio
247 1091 349 1170 aliqua
372 1099 484 1169 punetu
507 1108 657 1169 ponemus
686 1108 741 1169 pro
771 1088 928 1151 intelleotu
957 1089 1056 1171 Sosip-

135 1182 231 1248 turue‚
266 1193 305 1235 ne
327 1172 473 1252 deinceps
504 1175 570 1233 sine
601 1171 664 1233 fine
696 1173 814 1253 litigare
847 1192 975 1235 neeesse
1008 1176 1057 1235 sit.

135 1256 173 1316 Mt
197 1258 242 1318 sio
263 1256 344 1317 huno
367 1256 472 1316 librum
496 1258 525 1315 in
550 1257 607 1316 tria
631 1257 732 1336 oapita
755 1256 803 1317 vel
826 1263 887 1316 tres
910 1256 1056 1335 portiales

134 1339 231 1401 libros
252 1339 469 1419 distribuimus,
493 1340 660 1399 seeundum
689 1349 750 1399 tres
783 1339 956 1418 praedictas
991 1358 1056 1401 rna·

135 1423 237 1492 terias,

450 1506 508 1569 An.
531 1505 570 1568 M.
595 1506 631 1568 D.
654 1501 736 1566 XXI.

134 1717 247 1812 biber
276 1722 409 1830 prinus
444 1721 603 1808 eontinet
632 1746 697 1830 per
726 1721 886 1810 ordinem
923 1723 1057 1808 artitu-

134 1835 183 1898 los
206 1854 248 1898 ex
269 1834 429 1919 Apologia
451 1833 588 1920 Philippi
608 1833 864 1899 Meluuohthonis
885 1834 1056 1899 damnatos

203 1936 274 1982 oum
297 1916 560 1983 adnotationibus
582 1917 979 1983 Faeultatis‘Parisiausis.

217 2111 252 2186 1)
269 2108 423 2188 Apologia
442 2107 588 2169 adversus
608 2109 754 2170 furiosum
774 2109 938 2172 Decretum
959 2109 1057 2173 Theo·

133 2193 338 2270 logastrorum
363 2192 577 2253 Parisiensium
601 2210 656 2272 pro
679 2192 823 2258 Luthero.

216 2275 302 2335 Haeo
325 2275 499 2354 Propositio
523 2283 569 2335 est
596 2276 796 2353 scandaloso,
818 2275 1056 2338 irreverentialis

133 2366 165 2419 et
186 2359 420 2419 contumeliosa.
464 2357 504 2416 m
525 2359 554 2417 iu
582 2357 643 2418 boo
671 2359 753 2437 quod
782 2358 868 2421 dioit:
896 2360 1055 2421 Furiosum

134 2442 310 2516 Decretum,
333 2460 389 2521 pro
412 2450 528 2520 quanto
552 2440 680 2500 intendit
698 2441 863 2521 Magistros
885 2444 985 2504 almae
1002 2442 1056 2503 Fa·

133 2525 255 2585 oultutis
278 2543 346 2585 esse
370 2525 513 2596 furiosos,
546 2530 593 2583 est
626 2523 805 2603 blasphema
838 2534 868 2585 et
900 2527 995 2606 impia
1025 2527 1056 2584 in

131 2609 244 2668 almam
267 2608 465 2682 Facultatem,
486 2606 557 2666 ideo
580 2608 662 2687 igne,
685 2608 773 2684 ferro,
797 2626 887 2686 aquo,
911 2628 971 2668 uua
987 2627 1056 2668 uum

132 2698 240 2752 autore
263 2689 428 2770 perdenda.
459 2689 517 2750 Ubi
539 2697 640 2750 autem
664 2689 1056 2770 dieitheologastromm,

132 2794 188 2856 pro
213 2781 327 2853 quanto
353 2773 415 2833 vult
436 2772 599 2853 Magistros
621 2781 744 2834 nostros
767 2793 828 2835 non
862 2793 931 2835 esse
958 2773 1057 2834 Theo·

133 2859 233 2939 logos,
257 2856 311 2918 sed
334 2854 588 2937 Theologastros,
611 2857 694 2937 quod
716 2856 871 2939 signifieat
901 2858 1057 2918 silvestres

132 2948 165 3002 et
185 2940 298 3021 figuras
321 2940 404 3001 solas
426 2939 664 3022 Theologorum,
688 2947 734 3002 est
754 2941 903 3003 iniuriosa
928 2941 983 3003 toti
997 2947 1057 3002 stu·

131 3025 174 3086 tui
198 3022 437 3103 Theologorum.

216 3107 253 3182 2)
278 3104 439 3182 Quondam
463 3106 582 3167 fuerunt
603 3109 717 3169 strenui
739 3108 857 3171 Milesii.

216 3189 300 3250 Haeo
322 3190 495 3270 Propositio
520 3198 566 3250 est
588 3199 745 3272 suspeote,
768 3192 840 3272 quia
862 3212 974 3272 grasoe
1001 3190 1057 3253 suit

132 3274 248 3354 seripta
269 3272 307 3333 ab
340 3275 408 3352 ipso
446 3279 555 3334 autore
587 3272 777 3355 Apologiae,
813 3273 923 3335 Graeoi
955 3284 1057 3336 autem

132 3363 204 3416 sunt
224 3356 378 3419 haeretiei.
412 3356 452 3416 Et
474 3358 504 3416 in
519 3376 557 3417 eo
573 3358 655 3436 quod
674 3357 747 3419 dioit
762 3357 801 3418 de
817 3356 917 3435 nobis,
938 3358 1057 3435 Milesii,

132 3447 177 3499 est
202 3439 365 3500 manifeste
387 3438 479 3518 falso,
513 3431 679 3520 quia'non
714 3461 818 3516 sumus
841 3441 968 3523 Milesii,
1002 3442 1057 3503 sed

131 3523 331 3585 Parisienses.
366 3521 405 3583 Et
426 3541 482 3604 pro
505 3531 620 3603 quanto
643 3525 717 3606 vult,
741 3543 798 3587 nos
819 3524 880 3588 iarn
902 3543 964 3587 nou
988 3544 1057 3588 esse

140 3678 560 3693 „man—.-

206 3768 233 3838 1)
256 3765 337 3826 ibid:
360 3767 517 3843 aliqualem.
