2340 4162
120 244 187 315 pao
468 242 708 302 now

124 414 616 501 prololranuellomicrirtial
656 416 797 477 Arm
827 414 1047 476 initiatam

124 520 210 563 nora
230 510 262 562 et
281 503 350 561 rinc
371 499 533 581 exemplo,
561 501 626 560 imo
648 501 805 561 common
837 500 935 559 totino
964 499 1047 561 orat·

127 584 273 665 exemplo
299 602 398 663 utque
417 585 450 643 in
470 583 652 643 hodiernum
673 580 780 644 diem?
805 601 879 642 cam
897 601 965 642 aon
985 592 1047 643 tn

127 668 300 729 moesos
321 666 486 748 seripturis
506 666 644 726 roborati
663 665 809 743 fonteio,
837 674 920 725 ucat
938 667 972 725 ia
992 667 1048 726 he

125 760 214 832 parte
244 752 328 810 ertia.
370 749 404 810 Si
437 750 479 809 ibi
505 749 606 809 fuistis
640 749 707 810 auci
732 758 765 808 ct
795 749 857 809 aoli
875 750 983 828 acqui,
1007 749 1049 809 Β

126 835 183 895 teri
205 851 244 893 ac
264 834 343 894 tueri
362 833 410 892 ina
431 834 628 912 quantumria
639 831 837 905 anteum
861 844 895 892 et
915 834 1049 893 excunc-

127 922 214 991 tum,
233 916 284 977 ubi
307 915 356 975 rel
377 914 463 975 natta
483 915 533 975 rel
567 917 666 976 minor
696 924 762 976 ent
795 918 970 976 nacuaitaa
989 917 1048 977 ui

128 1018 258 1077 marum,
278 1018 333 1059 cnr
353 999 405 1059 hic
425 1017 489 1059 non
501 997 725 1078 aequamini2),
750 999 912 1059 fateamini
931 1018 973 1059 ac
989 1007 1048 1060 tao

128 1084 221 1143 amini
244 1083 291 1142 ior
314 1089 448 1141 vestrum
469 1082 641 1162 abolitum,
668 1090 715 1144 tot
735 1081 803 1142 tutti
822 1081 937 1163 clipeie
957 1094 989 1142 et
1005 1101 1047 1142 er·

129 1167 255 1227 matoria
278 1166 367 1225 torric
389 1164 505 1241 David,
542 1164 655 1224 deinde
675 1173 761 1224 tanta
784 1173 917 1246 urgente
936 1166 1049 1226 am‘u

129 1268 194 1309 rum
218 1249 403 1311 necessitate
425 1258 457 1307 et
478 1250 591 1308 mirera
613 1250 808 1329 captivitate,
842 1256 932 1308 tanta
952 1256 1050 1309 turma

128 1333 277 1393 invitante
316 1332 478 1408 libertate,
499 1333 591 1412 copia
612 1341 644 1391 et
676 1331 869 1392 occasione?
911 1331 1051 1392 lenietur

129 1423 232 1474 autem
255 1434 311 1475 uau
334 1413 468 1490 modico,
489 1416 515 1474 ai
537 1414 610 1494 quid
624 1434 767 1495 asperum
783 1426 832 1474 eat
852 1415 946 1475 haina
967 1417 1052 1476 nori·

129 1499 211 1578 tatia,
233 1497 329 1557 molto
349 1496 487 1558 faciliore
507 1508 600 1575 certe,
623 1517 714 1577 quam
736 1498 832 1558 lenita
853 1506 902 1559 eet
923 1498 1053 1559 deiectio

129 1588 232 1641 reatra
252 1599 272 1641 a
292 1579 454 1661 tyrannide
496 1582 642 1661 apiatica,
664 1588 782 1641 tantum
803 1587 867 1660 eat,
888 1589 924 1641 ut
945 1581 1054 1642 cudet-

130 1664 169 1725 ria
190 1665 222 1724 in
244 1663 390 1743 Domino,
413 1674 445 1724 et
492 1665 613 1725 ominus
635 1666 693 1725 erit
713 1664 886 1727 vobiacum.

213 1768 266 1831 Sic
286 1788 362 1850 crgo
382 1769 510 1848 nciam,
533 1770 664 1850 primunr
688 1769 879 1832 orationibua
905 1774 972 1830 tum
993 1770 1051 1850 pri·

132 1853 210 1912 vatia
246 1860 310 1912 tum
334 1851 464 1933 publicio
489 1853 588 1913 Deum
612 1852 786 1932 quaeretis,
819 1872 893 1914 nam
933 1871 984 1914 ια
1003 1852 1053 1913 ilh

133 1954 248 2014 magna
268 1944 325 2015 eet,
347 1955 406 1997 nec
427 1956 477 1996 me
498 1944 559 1997 tam
584 1945 687 1998 movet
715 1938 782 1997 eiua
811 1937 937 1998 novitas
964 1953 1048 2016 quam

133 2018 324 2099 magnitudo,
347 2019 408 2080 hoc
420 2027 478 2101 eat,
501 2018 584 2099 qnod
605 2038 707 2100 neque
726 2019 842 2080 viribus
863 2038 968 2100 neque
985 2038 1049 2099 pru·

131 2102 237 2163 dentia
258 2111 360 2163 reatra
382 2103 474 2163 velim
496 2103 546 2164 hic
567 2103 733 2183 quidquam
755 2103 884 2180 tentari,
907 2102 966 2164 aed
984 2120 1051 2162 crum

132 2188 242 2246 timore
264 2195 294 2246 et
315 2194 448 2246 tremore
468 2188 498 2246 in
522 2186 691 2246 humilitate
720 2185 963 2268 aggrediemini,
985 2204 1052 2265 que-

132 2268 272 2349 rentea⁸)
304 2277 336 2329 et
373 2268 555 2330 confitentes
591 2271 744 2330 miseriam
772 2277 805 2330 et
844 2271 1052 2350 captivitatem

134 2361 265 2412 vestram
289 2354 425 2432 peccatis
449 2355 557 2413 reatris
580 2355 745 2433 meritam,
774 2372 880 2413 coram
907 2353 1055 2434 propitia·

134 2438 211 2497 torio
235 2436 290 2496 Dei
339 2446 371 2496 et
409 2437 520 2496 throno
551 2438 668 2517 gratiae
700 2438 785 2517 eiua,
814 2438 867 2516 qui
900 2444 950 2496 eat
969 2435 1053 2497 Iaaua

134 2520 295 2593 Christus,
317 2521 481 2599 episcopua
504 2523 674 2580 animarum
706 2528 898 2598 nostrarum,
938 2518 1055 2599 suppli·

133 2610 254 2683 cnntea,
273 2611 304 2662 et
332 2610 471 2681 orantes,
501 2611 534 2663 ut
555 2605 692 2685 spiritum
721 2623 808 2662 auum
830 2601 863 2664 in
885 2602 983 2663 corda
1005 2622 1053 2662 ve

134 2697 198 2746 atro
220 2686 328 2767 mittat,
351 2688 401 2765 qui
425 2686 582 2747 vobiscum
605 2686 748 2765 laboret,
770 2706 825 2746 seu
847 2687 976 2767 potina,
1005 2686 1055 2765 qui

134 2770 164 2829 in
187 2768 275 2829 vobit
309 2778 453 2849 operetur
492 2778 523 2830 et
550 2770 629 2830 velle
658 2778 690 2831 et
714 2769 872 2849 perficere.
914 2767 996 2831 Nam
1031 2771 1055 2828 ai

134 2871 182 2912 rec
205 2854 263 2912 ista
289 2851 382 2912 debet
403 2853 532 2914 feliciter
562 2855 655 2934 incipi
697 2861 728 2914 et
759 2851 922 2913 salubriter
954 2871 1055 2934 perae

136 2954 252 3016 verere,
275 2954 352 3016 opor
375 2944 431 3017 eat,
454 2946 487 2997 ut
507 2936 611 2996 divina
633 2938 766 3018 virtute,
789 2954 881 3016 quam
902 2936 1076 3015 ministrat¹

136 3020 219 3080 Deua
245 3025 340 3093 (teate
363 3019 484 3100 Petro),
506 3022 537 3080 in
561 3020 648 3080 vobis
670 3020 733 3082 fiat.

218 3123 346 3203 Deinde,
368 3125 418 3185 ubi
440 3127 485 3185 aic
508 3127 690 3204 oraveritis,
719 3125 794 3187 nihil
816 3124 965 3187 dubitetis
986 3124 1057 3186 fide

138 3208 198 3268 leni
212 3227 289 3290 erae,
314 3227 404 3286 quem
418 3212 560 3290 rogantia,
583 3218 616 3271 ut
630 3210 682 3270 det
693 3210 775 3291 qnod
787 3210 918 3291 petistis,
941 3210 1060 3289 apariat

135 3292 336 3371 pulsantibus,
359 3301 390 3352 et
412 3295 582 3353 inveniatur
612 3295 836 3373 quaerentibus,
865 3301 898 3353 ut
926 3293 972 3352 eiu
993 3312 1058 3352 cer·

136 3375 243 3434 tiaaimi
265 3376 341 3453 uitia,
364 3393 419 3435 voa
433 3379 483 3455 agi
504 3378 534 3436 in
557 3377 733 3458 haocauaa,
754 3397 817 3439 non
841 3396 946 3458 agere.
980 3376 1060 3437 Tum

213 3603 242 3670 l)
263 3602 293 3657 ln
323 3600 367 3658 ed.
401 3602 485 3674 orig.:
518 3603 657 3661 exolitum.
723 3607 752 3672 2)
781 3602 866 3660 Ibide
896 3603 1063 3674 aequamini.

135 3673 165 3742 3)
185 3672 216 3728 ln
236 3672 280 3731 ad.
299 3672 369 3745 orig.
395 3677 514 3732 atlon:
534 3683 707 3748 quaerantur.
