2392 4170
145 227 209 310 512
484 238 528 298 De
545 235 720 299 instituendis

149 412 197 467 est
218 405 300 464 enim
322 423 472 464 summum
494 403 569 464 illud
591 403 725 465 officinm
748 405 778 463 in
802 403 947 483 ecclesia,
969 421 1080 485 nempe
1171 426 1174 453 ε

148 489 335 549 annunciare
369 488 493 548 verbum
518 489 584 551 Dei.
627 487 735 567 Itaque
761 494 792 546 et
815 488 975 568 mulieres,
1009 488 1079 548 dum
1170 548 1174 563 ,

148 571 313 651 baptisant,
336 571 473 650 legitimo
497 571 662 650 funguntur
685 569 877 652 sacerdotio,
900 571 995 650 idque
1019 591 1078 631 non
1170 590 1174 595 ·

149 656 269 736 privato
284 672 388 733 opere,
411 654 464 715 sed
487 654 610 734 publico
624 664 654 714 et
676 655 887 715 eeclesiastico
900 655 1080 732 ministerio,
1170 720 1173 729 ,

149 738 231 817 quod
254 738 292 797 ad
315 737 415 798 solnm
439 736 630 797 sacerdotem
653 738 795 816 pertinet.
1169 734 1173 755 ¹

232 821 308 880 Mira
329 822 432 899 itaque
454 821 580 879 stultitia
602 828 632 879 et
653 822 787 880 ementis
810 821 1004 901 Papistnrnm
1030 820 1076 880 rei

148 903 209 963 hoe
232 922 293 964 nno
315 903 386 963 loco
409 905 482 962 satis
503 903 652 983 proditur,
675 903 757 982 quod
776 904 920 982 baptismi
943 905 1078 963 ministe-

148 988 226 1046 rium
250 987 391 1046 omnihus
414 1005 577 1046 commune
598 988 736 1045 fecerunt
757 993 911 1047 ettamen
936 987 1078 1047 sacerdo·

149 1072 222 1130 tium
245 1072 276 1131 in
303 1088 390 1128 snum
419 1070 570 1149 peculium
595 1074 778 1149 coegerunt,
806 1088 875 1129 oum
909 1069 1077 1149 baptismus

150 1171 212 1214 non
237 1155 293 1212 nisi
316 1152 484 1212 sacerdotis
507 1172 575 1212 esse
599 1154 706 1231 possit,
730 1152 840 1211 deinde
864 1162 1077 1213 etsacramen·

149 1246 212 1297 tum
238 1237 285 1294 vel
307 1238 436 1314 primum
461 1255 531 1295 esse
553 1243 737 1314 sanxerunt,
759 1254 826 1295 curn
851 1243 956 1295 tamen
980 1256 1076 1296 sacre-

145 1326 253 1395 menta
276 1318 349 1379 nulli
382 1320 552 1378 ministrare
576 1319 634 1378 nisi
656 1281 866 1379 sacerdotibus
890 1321 1080 1397 permittant,

149 1421 208 1462 nec
230 1422 322 1461 unurn
352 1408 577 1462 sacramentnm
611 1401 708 1461 altero
732 1401 852 1480 dignius
875 1421 947 1461 esse
969 1405 1077 1483 possit,
1166 1450 1170 1461 .

150 1503 218 1545 oum
243 1487 346 1545 omnia
367 1485 477 1545 eodem
500 1492 643 1545 constent
664 1484 758 1545 verbo
783 1485 848 1549 Dei

233 1567 293 1628 Sed
315 1568 391 1629 fallit
413 1587 467 1628 eos
498 1569 632 1627 caecitas
654 1586 776 1644 eorum,
800 1586 862 1648 qna
885 1587 949 1627 non
975 1568 1078 1631 vident

151 1651 339 1711 maiestatem
369 1651 452 1711 verbi
476 1651 531 1710 Dei
559 1654 588 1710 in
613 1651 764 1731 baptismo
786 1654 962 1731 regnantis,
988 1671 1076 1731 qnam

150 1732 175 1791 si
197 1752 255 1813 pro
278 1734 426 1814 dignitate
447 1732 694 1812 considerarent,
726 1733 811 1795 nulla
838 1741 922 1794 esset
945 1736 1076 1814 dignitas
1167 1754 1170 1805 ι

150 1834 251 1896 neque
274 1817 474 1879 sacerdotalis
497 1835 598 1896 neque
620 1817 818 1898 episcopaiis,
842 1817 896 1876 sed
912 1836 1018 1897 neque
1028 1839 1075 1899 pe·

150 1901 238 1982 palis,
263 1919 353 1979 quam
377 1921 438 1961 non
459 1902 627 1961 tribuerent
648 1903 685 1979 ei,
709 1902 973 1960 oniministerinm
998 1902 1075 1962 verbi

149 1983 295 2046 tribuunt.
349 1984 459 2044 Parnm
492 1985 573 2044 enim
617 2004 687 2045 esse
719 1984 858 2044 viderent
889 1983 1076 2063 Sacerdotis,
1166 1996 1170 2047 ἶ

150 2066 311 2147 Episcopi,
340 2067 444 2147 Papae
466 2085 597 2144 nornen,
626 2076 835 2146 comparatum
858 2085 930 2127 cum
954 2068 1076 2129 nomine
1166 2096 1169 2141 ξ

149 2151 347 2211 ministrantis
371 2151 495 2210 verbnm
520 2151 577 2210 Dei
600 2152 700 2210 vivum
723 2158 754 2210 et
775 2152 805 2210 in
825 2158 988 2210 aeternum
1013 2171 1072 2232 per·
1166 2152 1169 2157 ’

149 2252 287 2310 manens,
311 2236 414 2293 omnia
432 2243 540 2313 potens
564 2241 595 2293 et
616 2235 740 2294 taciens.

231 2317 282 2376 Sio
305 2321 396 2377 etiam
429 2317 555 2377 ridicule
582 2318 690 2377 ludunt
716 2319 746 2376 in
770 2317 967 2378 conferendis
992 2319 1074 2379 Ordi-

148 2399 247 2477 nibus,
270 2400 320 2459 ubi
343 2400 528 2481 episcopalis
560 2403 707 2461 autoritas
729 2419 828 2479 neque
848 2409 1073 2462 sacramentnm

150 2492 205 2559 est,
228 2503 328 2562 neque
351 2486 557 2544 characterem
580 2485 687 2564 habet,
710 2503 770 2564 quo
793 2503 857 2542 nno
875 2484 1074 2545 sacerdotalis

149 2565 279 2646 dignitas
302 2575 333 2627 et
354 2575 491 2646 potestas
514 2576 637 2646 putatur
654 2569 790 2628 omnium
812 2586 881 2626 esse
893 2587 1027 2648 summa,
1047 2578 1074 2627 et

149 2657 250 2710 tamen
274 2651 460 2730 episcopatis
484 2653 632 2711 autoritas
654 2651 742 2710 simul
765 2669 883 2709 summa
907 2659 970 2731 est,
1006 2655 1073 2711 dum

148 2736 267 2793 confert
288 2733 427 2794 ordinem
450 2739 481 2794 et
503 2734 710 2794 characterem
730 2733 906 2813 sacerdotii,
930 2736 1021 2796 simul
1035 2737 1074 2795 in·
1163 2802 1169 2811 ,

148 2815 248 2896 ferior,
272 2817 342 2876 dum
365 2818 433 2896 ipsa
454 2836 555 2895 neque
578 2819 654 2878 ordo
677 2824 723 2878 est
744 2836 844 2895 neque
866 2817 1073 2879 characterem
1163 2886 1168 2899 ⁸

147 2898 249 2963 habet.
293 2901 332 2959 Et
353 2900 383 2959 id
406 2901 488 2979 qnod
512 2902 610 2960 minus
634 2910 690 2976 est,
713 2901 831 2961 confert
852 2902 882 2960 id
908 2903 993 2981 quod
1017 2922 1074 2962 mu·

147 2984 193 3043 ins
217 2994 272 3061 est,
295 2993 328 3043 nt
347 3000 474 3043 necesse
496 2984 584 3044 fuerit
605 2985 664 3044 iltis
686 2984 803 3064 fingere
819 3003 875 3064 pro
899 2987 1073 3047 istaabsur·
1166 3002 1170 3015 ·

148 3065 242 3127 ditate
265 3067 423 3142 ornanda,
460 3067 540 3126 aliud
564 3088 633 3127 esse
654 3068 850 3148 dignitatem,
884 3069 967 3129 alind
993 3082 1074 3150 pote-

147 3159 267 3213 statem.
312 3150 392 3224 Quid
415 3152 494 3210 enim
518 3152 599 3210 atiud
623 3151 942 3211 saceretmendecium
965 3155 1075 3233 impru·

148 3233 281 3314 dens1),
304 3253 454 3312 nusquam
477 3234 601 3314 sibiipsi
625 3234 792 3295 constans?
835 3234 876 3293 Ut
899 3237 1078 3296 ostenderet

148 3314 297 3392 Christus,
320 3337 410 3396 quam
434 3321 494 3378 sint
516 3321 619 3379 omnia
640 3321 670 3378 in
693 3336 788 3398 regno
811 3337 914 3398 papae
937 3321 1077 3381 nuilare·

148 3400 232 3458 tione
255 3404 443 3481 constantia,
472 3402 525 3462 sed
550 3414 637 3462 extra
665 3421 859 3462 communem
882 3422 1012 3464 sensnm
1036 3405 1078 3464 fu·
1171 3412 1175 3427 '

146 3485 252 3547 nentia.
298 3485 399 3561 Quare
421 3486 494 3547 nihil
518 3489 635 3566 mirum,
658 3488 681 3546 si
699 3494 729 3546 et
740 3485 882 3565 baptismi
903 3507 1080 3551 sacramen·

171 3670 178 3676 -
196 3670 569 3679 --——...——-——---

224 3764 251 3835 t)
273 3763 303 3816 ln
322 3763 365 3817 ed.
385 3763 453 3818 len:
473 3763 628 3833 impudens.
