2392 4170
172 256 239 329 Μ)
508 256 601 316 Breve
619 255 761 329 quoddam

173 441 234 494 tem
256 430 426 493 evadimus.
469 428 530 492 Sed
552 428 689 510 libertus,
710 446 802 510 quam
824 427 883 490 sibi
906 425 1028 525 Lueiier
1046 423 1100 488 itte

173 513 631 661 ttttttttt‘ttt
647 510 1101 678 „t'tttttt‘tttett
1178 540 1183 659 t

176 682 258 744 unde
279 683 310 743 in
334 684 398 743 ime
416 681 525 743 inferni
546 681 766 762 pneoipitstus
787 688 845 760 est,
866 680 918 759 qui
941 678 1013 739 fluis
1030 696 1100 760 pro·
1175 670 1182 799 p

174 766 224 828 ool
247 763 341 827 dubio
363 766 455 826 etiam
478 764 641 825 Martinnm
664 763 828 825 lutherum
850 770 883 825 et
904 781 1029 838 omnes,
1051 762 1100 842 qni
1175 814 1179 853 Ι

174 851 202 910 ei
225 848 404 928 adhaerent,
427 855 545 928 manet,
568 849 626 909 nisi
648 847 778 909 eeterius
800 847 990 928 resipuerint
1011 844 1099 907 etad
1174 874 1177 883 ·

175 934 323 993 unitatem
346 931 507 1007 ecelesiae,
529 950 549 993 s
569 951 631 1012 qua
651 949 687 991 se
708 929 923 993 damnabiliter
957 946 1100 1011 segregu-
1173 928 1177 979 i

175 1022 244 1076 runt
267 1023 298 1075 et
320 1021 408 1077 extro
431 1033 539 1094 quam,
562 1023 613 1075 tan
639 1034 710 1076 uum
733 1011 875 1096 areumt)
902 1010 988 1090 Noe,
1010 1031 1099 1073 nemo
1171 1024 1175 1093 t

177 1098 290 1159 salvari
311 1103 424 1179 potest,
446 1097 546 1160 redire
568 1034 746 1161 studuerint.

99 1236 103 1241 .
256 1180 322 1242 Nee
342 1183 423 1242 eninr
446 1180 571 1243 dubium
593 1184 642 1243 est
661 1183 740 1243 istos
768 1186 801 1242 et
821 1179 939 1241 similes
963 1198 1047 1255 esse,
1065 1177 1100 1238 de
1170 1222 1173 1229 .

176 1264 286 1344 quibus
320 1264 427 1325 beatus
457 1265 619 1346 spostolus
654 1265 763 1326 Petrus
794 1262 1001 1343 loquebatur,
1036 1282 1099 1324 oum
1170 1276 1173 1281 '

176 1346 380 1429 praedioeret,
402 1355 594 1410 surrecturos
614 1349 695 1410 inter
714 1347 822 1409 fideles
834 1347 1007 1427 magistros
1023 1365 1100 1407 meu·

175 1430 285 1508 denes,
305 1432 356 1511 qui
378 1432 581 1493 introduoturi
610 1438 716 1492 essent
735 1436 837 1492 seetas
857 1430 1049 1511 perditionis
1074 1435 1101 1488 et

176 1532 256 1589 eum,
280 1515 331 1593 qui
354 1515 429 1575 emit
449 1533 520 1591 eos,
554 1515 654 1576 Deum
682 1515 837 1596 negaturi,
868 1514 1100 1576 introduosntes
1168 1518 1171 1555 ¹

176 1597 232 1657 sibi
255 1597 386 1658 solerem
409 1597 631 1679 perditionem,
665 1597 830 1677 subditque
856 1597 975 1658 muitos
996 1616 1099 1679 sequo-
1167 1574 1171 1667 i

175 1688 270 1741 turosa
288 1699 393 1742 eornm
420 1681 612 1760 inxuriosi),
645 1700 703 1762 per
730 1698 808 1761 quos
846 1679 1025 1764 (iuquiens)
1057 1681 1100 1740 ria
1167 1718 1170 1765 !

175 1764 313 1824 veritatis
334 1763 596 1845 blasphemabitur
623 1773 655 1824 et
681 1767 711 1826 in
734 1763 1018 1839 annotatione)
1041 1782 1099 1824 ver·
1166 1792 1169 1799 ·

174 1843 221 1905 bis
244 1845 282 1907 de
304 1845 394 1908 vobis
429 1847 675 1927 negotiabuntur.
716 1846 835 1925 Quibus
862 1846 1016 1909 iudicium
1045 1848 1098 1908 iam
1164 1904 1168 1927 ¹

175 1929 248 1989 otim
271 1947 335 1990 oon
357 1937 461 2010 oessot
481 1936 513 1991 et
539 1930 674 2013 perditio
705 1949 812 1992 eorum
847 1949 912 1992 noo
947 1930 1098 2008 dormitet
1165 1974 1168 1979 -

174 2014 1097 2179 tttttttttttttt‘oitttettitttpttt

176 2179 218 2238 tis
245 2177 457 2239 immunditiae
486 2180 659 2262 ambulant,
686 2180 995 2261 dominationemque
1035 2199 1096 2240 eon·

177 2268 326 2338 temnunt,
348 2261 491 2338 audaces,
516 2264 573 2324 sibi
591 2262 760 2342 medentes,
782 2265 928 2336 seotesei
956 2283 1020 2324 non
1043 2281 1096 2323 me

175 2351 264 2407 tunnt
296 2343 492 2406 iutrodnoere
524 2346 783 2426 blasphemantes.
836 2345 928 2421 Quae
962 2366 1003 2407 an
1039 2347 1095 2407 istis

175 2429 371 2503 conveniant,
394 2427 515 2511 vobisf)
548 2429 744 2490 iudiosndum
765 2428 978 2508 relinquimus.

258 2510 452 2591 Quapropter
474 2513 638 2591 durissimi,
669 2530 746 2592 quos
778 2514 808 2572 io
832 2513 1004 2573 viseeribue
1031 2512 1096 2573 uari·
1167 2522 1170 2533 '

175 2594 245 2653 totis
267 2595 417 2674 gerimus,
453 2613 510 2656 vos
538 2597 569 2654 in
598 2595 733 2656 Domino
763 2595 828 2656 lesu
852 2593 979 2656 Christo
1004 2596 1095 2657 hortu·

178 2694 246 2736 mur
267 2685 299 2737 et
319 2695 373 2756 per
401 2678 519 2739 viscera
541 2679 768 2740 misericordiae
804 2679 870 2737 eius
892 2694 1045 2759 rogemur
1072 2683 1096 2736 et

175 2759 379 2835 obtestemur,
404 2768 487 2820 utet
509 2779 628 2822 errores
650 2761 788 2837 illorum,
824 2779 903 2840 quos
927 2762 1096 2842 spostotiou

174 2841 367 2921 providentia
398 2843 486 2904 vobis
522 2845 609 2924 qussi
631 2843 727 2925 digito
744 2843 779 2925 ε)
800 2847 1011 2943 monstravit,
1048 2863 1096 2904 vos

244 3043 272 3110 a)
291 3039 448 3113 Allegoria.
484 3040 517 3104 b)
534 3041 623 3108 Nota,
644 3040 770 3096 luxunae
799 3056 855 3096 uon
885 3050 953 3096 sunt
972 3044 1095 3097 Adriano

173 3113 303 3181 papistiei
321 3113 431 3183 generis
456 3111 559 3178 foedae
589 3113 735 3177 libidines,
768 3113 818 3167 sed
847 3114 978 3169 luxurias
1003 3115 1097 3169 dooere

173 3184 260 3238 sentit
277 3200 336 3250 eos,
355 3185 402 3253 qni
421 3184 544 3239 divinum
564 3185 724 3254 coniugium
748 3183 877 3252 probant.
917 3187 953 3240 Et
986 3203 1022 3241 ex
1050 3189 1096 3240 hos

172 3255 236 3309 ineo
255 3255 372 3311 Adriani
390 3254 545 3311 rhetoricen
572 3255 777 3323 aestimaveris,
807 3272 868 3310 eum
888 3257 964 3312 Petri
994 3267 1096 3314 senten·

173 3325 239 3382 tiam
258 3326 295 3380 ad
315 3342 393 3381 suam
412 3342 524 3382 eausam
545 3326 701 3397 detorquet.
740 3329 766 3395 o)
786 3327 840 3382 Hie
858 3327 991 3384 Adriano
1005 3331 1096 3386 Petrus

172 3392 385 3454 annutritus
409 3399 615 3467 cauponatione
644 3397 880 3468 praebendarum,
912 3402 1095 3472 Indulgentia-

172 3483 231 3521 rum
250 3474 278 3523 ot
295 3469 424 3524 similium
440 3471 629 3525 Romanarum
647 3470 786 3526 mersium.
821 3470 854 3527 dt
879 3471 1094 3529 Grammatieau

172 3539 334 3594 oesoiebsot
351 3540 397 3596 isti
416 3541 481 3596 boui
499 3541 585 3608 Laio,
605 3543 669 3597 ideo
688 3542 785 3613 glossa
798 3542 912 3598 adiecta
923 3555 976 3600 est.
1004 3551 1037 3610 e)
1049 3546 1095 3600 Ns·

172 3626 226 3681 que
244 3610 289 3667 hio
307 3611 436 3667 Adriano
455 3614 552 3668 Petras
571 3614 607 3668 de
630 3613 828 3669 monachorum
854 3614 1004 3673 ordinibus
1029 3619 1096 3672 loeu-

171 3689 216 3738 tus
235 3689 286 3739 eat.
323 3682 350 3752 s]
370 3684 460 3751 Eoos,
479 3685 525 3740 hio
542 3684 623 3755 Papa
640 3686 787 3741 renunciet
813 3702 866 3741 suo
892 3687 950 3743 iuri
968 3689 1096 3759 intorpre-

172 3755 252 3818 teudi
271 3754 437 3832 empturas.
474 3757 510 3833 g)
533 3756 639 3832 Digito,
659 3773 714 3817 nou
734 3757 796 3830 Dei,
815 3757 867 3818 sed
886 3759 997 3835 Papae.
