2392 4170
382 288 436 346 Per
455 290 604 361 Magistros
622 290 827 388 Parisiorum..
967 270 969 275 ’
1019 290 1062 360 37

136 469 271 596 spurce,
304 457 335 514 et
355 472 412 535 pro
442 452 503 515 lide
526 453 731 516 exsecrandas
766 453 948 536 profitentur
980 455 1059 518 blas·

134 553 154 615 p
178 553 309 695 emdllrsdd
325 619 438 682 Luther
456 621 538 702 ipse,¹
555 641 608 684 seu
631 628 733 700 autore
750 623 887 702 quisquis
907 629 963 700 eet,
986 640 1061 703 opu·

134 702 287 764 oculorum
310 703 393 764 illius
410 702 559 766 editorum
575 707 711 782 nornine,
735 705 801 765 luce
813 705 924 766 elarius
937 705 1061 767 demon·

133 792 219 867 stret,
242 788 303 866 qui,
326 786 400 848 dum
422 787 617 849 eeclesiaeet
638 795 813 851 sanctorum
837 789 958 850 Petrum
982 789 1060 850 salu-

135 871 213 931 taria
234 873 350 950 respuit
372 870 572 952 documenta,
595 877 626 933 et
646 869 863 934 haeresiarcha
892 873 991 933 factus
1015 879 1062 933 est
1164 896 1167 902 ·

133 959 165 1015 et
196 953 363 1015 virulentus
408 961 544 1015 veterum
571 955 750 1016 haeresium
783 956 957 1021 innovator.
1012 955 1058 1015 De

85 1055 91 1066 ·
133 1036 230 1099 libero
245 1057 379 1118 nemque
390 1037 515 1099 arbitrio
539 1038 690 1099 disserens
702 1039 899 1101 Manichaeos
914 1040 1060 1119 sequitur,

133 1119 173 1183 de
183 1122 368 1183 contritione
392 1129 423 1182 et
439 1122 486 1201 iis,
510 1140 589 1201 quae
608 1142 675 1183 eam
691 1121 890 1203 praecedunt,
908 1122 1059 1195 Huseitas,

134 1204 339 1266 Vuiolevistas
374 1224 448 1267 vero
484 1203 523 1266 de
558 1206 776 1282 confessione,
813 1205 852 1266 de
887 1207 1059 1285 praeceptis

134 1288 300 1367 Pigardoe,
344 1287 494 1349 catharos
542 1287 580 1348 de
621 1288 782 1370 punitione
824 1289 1059 1367 haereticorum,

134 1371 174 1432 de
195 1372 387 1432 immunitate
401 1371 678 1433 ecelesiasticorum
702 1378 732 1432 et
743 1372 941 1451 Evangeliois
960 1372 1059 1433 conei-

133 1454 182 1515 liis
204 1454 375 1516 valdenses
400 1462 430 1514 et
452 1454 628 1533 Bohemoe‚
651 1454 689 1516 de
711 1457 883 1516 iuramento
906 1456 1061 1515 consentit

131 1537 314 1618 haereticis,
338 1539 390 1618 qui
410 1558 444 1599 se
465 1539 605 1600 iactitant
632 1538 670 1598 de
698 1538 805 1600 ordine
828 1538 1059 1618 Apostolorum,

133 1620 173 1682 de
196 1620 413 1682 observatione
442 1622 589 1702 legalium
609 1621 822 1683 Ebionitarum
849 1621 968 1682 haeresi
992 1640 1060 1700 pro·

133 1705 271 1785 pinquat
340 1706 483 1766 Ceterum
519 1705 557 1765 de
601 1704 815 1766 sacramentali
852 1704 1057 1781 absolutione,

133 1788 353 1869 satisfactione,
376 1789 614 1869 praeparatione
645 1787 684 1848 ad
712 1788 934 1848 Eucharistiam
958 1787 1057 1867 Scrip-

132 1878 217 1933 turas
229 1890 290 1932 uon
305 1872 478 1946 advertens,
501 1871 555 1933 sed
570 1878 758 1951 pervertens,
769 1872 841 1931 item
861 1869 900 1931 de
911 1872 1057 1949 peccatis,

133 1954 173 2016 de
194 1955 303 2034 poeuis
326 1956 510 2034 purgatorii,
542 1955 581 2015 de
602 1954 797 2036 generalibus
819 1954 966 2015 Consiliis
995 1972 1057 2014 uon

131 2037 276 2102 ferendos
299 2037 477 2099 disseminat
491 2057 618 2099 errores.
647 2037 708 2099 sed
731 2045 762 2099 et
784 2037 822 2098 de
843 2035 1059 2116 philosophiae

131 2121 300 2202 praeclaris
320 2122 466 2182 institutis
488 2141 648 2200 perperam
665 2121 798 2201 loquitur
819 2122 957 2200 ignarus,
980 2121 1059 2180 siout

132 2204 172 2266 de
194 2211 348 2284 potestate
370 2205 581 2265 ecclesiastica
619 2211 650 2264 et
673 2204 710 2266 de
732 2204 930 2283 indulgentiis
953 2203 1058 2264 multa.

214 2288 281 2348 Nec
302 2293 364 2348 tam
383 2288 559 2368 pestiferam
579 2287 749 2348 doctrinam
773 2289 948 2350 evomuisse
983 2305 1057 2346 oon-

133 2377 236 2432 tentue
259 2370 368 2431 librum
402 2373 527 2450 insuper
548 2369 653 2446 edidit,
677 2373 701 2430 si
726 2371 815 2433 titulo
838 2370 980 2447 creditur,
1010 2369 1059 2428 cui

132 2453 174 2516 de
208 2453 396 2534 captivitate
424 2452 615 2533 Babylonica
652 2472 764 2514 nomeu
799 2453 925 2528 indidit,
961 2470 1059 2531 usque

131 2537 212 2599 adeo
236 2538 327 2603 variis
352 2556 525 2617 respersum
556 2534 726 2613 erroribus,
755 2542 789 2596 ut
816 2537 882 2596 iure
911 2553 980 2595 cum
1003 2534 1057 2594 Al-

131 2620 269 2682 chorano
292 2621 424 2681 conferri
446 2625 607 2680 mereatur.
648 2617 684 2680 Iu
707 2639 744 2680 eo
762 2617 1060 2698 siquidem'exetinc·

130 2710 179 2765 tas
211 2704 354 2765 haereses
388 2711 418 2764 et
452 2702 586 2763 funditus
621 2705 823 2782 exstirpatae,
857 2719 984 2780 quarum
1019 2718 1059 2759 ne

131 2787 263 2868 vestigia
284 2786 407 2867 quidem
426 2785 488 2846 ulla
506 2784 673 2862 restabant,
696 2805 787 2865 super
803 2784 850 2845 hie
869 2782 1059 2864 praesertim,

84 2931 86 2935 ,
132 2889 212 2951 quae
233 2869 271 2930 ad
301 2875 495 2934 sacramente
533 2869 684 2929 eeclesiae
717 2873 876 2949 spectant,
912 2865 1060 2926 suscitare

83 2960 85 2963 ’
132 2973 171 3015 ao
193 2954 225 3014 in
248 2953 347 3014 lucem
369 2971 517 3014 revocare
547 2953 619 3012 totis
656 2953 753 3014 animi·
784 2946 898 3011 uiribus
932 2955 1058 3008 couten-

132 3036 186 3100 dit.
231 3035 369 3116 scriptor
390 3037 577 3116 quicumque
597 3037 624 3096 ie
653 3042 701 3096 est
731 3034 881 3096 eeclesiae
916 3032 1058 3093 nimirum

132 3120 248 3183 christi
269 3119 368 3181 hostis
397 3117 608 3199 perniciosus,
636 3125 667 3180 et
694 3120 886 3199 antiquarum
917 3114 1061 3194 blasphe-

132 3203 260 3264 miarum
282 3203 468 3263 instaurator
490 3202 709 3264 exsecrandus.
742 3201 950 3263 Bohemorum
975 3216 1059 3257 nam-

131 3306 209 3368 que,
244 3285 472 3367 Albigensium,
506 3284 722 3363 Valdeneium‚
760 3282 1059 3355 Heracleonitarum‚

132 3369 389 3450 Pepucianorum,
411 3368 611 3445 Eriauorum,
634 3369 920 3449 Lamperianorum,
944 3363 1061 3426 Iovini·

131 3454 321 3530 anisterum,
344 3453 599 3532 Artotyritarum‚
634 3457 866 3528 ceterorumque
902 3447 932 3508 id
962 3466 1060 3528 genus

131 3543 339 3598 monstrorum
362 3536 501 3595 insaniae
528 3555 584 3614 per
613 3541 749 3595 autorem
784 3535 814 3593 iu
839 3530 949 3593 eodem
979 3549 1060 3590 oom-

131 3618 301 3699 probantur
320 3618 409 3695 libro,
433 3617 697 3696 commendantur,
721 3616 920 3678 extolluntur.

106 3715 110 3722 ’
174 3701 276 3778 Quare
289 3708 415 3773 nostrae
430 3701 631 3780 professionis
650 3720 719 3761 esee
737 3704 942 3781 agnoscentes
958 3695 1060 3755 huius·

132 3783 216 3846 modi
238 3784 460 3867 pullulantibus
495 3785 647 3866 pestiferis
670 3783 823 3846 erroribus
845 3781 1007 3863 magisque
1023 3795 1061 3837 ac
