2392 4170
387 248 421 302 D.
441 247 475 303 ll.
492 246 573 303 Loth.
591 245 779 302 Praeludium.
1009 243 1053 311 39

137 424 190 464 ram
219 409 323 464 tamen
360 421 422 464 non
461 400 612 466 diffidens.
667 401 747 461 Nam
778 400 846 460 talis
878 400 1053 480 pmmiasio,

138 488 256 547 sumsit
279 488 391 548 veritas
414 486 483 564 Dei,
502 487 595 546 etiam
616 486 646 545 11
669 485 788 545 interno
805 490 907 544 servat
929 483 1054 544 creden·

138 580 183 666 les,
207 578 237 629 et
259 577 477 650 exspectantes
499 589 577 634 eam
620 569 694 629 Post
704 567 785 628 hanc
797 573 903 628 secuta
916 574 963 627 est
983 585 1053 647 pro·

137 654 228 713 missio
250 653 323 730 alia,
345 653 428 714 facta
449 652 517 713 Noe
538 671 635 731 usque
658 650 696 711 ad
712 650 878 727 Abraham,
901 649 974 711 dato
997 670 1053 730 pro

136 739 213 832 signo
235 736 371 797 foederis
394 755 466 797 arcu
488 736 629 811 nubium,
659 735 744 795 cuius
773 734 869 794 fide
860 752 927 813 rpse
949 740 979 794 et
999 752 1054 813 po·

134 821 196 880 steri
217 821 285 879 eius
312 820 478 899 propitium
501 819 640 880 Deum
633 824 823 879 invenerunt.
802 817 945 878 tPost
971 816 1054 877 huno

134 902 270 963 Abrahae
297 903 439 982 promisit
467 901 713 963 benedictionem
743 902 878 962 omnium
906 901 1054 979 gentium,

133 988 156 1046 in
177 987 296 1046 semine
320 988 395 1048 eius.
439 986 478 1046 Et
499 986 549 1046 hic
571 992 619 1047 est
639 987 723 1046 sinus
739 984 894 1061 Abrahae,
915 985 946 1043 in
962 1003 1054 1063 quom

133 1071 240 1150 recepti
263 1077 336 1129 1111
348 1070 464 1149 posteri
476 1070 551 1134 eius
590 1068 709 1129 Deinde
718 1069 795 1129 hlosi
818 1067 928 1131 etliliis
950 1066 1055 1146 lsrael,

133 1154 291 1232 praecipue
314 1152 435 1228 David,
465 1154 688 1232 apertissimam
717 1151 756 1212 de
778 1152 898 1213 Christo
928 1150 1054 1247 promis·

133 1238 242 1297 sionem
266 1235 351 1296 dedit
339 1242 459 1333 tque
466 1237 613 1297 revelavit
625 1234 758 1312 tandem,
781 1255 861 1316 quae
881 1234 970 1295 luerit
992 1235 1055 1314 pri·

134 1321 187 1380 seis
209 1319 295 1380 facta
318 1320 490 1399 promissio

207 1402 269 1463 Sic
284 1410 357 1463 vent
358 1422 409 1462 nm
432 1409 478 1462 111
500 1401 539 1463 ad
560 1403 796 1498 promissionem
825 1401 961 1462 omnium
989 1420 1055 1481 per-

133 1487 325 1546 fectissimam
349 1487 422 1562 novi
446 1486 635 1561 testamenti,
664 1486 696 1546 in
724 1504 785 1565 qua
815 1485 929 1566 opertis
955 1483 1055 1545 verbis

133 1571 187 1629 vita
207 1577 240 1628 et
268 1568 352 1629 salus
383 1559 515 1647 gratuito
544 1569 775 1647 promittuntur,
809 1574 840 1628 et
860 1566 1055 1630 credentibus

132 1653 325 1732 promissioni
349 1651 512 1712 donantur.
555 1650 1066 1731 111111111111111111111
1159 1662 1165 1674 '

131 1742 345 1796 testamentum
369 1755 388 1796 a
409 1732 515 1810 veteri,
538 1733 609 1794 dum
632 1733 718 1795 dicit:
750 1734 872 1795 Novum
894 1741 1057 1797 testamen·

131 1829 198 1879 tum.
244 1819 343 1878 Vetus
373 1819 455 1878 enim
486 1824 701 1878 testamentum
731 1836 785 1897 per
812 1816 923 1880 Mosen
952 1818 1057 1879 datum

131 1909 191 1962 erat
218 1902 405 1981 promissio,
441 1919 501 1961 nou
535 1901 724 1961 remissionis
756 1908 969 1980 peccatorum,
1002 1921 1057 1963 seu

131 1992 324 2045 aeternarum
346 2003 464 2062 rernm,
487 1983 540 2043 sed
564 1983 793 2066 temporalium,
827 2003 937 2065 nempe
959 1991 1058 2046 terrae

131 2067 271 2144 canaan,
303 2085 358 2146 per
386 2085 479 2145 quam
511 2086 602 2127 nemo
633 2066 839 2127 renovabatur
873 2068 980 2148 spiritu
1017 2067 1057 2128 ad

130 2151 331 2212 hereditatem
359 2149 525 2210 coelestem
549 2149 780 2230 capessendam.
822 2149 911 2211 Unde
933 2157 963 2211 et
983 2151 1055 2210 irro-

131 2233 276 2295 tionalem
299 2232 453 2313 pecudem
475 2234 504 2292 11
527 2232 625 2313 figura
638 2233 748 2294 Christi
771 2233 934 2313 oportebat
948 2232 1057 2308 occidi,

131 2317 157 2376 in
177 2318 268 2377 cuius
292 2317 444 2395 sanguine
465 2316 546 2376 idem
574 2322 788 2377 testamentum
811 2315 1059 2393 confirmabatur,

133 2408 160 2459 ut
179 2400 283 2479 qualis
306 2400 448 2478 sanguis,
481 2399 542 2460 tale
571 2406 803 2477 testamentum,
826 2398 925 2478 qualis
946 2399 1057 2475 hostia,

136 2483 194 2543 talis
219 2483 398 2562 promissio.
441 2483 483 2542 At
503 2482 553 2543 hio
576 2482 663 2559 dicit,
692 2483 921 2543 Testamentum
943 2500 1057 2542 novum

135 2566 158 2624 11
177 2585 263 2642 meo,
287 2584 349 2625 nou
361 2565 474 2644 alieno,
496 2565 549 2625 sed
561 2567 687 2661 proprio
702 2566 861 2645 sanguiue,
884 2584 945 2645 quo
959 2566 1058 2645 gratia

131 2669 178 2728 per
201 2649 392 2733 Spiritum
384 2668 415 2707 1n
452 2649 662 2710 remissionem
685 2655 881 2729 peccatorum
909 2647 948 2709 ad
972 2648 1056 2708 here·

132 2731 253 2793 ditatem
278 2731 460 2828 capiendam
482 2733 675 2812 promittitur
1117 2753 1119 2756 ·

208 2816 269 2876 Est
290 2817 393 2893 itaque
415 2816 520 2889 missa,
544 2814 711 2875 secundum
734 2813 935 2873 substantiam
957 2832 1066 2890 suam„

132 2900 252 2978 proprie
282 2898 356 2957 nihil
383 2897 482 2973 aliud,
513 2917 604 2977 quam
633 2897 727 2959 verba
750 2896 861 2957 Christi
882 2897 1055 2977 praedicta:

131 2981 268 3062 Accipite
282 2984 314 3040 et
333 2980 518 3047 manducate
531 2987 600 3059 etc,
622 2982 698 3042 acsi
720 2980 815 3042 dicat:
836 2980 948 3041 Ecoeo
963 2981 1056 3041 homo

133 3072 276 3144 peccator
297 3070 329 3123 11
349 3063 520 3141 damnatus,
544 3084 583 3124 ex
601 3084 685 3125 mera
706 3065 898 3144 gratuitoque
920 3065 1056 3139 caritate,

133 3166 189 3226 qua
212 3147 308 3226 diligo
326 3153 366 3224 te,
388 3148 433 3206 sic
455 3148 575 3207 volente
599 3147 874 3208 misericordiarum
887 3148 986 3226 Patre,
1010 3148 1057 3206 his

134 3231 230 3290 verbis
253 3231 400 3309 promitto
430 3229 498 3305 tibi,
521 3238 592 3291 ante
615 3250 705 3291 omne
733 3232 872 3291 meritum
900 3238 931 3292 et
952 3236 1058 3290 votum

135 3321 231 3390 tuum,
254 3314 466 3373 remissionem
490 3315 624 3374 omnium
646 3320 844 3394 peccatorum
867 3321 1003 3391 tuorum,
1023 3320 1058 3373 ¹et

135 3398 222 3456 vitam
246 3402 413 3455 aeternam.
456 3397 495 3455 Et
516 3404 548 3456 ut
571 3398 756 3458 certissimus
771 3397 809 3456 de
826 3397 885 3458 hac
898 3415 967 3457 mea
988 3415 1058 3475 pro·

137 3481 277 3539 missione
305 3478 498 3538 irrevocabili
527 3481 584 3555 sis,
617 3499 728 3560 corpus
757 3499 858 3540 meum
881 3480 1000 3540 tradam
1029 3487 1060 3538 et

137 3564 313 3641 sanguinem
336 3561 479 3634 fundam,
507 3570 606 3622 morte
627 3565 696 3643 ipsa
718 3564 798 3624 hauc
820 3564 1059 3642 promissionem

141 3644 384 3718 confirmaturus,
422 3655 452 3704 et
486 3652 647 3722 utrumque
675 3645 729 3707 tibi
750 3647 780 3706 in
803 3648 923 3725 signum
947 3653 977 3706 et
999 3663 1060 3703 me-

139 3730 260 3791 moriale
283 3727 419 3790 eiusdem
444 3731 655 3812 promissionis
667 3730 838 3794 relicturus.
868 3728 971 3812 ,Quod
990 3745 1060 3787 cum
