2392 4170
139 281 179 354 10
435 282 511 344 Acta
530 284 563 343 D.
584 286 618 345 u.
637 286 750 345 Lntherl

137 476 198 540 quo
221 459 321 520 adhuc
342 459 471 542 persisto
493 461 716 542 persistamque
738 462 768 524 in
792 464 962 541 aeternum,
986 480 1055 521 esse

136 541 279 604 videlicet
295 563 349 604 eos
372 543 465 607 libros
488 564 573 604 meos
585 565 715 624 meoque
736 547 860 607 nomine
877 565 895 605 a
912 564 960 605 mc
975 542 1056 605 evul-

136 633 236 707 gatos,
260 628 315 687 nisi
332 627 409 688 forte
426 629 545 688 interim
568 629 723 708 acciderit,
747 638 779 689 ut
793 628 983 689 aemulorum
1006 625 1058 691 vel

137 712 247 770 astutia
276 710 323 770 vcl
341 712 492 791 sapientia
518 713 692 793 importuna
716 713 881 791 quidquam
898 713 928 772 in
947 711 1007 773 illis
1023 710 1054 791 ¹)

136 798 294 872 mutatum,
316 800 368 854 aut
392 794 557 874 depravate
579 804 756 876 excerptum
780 797 827 858 sit.
871 794 949 857 Nam
973 793 1056 857 alind

134 876 227 957 plane
248 897 309 938 non
334 897 488 958 agnosco,
519 880 575 939 nisi
600 879 682 958 quod
707 880 764 940 mei
788 879 961 957 satiasset,
984 884 1056 939 eta

136 979 186 1020 me
208 961 275 1022 solo
298 963 453 1046 scriptum,
477 963 552 1023 citra
575 963 673 1024 omnis
688 963 719 1041 2)
740 964 872 1024 cuiusvis
887 962 1056 1025 industriae

136 1043 425 1124 interpretationem.

218 1127 265 1188 Ad
291 1128 417 1188 alterum
443 1148 514 1190 vcro
532 1149 733 1209 responsurus
753 1149 841 1211 rogo,
859 1127 1057 1190 serenissima

134 1211 280 1272 Maiestas
314 1219 416 1272 vestra
450 1220 481 1272 et
504 1214 736 1273 Dominationes
772 1221 891 1274 vestrae
905 1211 955 1292 ³),
992 1211 1055 1291 dig·

135 1302 244 1356 nentur
266 1296 399 1356 animum
424 1294 639 1375 adverterc⁴)‚
661 1297 757 1360 libros
781 1317 865 1359 meos
889 1315 951 1357 non
986 1313 1054 1357 esse

135 1380 287 1456 omnes⁵l
313 1379 448 1439 eiusdem
471 1381 601 1460 generis,
626 1390 695 1440 sunt
718 1382 797 1441 enim
818 1380 921 1459 aliqui,
943 1379 972 1439 in
991 1380 1052 1457 qui-

135 1460 190 1520 bus
213 1463 368 1542 pietatem
387 1462 456 1523 fidei
488 1472 520 1536 et
552 1481 668 1524 morum
704 1463 781 1524 adeo
814 1463 992 1543 simpliciter
1025 1467 1056 1523 et

134 1545 313 1626 evangelice
334 1547 476 1620 tractavi,
508 1554 538 1605 nt
562 1548 683 1627 ipsimet
710 1547 874 1608 adversarii
905 1556 1075 1624 cogantur.

135 1642 194 1688 eos·
203 1628 340 1689 confiteri
355 1629 455 1707 utiles,
472 1631 626 1705 innoxios,
644 1636 674 1690 et
687 1632 779 1710 plane
798 1629 906 1709 dignos
923 1629 1055 1689 lectione

135 1711 316 1773 Christiana.
362 1710 424 1775 Sed
447 1719 477 1774 et
499 1711 598 1793 Bulla,
622 1733 795 1794 quanquam
821 1733 914 1773 saeva
937 1719 967 1773 ct
984 1732 1055 1772 cru-

135 1793 227 1871 delis,
250 1796 367 1875 aliquot
399 1815 484 1858 meos
512 1796 605 1857 libros
632 1799 777 1857 innoxios
807 1797 892 1871 iacit,
921 1793 994 1856 licet
1026 1805 1056 1854 et

133 1877 191 1938 bos
214 1879 348 1957 damnet,
370 1879 483 1940 iudicio
506 1900 631 1959 prorsus
655 1879 852 1942 monstrifico.
896 1878 928 1939 si
950 1880 1056 1957 itaque

134 1961 191 2022 hos
211 1982 358 2023 revocare
381 1964 558 2042 inciperem,
581 1963 711 2024 obsecro
734 1963 805 2043 qnid
828 1964 974 2036 facerem,
997 1962 1055 2021 nisi

134 2044 216 2123 qnd'd
239 2065 316 2106 unus
340 2066 378 2107 ex
403 2045 544 2107 omnibns
580 2047 759 2108 mortalibus
794 2065 860 2106 eam
892 2046 1052 2105 veritatem

133 2127 321 2207 damnarem,
344 2148 435 2207 qnam
459 2130 547 2188 amici
571 2141 601 2190 et
623 2131 734 2207 inimici
762 2129 877 2209 pariter
906 2127 1053 2188 confiten-

134 2214 191 2289 tnr,
214 2211 297 2272 solus
323 2213 456 2272 omnium
481 2214 666 2273 confessioni
688 2211 833 2272 concordi
864 2209 1053 2270 reluctatus?

217 2295 352 2355 Alterum
376 2314 472 2375 genus
496 2304 550 2374 est,
573 2296 655 2375 quod
678 2297 709 2354 in
738 2296 885 2373 Papatum
918 2301 948 2353 et
981 2293 1053 2352 doc-

133 2378 285 2450 trinam⁰l
321 2379 509 2459 Papistarum
545 2379 711 2455 invehitur,
747 2388 889 2455 tanquam
923 2380 952 2435 in
989 2395 1054 2459 eoa,

134 2462 184 2541 qui
219 2461 280 2519 suis
313 2470 343 2522 et
382 2462 572 2535 doctrinis³)
617 2470 648 2522 et
680 2460 828 2541 exemplis
865 2458 1052 2538 pessimis⁸J

134 2543 238 2604 orbem
262 2543 464 2605 Christianum
489 2555 617 2624 utroque
642 2545 722 2605 nralo
746 2554 774 2604 et
791 2544 913 2623 spiritus
939 2552 970 2601 ct
989 2561 1054 2601 cor·
1085 2588 1088 2593 .

133 2628 216 2706 poris
259 2630 485 2702 vastaverintl'j
560 2629 637 2688 Nam
670 2647 770 2706 neque
799 2646 913 2706 negare
945 2625 973 2685 id
991 2624 1054 2702 ¹⁰),

133 2730 233 2791 neque
256 2711 448 2772 dissimulare
471 2713 631 2791 quisquam
655 2720 764 2791 potest,
795 2729 863 2768 curn
894 2709 1053 2786 experien-

133 2795 175 2853 tia
197 2797 332 2855 0mnium
356 2802 387 2855 ct
409 2797 619 2855 universorum
643 2795 834 2872 qucrimonia
861 2799 953 2850 testes
984 2793 1055 2863 sint,

131 2877 293 2957 perleges
315 2878 416 2959 Papae
440 2887 470 2938 et
499 2878 654 2938 doctrinas
687 2877 860 2950 hominurn,
896 2876 1053 2934 conscien-

132 2961 190 3019 tias
212 2960 345 3021 fidelium
370 2963 536 3021 miserrime
558 2980 626 3020 esse
648 2960 840 3039 illaqueatas,
865 2965 993 3016 vexatas
1024 2963 1056 3015 et

132 3043 375 3120 excarnificatam
398 3050 459 3104 tum
478 3065 527 3104 res
550 3053 580 3104 et
602 3043 798 3117 snbstantias,
821 3040 999 3119 praesertim
1023 3040 1053 3097 in

133 3126 191 3187 hac
212 3128 316 3187 inclita
341 3126 526 3188 Germaniae
546 3128 681 3201 natione,
705 3124 873 3185 incredibili
893 3122 1054 3202 tyrannide

132 3209 310 3289 devoratas,
339 3210 540 3291 devorariqne
561 3210 662 3269 adhuc
683 3210 749 3268 sine
773 3208 832 3266 line
860 3207 1054 3286 indignisque

205 3364 231 3429 1)
250 3363 335 3418 Ibid.:
354 3363 425 3417 ullis.
468 3364 500 3425 2)
523 3361 604 3416 ibid:
628 3375 743 3414 omnem.
788 3361 819 3426 3)
848 3357 928 3411 Ibid:
959 3371 1052 3411 saera-

131 3433 265 3489 tissimam
306 3435 477 3489 Maiestatem
522 3442 641 3487 vestram
683 3442 711 3485 ct
754 3430 961 3484 Dominationes
1006 3444 1053 3482 va-

132 3511 226 3560 strae.
263 3509 296 3572 4)
312 3506 395 3560 lbid.:
424 3505 653 3558 animadvertere.
690 3505 721 3570 5)
738 3501 806 3556 lbid.
826 3503 917 3556 deest:
946 3516 1042 3554 omnes

132 3579 164 3639 6)
187 3577 270 3635 ibid:
291 3594 397 3646 resque.
432 3579 464 3646 7)
488 3576 569 3630 ibid:
589 3577 646 3630 suis
663 3574 805 3628 doctrinis.
841 3575 868 3638 8)
889 3572 972 3626 ibid:
993 3583 1051 3640 pes·

130 3648 207 3704 sime
225 3652 258 3714 9)
270 3649 355 3703 lbid.=
370 3649 540 3703 vastaverint
551 3654 579 3702 et
589 3647 702 3715 spiritus
713 3652 741 3700 at
753 3645 886 3714 corporis.
907 3643 1053 3713 totuin]

131 3720 201 3775 Nam
218 3720 248 3775 id
263 3736 353 3792 neque
371 3736 460 3791 neque
478 3719 575 3793 negari
594 3733 684 3790 acque
707 3715 875 3773 dissimulari
898 3716 1053 3787 qrdsqnam·
