2392 4170
452 262 534 322 Doot
552 262 631 320 Mart.
649 256 729 322 Loth.
994 248 1056 327 3³1
1127 255 1130 258 ’

136 443 167 500 et
187 437 311 500 ordines
334 441 381 500 tot
402 436 522 502 statutis
544 441 576 499 et
597 436 769 517 praeseptis
795 435 978 517 illaqueatos
1000 451 1056 498 vo·

135 523 198 586 veri
220 529 252 585 st
273 541 422 603 nusquam
445 521 570 597 servari,
592 520 825 601 obstupuerunt,
848 522 874 581 si
896 526 942 581 tot
969 519 1056 582 dam·

135 614 282 670 narentur
305 613 448 687 tanquam
471 606 536 668 voti
558 604 743 684 violatores,
777 604 866 667 simul
897 603 1062 666 intellexa·

134 697 221 769 runt,
253 709 379 773 prorsus
413 689 536 752 stultum
559 694 590 750 et
610 688 802 772 impossibile
824 708 902 766 esse,
924 690 950 748 si
972 706 1058 768 prae·

134 781 294 837 sumantur
316 775 421 837 omnia
441 773 495 836 illa
509 781 581 836 vota
593 773 717 833 servari.
760 772 939 854 Coeperunt
953 773 1058 853 itaque

93 889 96 894 ·
134 859 225 922 rebus
247 859 311 920 suis
333 859 436 920 miseri
458 857 628 934 consulere,
652 862 682 917 et
703 857 798 918 abans
817 856 848 931 ¹)
873 855 947 917 illud
969 861 1058 919 voto·

137 963 203 1004 rum
224 943 329 1024 partiri
356 943 387 1004 in
411 941 488 1018 duo,
524 939 675 1022 quaedam
699 960 812 1003 vooare
834 939 1058 1019 substantialia,

135 1026 286 1107 quaedam
319 1025 530 1088 eooidentalia.
574 1024 792 1087 substantialia
807 1036 810 1047 ’
826 1025 963 1086 leserunt
988 1023 1058 1106 trie,

134 1116 362 1193 paupertatem,
385 1108 607 1188 obedientiam,
631 1110 812 1176 castitatem.
854 1108 984 1189 Reliqua
1005 1125 1058 1169 vo·

134 1194 257 1256 luerunt
278 1213 346 1256 esse
367 1192 586 1273 aooidentalia,
619 1194 724 1272 itaque
745 1198 928 1270 sanxerunt,
957 1191 1058 1254 solum

134 1297 189 1340 eos
212 1278 275 1340 voti
296 1276 464 1341 violatores
487 1296 565 1352 esse,
589 1277 640 1356 qui
657 1276 872 1339 substantialia
893 1277 1058 1338 solverent.

133 1361 221 1423 Haeo
242 1367 288 1424 est
310 1381 370 1423 uua
394 1362 528 1422 omnium
553 1361 714 1423 sententia.
758 1360 818 1423 Sed
835 1361 954 1423 trustra.
997 1357 1058 1421 Hu-

135 1464 258 1506 manum
287 1451 335 1507 est
352 1451 576 1524 commentum,
606 1464 731 1525 prorsus
752 1443 860 1506 inutile
882 1443 919 1504 ad
939 1443 1059 1506 firman·

135 1528 206 1590 dam
230 1531 461 1607 oonsoienliam,
482 1529 544 1588 imo
567 1529 640 1588 utile
663 1527 701 1590 ad
724 1527 940 1590 sedunendam.
985 1526 1060 1604 Quis

135 1631 194 1674 nos
213 1619 314 1674 oertos
336 1614 430 1674 laniet
450 1611 531 1674 hano
552 1613 746 1692 partitionem
763 1613 832 1674 Deo
853 1611 998 1693 plaeere?
1020 1629 1067 1672 an*

134 1694 336 1757 aedificabitis
369 1717 469 1758 meam
498 1696 719 1757 conscientiam
741 1715 834 1777 anper
856 1702 957 1757 vestra
978 1712 1059 1756 som·

134 1779 208 1840 nia?
251 1779 331 1854 Quid
354 1780 454 1842 dioam
476 1781 561 1856 Deo,
587 1778 638 1840 ubi
661 1781 841 1861 opposuerit
862 1787 1058 1860 praeseptum

133 1881 236 1924 suum:
279 1863 400 1926 Vovete
432 1870 462 1925 et
487 1861 617 1944 reddite,
651 1869 682 1924 et
704 1865 806 1925 omnia
836 1863 941 1942 (sicuti
970 1859 1057 1946 snut)

134 1945 348 2008 substantialia
385 1968 455 2009 esse
488 1946 682 2008 decreverit?
725 1947 846 2008 Dictum
889 1953 936 2007 est
968 1946 1059 2022 enim,

134 2028 216 2108 apud
238 2030 339 2111 ipsum
362 2031 436 2092 nihil
451 2031 696 2112 valereoperum
720 2030 932 2104 differentiam,
956 2029 1059 2090 omnia

133 2120 205 2173 sunt
225 2114 448 2195 substantialia,
470 2115 542 2196 quia
563 2116 666 2176 omnia
679 2122 750 2175 sunt
772 2114 827 2176 sub
851 2114 960 2174 eodem
973 2131 1059 2192 prae·

134 2201 225 2274 oepto
255 2198 424 2276 aequaliter
460 2205 569 2279 panta,
602 2198 773 2278 aequaliter
801 2205 882 2260 vota.
926 2196 1003 2258 Nam
1027 2202 1059 2257 et

134 2284 207 2338 vola
229 2296 285 2338 vos
307 2280 364 2357 ipsi
388 2280 561 2360 appellatis,
583 2282 850 2347 assidentaliaille
872 2283 980 2357 nesoit,
1002 2278 1058 2341 sed

133 2359 230 2421 diost:
274 2359 351 2422 Sunt
372 2361 470 2422 vota?
503 2381 577 2442 ergo
599 2363 724 2440 reddes,
760 2367 785 2425 si
814 2372 915 2426 autem
938 2361 1058 2444 reddes,

133 2443 347 2505 substantialia
378 2451 456 2507 sunt.
500 2442 548 2504 Ita
576 2463 760 2526 quoeunque
797 2467 865 2508 sese
903 2448 1058 2524 verterint,

133 2526 400 2607 deprehendentur
413 2529 492 2588 inter
503 2529 671 2608 angustias,
687 2548 747 2589 neo
756 2536 901 2609 poterunt
913 2530 1058 2611 effugere.

133 2611 267 2672 Verbum
299 2617 330 2672 et
349 2618 549 2692 praeceptum
570 2610 639 2672 Dei¹
660 2618 721 2672 stat
740 2613 770 2672 in
794 2614 928 2673 senulum
953 2613 1057 2690 seonli,

133 2712 194 2754 nou
218 2695 332 2774 patitur
353 2696 401 2755 sui
423 2694 594 2755 elusionem
616 2700 670 2756 aut
691 2695 952 2776 depravationem.

215 2777 312 2858 Igitur
344 2777 503 2840 offendunt
540 2784 571 2839 et
602 2778 775 2860 impingunt
795 2779 846 2839 hio
867 2786 973 2840 mutuo
997 2777 1058 2841 dno

132 2857 178 2921 illi
200 2860 386 2939 adversarii,
416 2861 607 2924 eonscientia
629 2869 659 2921 et
681 2862 740 2925 lex.
783 2862 898 2924 Eduxit
919 2869 949 2923 et
971 2880 1058 2924 mans

133 2943 235 3005 Moses
255 2944 409 3006 Israelitas
433 2964 506 3006 suos
528 2944 568 3007 de
589 2945 697 3006 nastris
715 2964 819 3007 eorum
843 2947 872 3007 iu
896 2964 1057 3008 osoursum

132 3026 198 3086 Dei.
242 3026 321 3101 Quid
354 3027 504 3108 reliquum
538 3034 599 3108 est,
634 3029 744 3089 nisius
773 3029 899 3090 videant
920 3035 1057 3091 montem

132 3109 298 3171 fumantem
321 3116 352 3172 et
375 3111 558 3192 terribilem,
579 3111 642 3173 hoo
664 3119 726 3192 est,
755 3115 830 3175 iram
854 3113 891 3174 de
915 3113 1004 3176 onelo
1025 3113 1058 3173 in

133 3200 256 3270 terram,
279 3201 309 3254 et
330 3214 349 3254 a
371 3200 451 3255 terra
473 3197 505 3255 in
529 3214 583 3257 sor
599 3196 677 3257 ooali
699 3200 796 3277 pertin
821 3198 944 3259 entem?
987 3195 1057 3274 Quo

132 3276 220 3337 ibunt
241 3296 260 3336 a
281 3276 361 3338 laoie
394 3279 504 3358 igneae
533 3277 623 3339 huius
651 3279 750 3360 legis?
791 3217 855 3361 Igpsi
878 3281 1059 3360 dispensant

131 3359 162 3419 in
186 3361 358 3439 praeseptis
381 3360 438 3421 Dei
471 3367 502 3421 et
524 3380 621 3442 opera
649 3365 714 3423 eius
741 3366 912 3446 partiuntur
934 3372 965 3427 et
987 3362 1056 3426 sub-

131 3442 265 3504 trahunt.
314 3441 356 3503 At
392 3451 589 3524 praeseptum
622 3447 724 3529 exigit
748 3449 861 3511 omnia.
911 3447 944 3510 Si
975 3448 1057 3510 enim

132 3527 272 3588 vovisses
294 3530 346 3586 aut
368 3544 505 3602 mussans
528 3527 679 3608 occidere,
703 3538 754 3592 aut
777 3532 920 3612 stipulam
944 3531 1057 3613 levare,

131 3608 413 3691 indispensabiliter
434 3615 539 3671 votum
560 3610 688 3673 reddere
701 3622 733 3675 st
744 3633 805 3675 non
820 3615 891 3700 quid
907 3617 1056 3698 vovisses,

204 3790 236 3865 1)
257 3791 289 3852 Io
307 3790 351 3854 ed.
370 3791 476 3867 priore:
496 3791 592 3852 oahos.
