2392 4170
446 285 526 345 Boot
544 287 624 345 Mart.
642 281 725 347 Lutb·
988 282 1051 353 435

130 470 200 511 oum
221 447 283 510 hoc
304 467 376 510 vare
398 450 438 511 sit
459 449 617 511 veritatem
641 449 699 512 Dei
728 456 845 515 mutare
871 448 903 511 in
924 447 1051 514 menda·

130 552 221 598 crum.
722 549 731 554 ·
818 592 822 597 .

213 614 287 677 Post
307 612 385 675 haec
407 619 496 695 urget
517 633 567 676 me
582 608 710 677 (lenone
731 616 784 678 illo
797 602 921 696 Missae,
942 614 974 676 in
988 633 1050 759 quo

131 699 223 761 Missa
245 697 427 759 sacrificium
449 697 647 776 nominatur,
676 700 762 760 cuius
792 700 957 762 autoritate
978 698 987 759 i
1012 716 1051 761 ec

131 802 181 843 me
203 781 268 843 vult
290 782 407 860 teneri,
438 779 520 861 quod
543 783 609 843 eius
633 781 732 845 verbis
766 801 838 844 usus
861 783 929 847 sim.
972 776 1051 842 Nam

130 868 191 928 ista
222 863 331 926 verba:
368 862 618 946 Quotiescunque
656 862 790 927 feceritis
831 870 890 932 etc,
923 883 987 927 non
1019 865 1051 926 in

132 947 305 1030 Evangelio
327 947 453 1028 reperiri
475 945 564 1028 dicit,
596 947 651 1010 sed
673 949 747 1011 ista:
784 946 853 1011 Hoc
873 946 989 1029 l'aoite,
1020 942 1051 1009 ln

132 1031 228 1093 Paulo
249 1049 323 1092 vero
346 1048 415 1093 esse
438 1026 509 1093 alia.

215 1115 273 1175 llio
295 1113 366 1174 vide
386 1106 538 1175 infelicem
560 1111 716 1196 Batauam,
738 1121 772 1177 ut
792 1119 907 1197 reptat,
928 1120 962 1175 ut
983 1131 1053 1195 cap-

133 1204 187 1276 tat,
209 1205 243 1259 ut
264 1197 415 1280 quaeritat
436 1195 560 1279 effugia,
582 1194 637 1258 sed
658 1196 791 1276 frustra,
824 1214 888 1260 non
918 1196 1052 1277 effugiet.

133 1282 291 1344 Canonem
314 1299 373 1363 ego
395 1281 488 1341 reieci
510 1288 541 1341 et
561 1280 666 1342 reiicio
711 1281 792 1362 quod
809 1299 934 1363 prorsus
947 1286 1054 1361 aperte

133 1372 242 1426 contra
263 1363 465 1443 Evangelium
486 1369 577 1424 vocat
589 1329 749 1443 sacridcia,
772 1383 852 1445 quae
873 1371 944 1426 sunt
965 1363 1054 1444 signa

133 1442 190 1510 Dei
211 1445 466 1528 promissionibus
494 1445 615 1509 adiecta
646 1447 735 1511 nobis
757 1446 862 1510 oblata
874 1496 884 1529 ,
916 1467 936 1508 s
963 1444 1053 1508 nobis

132 1530 320 1613 recipienda,
343 1548 406 1591 non
427 1527 594 1594 offerenda.

215 1614 295 1675 Nam
323 1611 406 1693 quod
429 1612 499 1675 Rex
525 1610 611 1694 dicit,
648 1614 677 1675 in
700 1613 872 1695 Evangelio
899 1630 961 1675 non
985 1631 1055 1675 esse

133 1699 192 1759 ista
213 1696 323 1757 verba:
349 1695 600 1776 Quotiescunque
620 1696 769 1777 feceritis,
796 1699 863 1778 quis
892 1715 968 1780 puer
991 1713 1053 1759 non

134 1780 226 1860 videt,
250 1779 482 1860 grammaticam
505 1780 650 1841 assertori
676 1787 761 1843 tanto
785 1779 917 1843 deesse?
960 1776 1055 1857 Quasi

135 1883 208 1924 vero
230 1880 358 1924 necesse
379 1862 484 1942 fuerit,
507 1860 722 1944 Evangelistss
747 1883 804 1944 per
832 1881 942 1925 omnes
964 1860 1055 1943 sylla

135 1947 189 2009 bas
202 1945 391 2008 concordare
413 1952 445 2006 et
458 1942 587 2007 formam
609 1946 693 2007 illam
707 1945 898 2010 sacramenti
910 1951 1055 2025 statuere,

134 2050 225 2112 quam
258 2027 350 2092 nobis·
369 2028 514 2110 Papistae
546 2030 592 2093 sic
613 2028 831 2091 immutabilem
855 2037 885 2091 et
915 2047 1056 2092 necessa·

134 2117 210 2175 mem
234 2119 421 2192 statuerunt,
444 2119 478 2173 ut
503 2112 623 2194 peccati
655 2114 792 2175 mortalis
826 2110 911 2175 reum
943 2112 1057 2173 iaciant

136 2207 166 2257 et
189 2197 308 2257 inferno
342 2196 483 2275 tradant,
516 2197 567 2276 qui
596 2194 813 2259 dictiunculam
851 2195 934 2258 illam
965 2194 1055 2257 Enim

137 2279 288 2353 omiserit,
310 2278 427 2339 scilicet
447 2278 652 2341 Rhadamanti
675 2288 705 2342 et
728 2280 824 2342 Aeaci
845 2274 904 2362 illi,
939 2278 1054 2342 liberri-

137 2379 253 2421 marum
277 2360 533 2421 conscientiarum
556 2363 726 2443 carnifices,
745 2365 790 2425 sic
812 2361 953 2426 delirant.

218 2443 313 2524 Igitur
335 2441 461 2504 testibus
484 2447 692 2523 grammaticis
720 2451 751 2506 et
783 2447 937 2518 communi
960 2444 1057 2507 omni·
1114 2466 1118 2477 ·

138 2547 187 2587 um
216 2528 309 2587 seirsu
345 2524 431 2604 dico,
459 2525 540 2586 idem
563 2546 647 2607 esse,
677 2527 758 2609 quod
781 2528 998 2610 Evangelistas
1020 2522 1058 2589 de

137 2609 245 2671 Coena
275 2609 399 2688 dicunt,
428 2611 622 2687 quantumvis
656 2612 763 2690 paucis
792 2610 893 2672 verbis
928 2610 1057 2687 varient,

135 2693 280 2773 idemque
303 2712 382 2772 esse,
404 2691 473 2753 Hoc
492 2691 594 2773 facite,
617 2692 719 2774 quod,
741 2692 993 2773 Quotiescunque
1015 2691 1060 2751 ie·

137 2778 256 2852 ceritis,
278 2776 460 2855 cavisseque
493 2773 587 2838 credo
610 2776 756 2857 Spiritum
782 2782 925 2838 sanctum
957 2775 1058 2857 singu·

138 2859 192 2919 lari
221 2859 371 2940 consilio,
391 2868 424 2919 ut
455 2856 675 2939 Evangelistae
708 2857 837 2921 eandem
871 2877 935 2920 rem
964 2855 1058 2941 paulo

137 2938 227 3003 aliter
248 2941 416 3004 scriberent
444 2948 474 3003 et
507 2949 672 3023 peccarent
692 2949 854 3025 peccatum
880 2939 955 3002 illud
988 2941 1059 3000 irre-

137 3024 285 3086 missibile
314 3025 345 3085 in
378 3026 507 3087 formam
532 3025 734 3089 'Sacramenti
766 3025 965 3108 papisticam,
997 3042 1058 3104 quo

138 3128 195 3170 uos
224 3128 244 3168 a
270 3108 371 3170 futura
392 3109 610 3192 superstitione
638 3118 670 3172 et
701 3108 863 3190 tyrannide
894 3106 1058 3188 impiorum

138 3192 295 3255 hominum
318 3198 399 3254 tutos
421 3190 572 3255 redderet.
615 3194 724 3274 Neque
758 3193 839 3253 enim
869 3190 968 3252 minus
987 3205 1060 3252 vere

138 3281 344 3356 consecraret,
367 3276 418 3356 qui
431 3275 531 3337 forma
543 3274 654 3355 Lucae,
676 3276 780 3355 Marci,
802 3270 959 3353 Matthaei,
973 3271 1060 3335 Pauli

138 3365 293 3436 uteretur,
318 3377 410 3438 quam
439 3360 491 3439 qui
518 3356 654 3421 Cononis
687 3360 774 3421 istius
810 3354 895 3439 impii
932 3364 963 3418 et
990 3355 1060 3418 falsi

139 3443 241 3502 utitur.

221 3523 280 3587 Ubi
305 3543 378 3586 vero
402 3543 462 3605 ego
485 3524 697 3605 scripsissem,
721 3521 904 3585 sacrificium
931 3527 963 3583 et
989 3520 1059 3581 Illis-
1148 3597 1151 3600 ἦ

139 3627 205 3669 sam
227 3627 376 3690 pugnare,
399 3627 468 3669 cum
490 3600 673 3667 sacrificium
698 3606 852 3685 offeratur,
873 3604 969 3666 Missa
985 3622 1058 3665 vero

139 3692 313 3774 recipiatur.
356 3690 414 3753 Hic
435 3690 527 3753 sudet
548 3689 652 3752 audax
674 3689 817 3752 dominns
839 3687 989 3751 Hauricus
1004 3685 1060 3746 Lu-

140 3775 258 3836 therum
280 3775 320 3837 ad
342 3774 471 3838 Bibliam
494 3793 668 3857 provocare
701 3773 829 3921 dioenpg
833 3853 852 3892 t
862 3771 922 3835 Ubi
950 3775 998 3832 est
1022 3770 1061 3873 „⁵¹¹
