2392 4170
244 253 333 325 Breve
350 264 466 324 Adriani
484 265 516 324 P.
534 265 572 323 ad
590 263 664 323 arrd.
683 263 716 321 D.
736 265 801 322 Sar.
821 265 886 326 adv.
905 265 937 326 L.
990 265 1053 334 479

136 439 241 516 anatis,
263 445 428 519 antequam
450 437 543 520 plane
565 436 595 498 in
608 457 665 500 vos
688 438 862 519 eonveniat,
884 437 968 518 quod
980 446 1055 500 mox

135 520 239 585 subdit
258 521 436 602 Propheta:
465 521 634 602 Argentum
663 521 828 602 reprobum
855 530 967 583 voeate
988 539 1054 601 eoa,

135 605 207 684 quia
229 604 379 666 Dominus
393 606 531 750 proieoit
551 622 616 666 eos.
1042 638 1045 642 ·

218 687 260 748 Et
288 688 361 766 quid
414 690 531 750 ieemus
559 685 667 766 vobis,
702 704 794 766 qnam
823 687 905 767 qaod
934 685 1053 749 Galatia

135 771 198 831 auis
220 771 347 832 Paulos:
370 770 396 833 0
418 773 587 847 insensati,
621 771 690 848 qnia
712 789 769 832 voa
795 770 958 832 iasoindvit
979 770 1054 830 veri-

135 855 190 914 tati
214 873 275 915 ooo
299 853 434 916 obedire.
478 853 652 915 Currebatis
676 854 771 933 bene,
792 855 979 935 interrogate
1001 853 1055 913 Pa·

135 944 197 998 tres
219 943 338 999 vestros
350 984 359 1019 ,
382 956 419 998 ao
441 937 544 998 disent
565 935 670 1015 vobis,
696 937 829 998 llaiores
851 943 992 1016 vestros,
1025 943 1056 997 et

135 1021 366 1082 annuooiabnnt
387 1019 499 1098 vobis,
522 1020 605 1101 quod
627 1019 665 1081 ab
692 1028 868 1096 euastata,
902 1037 962 1100 quo
991 1036 1053 1080 uno

136 1103 308 1183 eodemque
329 1114 468 1185 tempora
490 1105 595 1165 vixere
615 1102 769 1165 Adrianus
785 1103 943 1165 Romanus
966 1103 1054 1164 l’ont

137 1192 168 1248 et
192 1186 321 1248 Carolus
344 1188 396 1248 ille
419 1206 548 1268 magnus
579 1186 766 1267 imperator,
789 1185 945 1248 Saxoniae
982 1184 1054 1246 lidei

136 1270 335 1351 plantatores,
359 1269 397 1330 ad
420 1280 525 1331 nostra
548 1289 646 1350 usque
667 1278 698 1330 et
720 1270 869 1330 (rarissimi
889 1270 920 1330 in
933 1267 1055 1329 Christo

135 1350 189 1414 lilii
212 1355 308 1414 nostri
331 1349 434 1415 Caroli
457 1361 614 1434 tempora,
636 1354 686 1414 avi
707 1362 738 1415 et
760 1354 868 1432 proavi
896 1352 989 1413 vestri
1012 1359 1054 1412 at
1177 1360 1183 1371 '

136 1455 196 1515 que
218 1435 297 1496 adeo
320 1435 461 1498 Saxones
484 1455 592 1498 omnes
615 1454 737 1515 semper
758 1436 854 1497 habiti
875 1436 949 1496 estis
970 1435 1056 1495 velut

135 1519 222 1599 panis
243 1527 407 1599 amatores,
428 1517 500 1580 fidei
524 1528 786 1601 propugnatores,
817 1524 849 1581 el
873 1538 929 1600 per
951 1518 1055 1581 omnia

136 1600 331 1663 obedientiae
353 1601 473 1682 paoifloi
494 1600 563 1676 tilii,
593 1605 741 1682 talesque,
763 1611 878 1664 utnon
900 1601 1054 1662 immerito

136 1682 305 1764 Gregorius
317 1685 354 1750 V.
375 1686 502 1746 natione
524 1684 619 1764 Saxo,
631 1686 705 1747 olim
723 1685 834 1748 Roma.
857 1686 956 1763 Pont,
980 1684 1055 1746 Sax-

135 1768 226 1828 oniae
257 1766 365 1828 duoem
406 1768 437 1828 in
465 1767 596 1829 Romani
637 1769 831 1849 imperatoris
865 1768 1055 1830 eonstituerit

137 1849 313 1914 eleotorem.
357 1849 427 1926 Quo
459 1869 533 1931 ergo
564 1857 627 1912 tam
656 1853 718 1913 oito
745 1858 878 1913 mutatus
901 1858 949 1912 est
969 1849 1056 1911 oolor

138 1934 293 2014 optimus?
336 1933 397 1995 Cur
418 1942 480 1995 tam
501 1933 592 1994 faoile
615 1935 822 1996 transferimur
842 1933 881 1996 ab
904 1953 968 2012 eo,
1003 1925 1074 2013 qui‘

134 2037 192 2080 nos
205 2018 330 2080 vooavit
351 2018 382 2078 in
403 2018 532 2099 'gratiam
547 2015 669 2097 Christi,
688 2017 720 2078 in
742 2016 824 2078 aliud
840 2016 1055 2098 Evangelium,

137 2101 219 2180 quod
241 2121 304 2165 non
327 2107 375 2163 est
395 2101 488 2179 alind,
512 2103 569 2162 nisi
592 2107 664 2161 sunt
685 2098 819 2181 quidam,
840 2103 891 2181 qui
913 2117 970 2161 vos
984 2117 1057 2160 oon·

134 2184 273 2262 turbant,
303 2194 333 2246 et
359 2185 468 2247 volunt
497 2192 677 2247 eonvertere
697 2184 900 2265 Evangelium
924 2181 1056 2244 Christi-i

136 2263 212 2340 Quis
224 2267 354 2327 'vineam
368 2267 491 2330 Domini
504 2268 640 2331 Sabaoth
658 2276 720 2329 tam
738 2269 863 2349 pulohre
884 2267 1055 2350 plantatam
1157 2313 1162 2322 .

136 2357 184 2408 est
205 2347 394 2410 demolitus?
442 2351 533 2413 Certe
561 2353 776 2414 exterminavit
804 2371 879 2434 aper
907 2351 946 2412 de
968 2349 1047 2412 silva

135 2436 168 2492 et
188 2430 361 2511 singularis,
383 2430 474 2512 ierus,
497 2434 642 2515 depastus
664 2442 712 2496 est
733 2455 812 2516 eam,
835 2435 890 2496 sed
904 2453 961 2495 vae
982 2396 1057 2495 illud

135 2533 154 2575 a
180 2514 285 2593 vobis,
314 2532 334 2574 a
362 2512 538 2578 domesticis
567 2527 598 2578 et
627 2519 751 2599 amieis,
773 2537 793 2579 a
814 2520 949 2579 orneiatu
972 2535 1058 2598 prae-

135 2597 321 2660 oordiorum.
955 2623 959 2628 ·

218 2680 423 2743 Obaeoramus
452 2686 504 2758 te„
530 2680 574 2744 flli
605 2682 715 2746 dileote
744 2687 777 2746 in
806 2685 956 2759 Christo,
989 2683 1058 2744 leva

137 2765 246 2827 oouloa
267 2770 337 2826 tuos
359 2765 389 2823 in
412 2762 570 2844 direotum,
591 2773 623 2826 et
643 2767 723 2845 vide,
745 2769 796 2829 ubi
817 2771 859 2830 sis
875 2773 1055 2851 prostratus.

138 2848 327 2926 Considera,
350 2851 495 2927 quantam
519 2847 670 2910 adelasiae
691 2848 803 2914 Christi
826 2859 873 2915 tot
894 2851 983 2914 malis
1005 2868 1059 2911 un·

137 2930 228 3012 dique
250 2930 499 2993 eiroumvallatae
520 2949 558 2992 ao
578 2950 658 3011 pene
679 2950 849 3014 oppressae
869 2954 925 3017 pro
956 2953 1061 3015 opera,

160 3035 200 3077 ua
221 3014 265 3075 illi
289 3014 454 3076 subvenire
468 3013 629 3093 debueras,
651 3013 773 3077 eladenl
784 3018 910 3098 insuper
923 3017 1059 3079 intulisti.
1148 3072 1150 3075 ,

137 3033 774 3245 {rutulantum,lts‘ilttlt
792 3102 1060 3263 rattruut

137 3266 291 3344 principes
318 3265 519 3346 Reipublicae
551 3229 762 3345 Cbristianae,
794 3274 824 3326 et
859 3268 890 3326 in
924 3273 1059 3326 mutuam

137 3349 247 3408 armati
269 3349 450 3427 pernitiem,
473 3350 695 3410 eruentissimis
717 3350 796 3410 inter
823 3368 858 3410 se
885 3347 964 3409 odiis
987 3367 1060 3408 oon·
1182 3340 1188 3353 “

137 3429 309 3494 fliotantur:
335 3431 366 3490 in
387 3430 521 3494 fraterna
542 3433 660 3496 visoara
690 3432 801 3494 ferrum
825 3433 997 3513 stringunt,
1029 3438 1062 3492 ut

138 3515 191 3577 vix
227 3511 341 3574 athnioi
372 3514 451 3574 inter
481 3533 516 3575 se
537 3514 701 3581 erudelius.
745 3518 792 3578 An
825 3515 903 3578 haee
933 3517 977 3575 ita
1006 3515 1062 3576 tibi
1124 3558 1127 3563 -

139 3599 206 3659 visa
227 3603 298 3658 sunt
318 3614 381 3658 non
403 3597 477 3657 satis
498 3600 629 3678 gratia,
657 3600 714 3661 nisi
738 3601 953 3663 oontritionem
976 3598 1060 3659 indu·

139 3699 224 3742 aeres
247 3698 339 3761 super
357 3680 584 3762 contritionem,
605 3683 740 3744 nutriens
763 3683 920 3746 salovens
937 3699 1060 3763 serpen-

141 3770 202 3830 tem
224 3764 310 3827 illam
332 3766 363 3826 in
387 3765 456 3827 sinn
479 3770 543 3845 tuo,
565 3766 617 3848 qui
631 3784 752 3831 veneno
775 3769 899 3852 linguae
920 3785 996 3830 suae
1016 3767 1060 3828 iu·
