2392 4170
114 246 155 319 12
419 254 495 311 Aera
513 254 547 311 u.
565 254 600 311 rr.
619 253 732 311 [nmen

113 428 252 505 mulo¹).
295 427 327 490 Si
350 428 500 489 Dominus
522 432 599 511 ipse,
620 431 672 511 qui
694 430 813 491 eeiebn
832 448 904 491 sese
931 450 1035 491 mre

114 531 177 574 nou
207 532 317 593 posse,
347 532 408 573 uon
437 522 539 574 lumen
574 513 795 581 delreomrit²l
827 516 1037 575 {alimonium

113 594 263 657 adversus
285 616 371 655 snum
394 597 565 659 doctrinam
587 599 704 667 audire,
725 600 818 657 elium
840 619 860 657 ι
885 599 1038 658 vilissimo

114 698 215 758 servo,
237 688 353 759 quanio
366 682 465 761 magis
477 701 538 761 ego
551 682 631 755 inex,
652 701 716 742 non
730 684 786 740 nisi
799 702 902 741 errare
915 692 1037 761 polens,

115 761 213 823 debeo
242 774 390 843 expelere
418 780 447 823 er
470 776 667 844 exspectare,
690 767 805 844 siquis
828 766 1036 826 testimonium

114 844 242 907 reddere
262 846 336 907 velit
357 846 505 907 adversus
527 868 627 908 meum
651 847 835 909 doctrinam.

198 948 305 1028 linque
326 968 404 1026 rogo
417 969 471 1027 per
493 949 734 1009 misericordiam
749 949 816 1024 Dei,
838 948 1037 1008 serenissim

117 1030 262 1093 merrus
302 1040 425 1105 resim,
467 1032 752 1112 illustrissimoque
801 1033 1037 1091 [lominationes

116 1115 292 1197 νοείτω),
328 1126 381 1174 nul
417 1117 592 1196 quicunque
626 1115 772 1191 landem,
806 1115 855 1175 vel
890 1133 1037 1179 summus.

115 1197 165 1257 vel
187 1197 325 1271 infimus,
346 1201 461 1277 possit,
491 1199 598 1259 reddat
625 1201 851 1275 testimonium,
873 1199 1038 1258 oonvinul

114 1299 245 1353 errores,
269 1290 393 1361 superet
406 1282 569 1362 seripturis
586 1283 773 1362 propheticis
796 1282 1037 1362 aevangelium,

114 1366 326 1445 permissimus
346 1367 427 1425 enirn
450 1385 527 1443 ero,
559 1369 584 1425 si
613 1364 789 1444 edooiusil
813 1366 912 1439 fuero,
934 1383 1037 1444 quein·

114 1465 236 1527 ouuque
250 1467 384 1509 errorern
401 1468 557 1526 revocure,
572 1468 688 1528 eroque
701 1451 826 1529 primus,
850 1451 901 1528 qui
917 1448 1037 1507 libellos

115 1550 203 1593 meos
224 1533 256 1593 in
279 1533 381 1612 ignem
405 1533 574 1610 proiioiuur.

198 1632 245 1692 [lx
265 1632 313 1693 his
325 1632 456 1693 arbitror
478 1633 624 1712 liquidum
647 1634 728 1709 fieri,
750 1652 800 1693 me
822 1635 897 1692 selis
913 1650 1037 1691 ourssso

115 1724 148 1776 ei
169 1715 358 1796 ponderasse
380 1715 555 1776 discrimine
578 1728 608 1776 el
630 1717 786 1796 pericula,
809 1736 863 1774 seu
886 1714 988 1775 studio
1007 1720 1038 1773 ei

114 1797 335 1869 dissensiones,
359 1819 447 1859 mese
466 1800 626 1861 doetrinae
648 1802 814 1860 occasione
834 1800 865 1859 in
889 1798 965 1859 orbe
986 1817 1036 1857 ex·

115 1884 223 1960 situle,
245 1883 285 1942 de
307 1881 416 1961 quibus
438 1883 502 1944 heri
525 1886 660 1962 groviler
686 1892 718 1944 et
749 1884 868 1943 fortiter
901 1881 1036 1941 admoui·

115 1972 164 2025 Ius
193 1966 244 2027 iui.
297 1966 368 2027 IIihi
400 1966 493 2044 plone
531 1969 667 2026 omnium
696 1967 915 2027 iucundissime
944 1965 1038 2023 iacies

115 2049 174 2109 ists
196 2050 225 2108 in
260 2049 433 2126 isbosed,
458 2049 561 2109 videre
591 2049 631 2110 ob
660 2051 784 2110 verbum
808 2048 864 2110 Dei
887 2047 988 2106 eludis
1008 2057 1040 2106 el

116 2130 324 2191 dissensIones
356 2130 431 2193 lieri.
477 2131 506 2194 Is
534 2134 615 2192 enim
648 2144 693 2193 esl
730 2133 812 2193 verbi
835 2132 890 2191 Dei
921 2150 1038 2207 oureus,

116 2232 206 2273 ossus
239 2222 434 2289 elevemus,
465 2236 534 2276 uam
564 2216 688 2297 dioil5J:
723 2217 792 2276 Non
827 2216 895 2274 veni
930 2233 1037 2294 psoern

116 2298 246 2373 mittere,
276 2296 330 2357 sed
352 2296 498 2376 gladium,
522 2301 590 2358 veui
614 2302 694 2359 enirn
717 2318 861 2378 separare
883 2298 1038 2359 hominem

117 2378 264 2439 adversus
285 2388 402 2460 petrem
426 2389 483 2443 elo.

200 2479 335 2543 Proinde
369 2483 566 2563 cogitandum
598 2483 687 2542 uobis
710 2493 777 2559 esi,
800 2479 923 2563 quod⁴l
956 2481 1039 2539 Deus

116 2568 221 2623 noster
242 2566 280 2623 sii
304 2566 450 2625 mirabilis
474 2576 504 2626 ei
528 2566 669 2627 terribilis
690 2567 720 2625 in
744 2565 880 2625 consiliis
904 2564 978 2640 suis,
1002 2583 1041 2622 ne

117 2645 195 2707 forte
218 2647 264 2726 id,
294 2649 376 2727 quod
400 2650 534 2722 laniisll
561 2650 668 2709 eludiis
692 2656 841 2721 leniatur,
869 2648 894 2703 si
917 2666 935 2705 a
958 2644 1040 2705 dnm-

119 2738 191 2790 nsto
215 2730 309 2790 verbo
333 2732 388 2792 Ilei
413 2733 619 2806 exordiamur,
642 2741 748 2811 vergat
766 2727 913 2810 poslea⁸)
938 2730 1040 2808 polius
1103 2791 1107 2801 ,

115 2813 145 2871 iu
169 2814 361 2874 intolerabile
394 2816 542 2876 mulorum
566 2816 740 2890 diluvium,
773 2820 802 2872 ei
825 2812 906 2891 quod
932 2832 1042 2871 esven-

116 2893 187 2956 dum
210 2896 305 2975 siv),
335 2917 374 2957 ne
405 2897 611 2960 adolescentis
634 2898 721 2957 huius
751 2897 857 2975 optimi
892 2894 1041 2973 Prinoipis

117 2977 219 3040 Caroli
246 2981 293 3057 (in
316 2999 378 3059 quo
401 2991 474 3062 post
496 2982 594 3042 Deum
625 2982 720 3040 mulie
741 3000 813 3060 spes
837 2978 901 3055 esi)
935 2979 1040 3038 infelix

117 3068 147 3121 el
169 3061 449 3144 InouepIouium¹⁰)
472 3064 526 3124 flat
547 3066 717 3145 imperium.

190 3336 217 3401 1)
239 3333 343 3390 Ibidem
371 3335 415 3390 hio
434 3336 557 3391 additum
578 3335 692 3406 legitur:
718 3332 740 3386 si
762 3340 853 3384 autem
876 3330 956 3396 bene,
974 3333 1040 3401 quid

117 3422 161 3462 me
182 3406 284 3462 caedis.
321 3409 354 3476 2)
377 3407 494 3462 Ibidem:
514 3425 568 3463 non
589 3418 681 3462 tamen
701 3405 846 3458 detrectat.
879 3407 910 3459 3»
924 3403 1043 3460 ibidem:

116 3478 305 3534 sacratisima
325 3480 455 3535 Maiestas
486 3490 587 3545 vestra,
613 3477 813 3533 illustrissimae
840 3474 1045 3532 dominationes

119 3556 234 3607 vostrae,
284 3552 312 3617 4)
338 3551 456 3607 Ibidem:
482 3551 589 3607 doctus.
644 3554 672 3616 5)
703 3546 819 3602 Ibidem:
859 3547 931 3600 siout
967 3548 1043 3603 diois

116 3624 149 3693 6)
180 3622 294 3679 Ibidem:
329 3638 420 3693 quam.
470 3625 501 3683 7)
533 3623 652 3678 Ibidem:
692 3636 741 3690 pro
773 3616 904 3673 sedandis
946 3620 1041 3676 tantis.

116 3696 141 3753 8.
162 3694 264 3751 Ibidem
293 3694 385 3751 deest:
417 3704 523 3763 postea„
562 3697 589 3762 9)
610 3694 730 3748 Ibidem:
759 3698 785 3745 ei
803 3691 968 3765 *curandum
997 3692 1043 3748 sit.

120 3767 170 3837 10)
189 3766 309 3825 Ibidem:
328 3764 425 3822 infelix
442 3766 657 3836 inauspicatum.
