2392 4170
382 249 523 307 Ambrosii
543 250 649 306 cce-r.
668 264 694 307 n
717 249 793 311 titt.
995 243 1058 310 379

122 423 201 485 nno
224 406 362 485 recipcre
390 406 550 468 debebunt.
595 408 721 468 Prcmne
743 411 867 486 cuperet
886 405 964 464 hcec
992 421 1058 482 per-

138 489 269 552 vcreitee
291 509 415 550 sensnm
438 501 469 551 et
491 491 600 569 verbe,
629 498 661 551 et
690 499 792 551 temen
815 497 937 550 strenue
960 495 1056 548 totum

129 571 256 635 obsidet
278 581 308 631 et
337 575 481 653 opprimit
511 575 626 636 orbem.
677 574 780 634 Tertio
814 575 963 653 privetem
994 587 1057 628 rem

135 675 175 717 cx
198 657 352 718 communi
375 657 462 735 fecit,
495 659 587 718 Missa
610 659 690 717 enim
720 664 847 736 utreque
875 662 961 736 perte
984 661 1059 712 nuin-

135 742 226 818 pnnm
263 740 312 799 nni
340 740 399 801 enii
429 739 519 800 debet
548 742 694 820 permitti,
729 760 797 799 cum
823 738 959 800 Ohrietne
990 756 1058 796 eam

135 822 264 883 voluerit
288 842 355 882 eene
377 843 581 896 communem,
604 832 636 884 nt
657 824 803 886 encerdee
816 821 974 882 celebrans
998 819 1060 879 coi·

134 905 235 966 lectae
256 925 359 964 eccum
384 907 473 967 niicni
502 909 652 968 ecclcsiae
681 907 921 967 communicaret
949 912 1059 962 utrem-

135 1007 196 1067 qne
220 997 346 1068 partem.
391 990 479 1050 Nunc
502 1011 573 1050 vern
596 991 680 1050 enine
702 991 735 1064 it,
759 999 789 1049 et
812 990 947 1067 privatus
969 986 1060 1045 eneri-

136 1070 244 1134 iicnlue
267 1073 323 1131 eibi
347 1073 403 1131 enti
420 1074 588 1150 ceiebmne,
611 1074 667 1133 soii
692 1073 747 1132 eibi
761 1080 919 1149 utramque
942 1077 1060 1150 partem

136 1156 352 1217 communicet.
395 1156 516 1216 Interim
540 1168 640 1217 temen
666 1156 871 1235 spiritualiter,
888 1162 928 1213 nt
945 1153 1059 1225 dicunt,

136 1239 315 1318 participet,
356 1240 506 1318 applicet,
547 1242 754 1300 communicat
786 1240 915 1298 fructum
948 1236 1061 1295 Missae

137 1321 245 1400 quibus
269 1322 366 1396 volet,
395 1323 424 1380 id
448 1331 509 1397 eet,
538 1327 672 1383 somniet
694 1343 727 1383 ee
757 1319 869 1400 aliquid
893 1318 1060 1380 communi·

135 1423 207 1465 cere
230 1413 373 1482 tanquam
398 1406 510 1465 bonum
536 1425 613 1484 cpue
636 1415 667 1467 et
687 1405 888 1483 sacrificinm,
924 1421 992 1461 cum
1015 1420 1060 1460 ne-

137 1507 209 1547 vem
236 1490 439 1548 communiter
467 1491 678 1569 accipiendum
708 1491 774 1569 ipse
806 1488 890 1547 solue
920 1485 1061 1564 accipiet,

137 1576 290 1630 ettamen
323 1590 384 1630 non
417 1580 447 1631 ut
468 1572 581 1632 donum
607 1574 660 1632 Dei
696 1589 912 1651 possessurus,
947 1567 1000 1626 sed
1029 1576 1062 1626 nt

138 1653 252 1714 donum
276 1673 362 1712 enum
382 1655 547 1718 oblaturus.
591 1658 744 1733 tiquente
757 1655 1060 1732 merinpeccntcrum

136 1736 248 1798 inscio
270 1738 329 1795 istc
343 1737 725 1798 sacrementnnbnndent?
749 1738 832 1797 Deus
854 1736 945 1808 bone,
968 1752 1059 1813 quam

136 1821 195 1880 rari
220 1820 266 1878 vei
291 1819 361 1878 nulli
384 1822 486 1900 potine
509 1830 593 1897 sunt,
623 1823 674 1900 qui
705 1840 742 1880 eo
772 1820 906 1899 legitime
927 1825 1059 1896 utentur,

137 1921 198 1980 qno
223 1903 314 1961 modo
328 1901 465 1962 Christus
488 1905 618 1964 instituit
640 1915 670 1963 et
686 1904 820 1983 apostoli
843 1898 1061 1960 servaverunt?

222 1985 336 2044 Eadem
367 1988 485 2046 insanin
507 1989 536 2046 in
560 1987 755 2048 confessione
783 1986 835 2045 iile
863 1990 1060 2062 peccatorum

138 2069 242 2129 omnin
265 2076 373 2129 vectat.
418 2070 548 2129 Primum
572 2072 662 2145 enim,
685 2089 753 2129 cnm
769 2068 907 2130 confesin
929 2066 990 2140 iiia,
1012 2084 1060 2124 ree

137 2153 229 2232 plene
252 2151 447 2210 vehementer
475 2153 633 2231 salutarie,
667 2152 775 2213 debent
800 2171 867 2211 esee
892 2149 1002 2223 libere,
1031 2155 1061 2207 ct

136 2253 220 2294 neve
243 2235 292 2293 lex
316 2235 413 2313 legem
437 2235 551 2295 nnllam
575 2237 717 2316 patiatur,
740 2236 794 2296 sed
816 2241 934 2294 tentum
953 2231 1061 2291 exher-

139 2319 298 2389 tetionem‚
321 2327 364 2376 tet
387 2327 515 2395 peccate
539 2338 618 2397 pepe
640 2319 713 2378 fecit
734 2328 764 2378 et
786 2325 831 2377 tot
854 2319 971 2377 enimes
996 2333 1062 2393 per·

137 2400 196 2476 dit,
230 2409 305 2478 quot
326 2409 356 2458 et
387 2403 506 2479 quoties
538 2403 624 2461 inviti
652 2400 849 2461 confitentur:
880 2400 966 2478 quie,
990 2398 1061 2456 dum

138 2502 199 2544 non
222 2502 262 2542 ex
283 2485 396 2562 enimn,
420 2485 473 2543 sed
497 2485 681 2544 necessitate
704 2485 872 2564 pepieticne
895 2482 971 2560 legis
989 2499 1060 2540 cen-

137 2565 269 2639 fitentur,
293 2569 395 2626 animo
418 2574 518 2626 stante
541 2571 648 2626 contre
676 2566 773 2645 legem
804 2564 939 2626 ciusdem
969 2563 1061 2623 confi·

138 2657 248 2725 tenter,
272 2651 360 2709 acite
373 2658 506 2730 peccant
516 2648 685 2729 credentes,
696 2649 807 2708 infelici
823 2645 1028 2707 conscientie1
1040 2656 1062 2720 i,

137 2751 207 2792 ecee
231 2734 326 2791 teneri
350 2734 523 2793 neceeeeric
547 2731 700 2806 confiteri,
729 2740 759 2791 et
782 2739 883 2791 temen
905 2731 1009 2802 inviti,
1030 2727 1061 2787 id

138 2822 194 2890 eet,
219 2817 373 2875 contrarie
394 2809 561 2890 voluntate,
585 2814 776 2890 confitentur,
800 2832 837 2873 ec
848 2832 903 2893 per
925 2813 984 2871 hoc
998 2830 1061 2884 cre,

139 2917 200 2958 nnn
224 2897 325 2974 corde,
348 2898 377 2957 id
401 2906 456 2975 cst,
481 2900 561 2977 ticte,
584 2899 613 2957 id
637 2905 691 2974 est,
714 2898 875 2977 dupliciter
897 2902 1061 2975 peccantes

138 2979 332 3040 confitentur.
375 2981 420 3040 Tu
444 3002 524 3041 nunc
548 2980 627 3051 vide,
650 3000 730 3059 qnae
752 2983 847 3040 merie
864 2987 1060 3059 peccatorum

139 3083 220 3143 pepe
243 3065 301 3122 hac
323 3085 383 3123 una
408 3064 476 3144 lege
499 3064 701 3124 confessionis
730 3065 892 3143 impositae
919 3068 950 3121 ct
978 3063 1061 3120 invc·

140 3148 290 3206 inntcriee
314 3149 344 3205 in
368 3155 432 3207 tcto
456 3147 529 3207 erbe
552 3155 641 3207 creet.
688 3147 770 3222 Quot
792 3147 872 3205 enim
895 3151 980 3218 eunt,
1010 3144 1062 3222 qni

139 3230 233 3289 libere
255 3229 456 3289 confitentur?
480 3230 608 3291 Atheec
630 3249 720 3290 neme
744 3237 830 3310 petat
842 3248 910 3290 esee
923 3236 1062 3308 peccate,

139 3322 169 3372 ct
191 3331 299 3372 secure
321 3322 449 3391 pereunt
471 3333 578 3373 omnes
608 3333 661 3392 per
690 3313 781 3372 fliium
814 3312 895 3371 hunc
917 3310 1060 3391 perditio-

139 3397 185 3455 nis
208 3404 238 3453 et
260 3395 413 3455 hominem
437 3398 554 3476 peccati
579 3396 883 3456 cbominctiesimum.

222 3477 291 3554 Qun
315 3488 415 3538 entem
440 3481 516 3539 hnec
538 3481 633 3539 merie
654 3489 851 3559 peccatorum
874 3484 903 3536 et
921 3474 1061 3556 perditio·

139 3581 212 3621 num
235 3563 296 3620 sint
319 3564 470 3643 auctiore,
501 3564 585 3642 cogit
606 3564 697 3622 etiem
720 3570 848 3642 peccata
870 3578 992 3620 suerum
1021 3557 1061 3619 ie·

176 3747 208 3812 1)
228 3747 259 3805 In
277 3747 319 3803 ed.
338 3749 423 3820 origc
440 3748 469 3804 in
488 3746 591 3803 infelici
609 3746 786 3803 conscientie.
836 3747 838 3751 ‘
866 3815 871 3827 ν
