2392 4170
37 195 41 202 ’
128 244 184 312 uo
347 238 549 300 cromnam
566 238 710 298 Librorum
730 239 764 297 n.
782 235 865 297 nn.

182 434 195 463 ²
225 418 263 491 7)
287 414 357 476 Nou
370 412 570 474 iustificamur
583 410 738 493 operibus,
751 429 851 491 neque
867 408 1069 492 poenitentiis
1084 467 1088 476 ,

142 504 196 561 aut
217 495 474 559 confessionibus.

147 621 149 627 -
224 580 309 642 Haec
335 579 528 660 Propositio,
559 576 715 657 loquendo
749 576 788 636 de
812 575 959 657 operibns
977 574 1069 636 bonis

140 663 233 725 iidem
267 662 443 725 mediatoris
472 679 533 723 uon
568 659 823 737 excludentibus,
857 667 904 721 est
926 676 1068 735 erronee,

139 747 348 828 poenitentiae
379 754 410 806 et
439 744 641 806 confessionis
664 744 887 822 contemptive,
920 749 952 802 et
973 760 1068 802 sanae

141 830 262 892 divinae
283 831 453 911 scripturae
473 826 697 909 intelligentiae
719 824 858 889 adversa.

410 969 481 1041 ‘Dc
505 972 784 1042 absolutione.

226 1106 260 1181 1)
285 1101 448 1164 Absolutio
471 1109 518 1162 est
554 1102 675 1186 efficax,
699 1124 760 1165 non
784 1106 857 1184 quia
877 1103 928 1181 lit,
950 1124 969 1165 a
992 1122 1065 1184 quo-

141 1205 262 1331 ounpue
284 1185 407 1247 tandem
430 1184 493 1264 flat,
516 1194 596 1247 erret
617 1189 682 1248 sive
706 1207 768 1250 non
792 1194 888 1268 erret,
911 1188 965 1248 sed
995 1189 1067 1268 quia

140 1289 191 1333 cre
214 1274 282 1333 itur.

221 1353 259 1434 2)
284 1351 383 1413 Oredc
412 1352 530 1413 fortiter
557 1359 587 1413 te
611 1372 679 1413 esse
702 1353 896 1431 absolutum,-
922 1361 953 1414 et
973 1353 1063 1415 abao-

70 1490 75 1496 .
139 1437 220 1498 lutus
242 1455 314 1497 vere
336 1436 404 1514 eris,
429 1433 573 1516 quidquid
597 1439 635 1496 sit
657 1437 695 1497 de
718 1444 770 1498 tua
792 1437 991 1500 contritione.

220 1521 257 1598 3)
282 1518 359 1579 Esto
381 1537 437 1598 per
457 1518 662 1600 impossibiie,
699 1519 781 1600 quod
805 1520 966 1581 confessus
1003 1538 1063 1580 non

138 1603 177 1663 sit
198 1603 356 1681 contritus,
379 1607 432 1662 aot
452 1602 534 1680 quod
554 1604 700 1664 sacerdos
716 1622 779 1664 non
803 1605 894 1681 serio,
916 1601 971 1663 sed
993 1603 1062 1663 ioco

138 1685 300 1764 absolvat,
328 1685 354 1744 si
376 1691 477 1745 tamen
508 1685 614 1746 eredat
635 1705 670 1746 se
690 1685 881 1764 absolutum,
904 1685 1063 1746 verissima

5 1794 7 1799 ·
127 1775 188 1853 ,est
208 1768 377 1834 absolutus.

220 1852 286 1914 Hae
318 1857 379 1912 tres
406 1850 638 1931 Propositionea
670 1851 709 1913 ad
747 1871 871 1912 sensum
906 1850 1062 1933 scriptoris

137 1943 209 1997 sunt
230 1932 349 2012 falsae,
379 1935 512 2014 impiae,
540 1935 720 2015 ignoranter
752 1942 784 1996 et
818 1933 997 1997 difformiter
1024 1932 1062 1994 ad

138 2039 245 2081 sanam
268 2035 376 2079 sacrae
398 2017 568 2097 scripturae
591 2018 822 2100 intelligentiam
844 2024 992 2088 assertae,
1025 2015 1063 2077 tlt

136 2103 167 2163 in
197 2103 275 2181 hoc,
304 2098 386 2180 quod
422 2099 547 2181 dicitur,
573 2102 599 2162 A
625 2120 811 2183 quoeunque
843 2101 966 2163 tandem
999 2099 1061 2173 ilat,

137 2193 215 2246 erret
236 2184 302 2246 sive
324 2202 385 2243 non
409 2190 508 2258 erret,
536 2195 566 2245 et
586 2186 616 2244 in
641 2204 678 2246 eo
702 2184 784 2265 quod
806 2182 968 2245 subditur:
991 2183 1058 2245 Nou

136 2269 227 2342 serlo,
249 2265 303 2328 ssd
326 2269 396 2328 ioco
418 2266 570 2341 absolvet,
593 2275 663 2328 sunt
684 2271 802 2349 piarum
826 2269 946 2328 aurium
966 2265 1058 2328 offen-

136 2354 231 2430 sivae,
254 2352 436 2411 sacramenti
458 2352 665 2431 poeniteutiae
687 2354 849 2428 irrisoriae,
874 2358 905 2412 et
928 2349 1060 2413 Concili-

136 2454 222 2496 crum
245 2433 433 2515 generalium
456 2433 759 2496 determinationibus
781 2435 966 2497 contrariae.

217 2518 257 2596 4)
280 2516 415 2593 Quilibet
443 2519 588 2579 sacerdos
611 2517 703 2580 debet
730 2518 935 2580 absolveres
958 2536 1059 2598 poena

135 2608 167 2664 et
188 2601 287 2682 culpa,
311 2611 363 2662 aut
383 2608 503 2682 peccat.

218 2686 305 2747 Haec
327 2684 501 2765 Propositio
524 2684 562 2745 ad
586 2704 708 2745 sensum
721 2685 881 2745 scribentis
903 2688 951 2746 est
972 2683 1058 2760 salsa,

135 2769 360 2831 observationis
388 2776 418 2829 et
451 2766 611 2829 doctrinae
633 2767 812 2829 universalis
842 2768 995 2830 ecmesiae
1029 2768 1058 2826 in

134 2853 202 2933 bis,
236 2871 316 2934 quae
356 2860 547 2913 concernunt
582 2863 805 2914 sacramentum
840 2850 1059 2931 poenitentiae,

135 2937 299 2999 contraria.

403 3082 460 3147 Dc
480 3080 790 3152 satisfactione.

196 3233 228 3318 1)
251 3235 383 3298 Peccata
395 3234 478 3298 Deus
495 3244 526 3297 et
537 3256 658 3318 semper
680 3243 710 3297 et
721 3237 815 3318 gratis
827 3235 955 3297 remittit
965 3243 1057 3315 atque

133 3319 300 3398 condonat,
323 3319 397 3380 nihil
420 3340 439 3381 a
461 3320 550 3380 nobis
571 3321 702 3381 invicem
726 3324 893 3401 requirens,
916 3337 1008 3398 quam
1026 3324 1058 3378 nt

134 3402 166 3466 iu
190 3410 346 3483 posterum
370 3403 448 3463 bene
471 3405 619 3467 vivamus.

217 3484 302 3545 Haeo
340 3486 513 3568 Propositio
556 3495 602 3546 est
636 3506 655 3546 a
688 3487 839 3546 sententia
878 3492 1054 3546 sanctorum

132 3568 300 3631 Doctorum
323 3570 438 3643 aliena,
460 3568 568 3630 fideles
590 3589 670 3631 vana
692 3577 724 3629 et
744 3569 836 3630 stulta
868 3567 1054 3629 confidentia

132 3673 151 3714 a
184 3650 287 3713 debita
319 3653 528 3715 satisfactione
567 3671 624 3734 pro
656 3654 791 3734 peccatis
825 3652 1004 3734 retrahens,
1024 3658 1056 3713 et

130 3736 292 3800 haeretica.
