2392 4170
168 258 233 325 216
480 261 623 314 Resolntio
642 261 750 331 Dirput
768 263 805 315 de

170 415 250 491 Quia
278 415 447 494 Apostolus
478 414 518 474 ibi
554 416 713 476 manifeste
748 417 787 476 dc
817 416 879 476 lide
910 416 1094 477 instillante

172 499 319 579 loquitur,
341 499 412 556 duin
435 497 525 556 dicit:
552 499 675 576 Omnis,
698 501 749 577 qui
770 501 960 559 invocaverit
980 518 1094 559 nomen

171 581 305 658 Domini,
325 580 429 640 salvus
450 582 516 640 erit.
559 580 725 656 Quomodo
747 601 821 662 ergo
843 584 1045 660 invocabunt,
1063 583 1094 641 in

169 683 260 742 quem
282 681 344 724 non
366 662 576 739 crediderunt,
597 665 755 742 quomodo
781 666 909 724 credent
934 667 979 742 ei,
1002 683 1094 744 quo!

172 765 235 809 non
256 745 438 807 andierunt?
459 745 542 805 Ecce
563 749 613 805 liic
635 748 731 828 vides,
753 748 911 826 quomodo
934 768 975 808 ιι
988 747 1096 808 auditu

171 829 309 906 credunt,
332 828 491 888 credentes
512 830 673 903 invocant,
696 833 876 890 invocantes
897 832 973 890 salvi
995 838 1096 891 erunt.

171 912 234 973 Sed
249 931 335 972 error
356 923 403 971 est
425 911 542 987 dicere,
565 913 647 991 quod
671 914 747 973 fides
768 915 937 992 acquisita,
966 925 1096 973 naturae

172 1004 335 1074 corruptae
358 1012 446 1073 opus,
469 997 566 1073 possit
587 995 718 1056 salvare.
761 995 821 1056 Sed
844 999 943 1076 gratis
959 997 1033 1073 iacit
1052 998 1096 1056 in·

173 1096 287 1139 vocare
307 1085 339 1137 et
358 1076 467 1136 salvet.
511 1080 655 1156 Alioquin
678 1099 718 1138 ex
739 1081 830 1139 nobis
850 1082 925 1158 ipsis
945 1086 1029 1140 esset
1048 1096 1096 1139 ιι-

172 1162 229 1237 Ιιι,
253 1168 360 1220 contra
384 1160 432 1220 Ps.
454 1164 509 1224 32:
539 1162 609 1221 Nou
637 1163 805 1222 salvabitur
826 1164 915 1242 gigas
943 1163 975 1221 in
997 1161 1097 1223 multi·

175 1245 279 1304 tudine
298 1244 416 1302 virtutis
439 1263 522 1304 suae.
566 1243 669 1319 Quare
697 1264 758 1305 non
779 1257 884 1324 potest
904 1245 985 1306 idem
1007 1245 1096 1305 locus

173 1327 259 1388 Pauli
277 1325 405 1405 intelligi
428 1326 467 1386 de
487 1326 549 1386 lide
570 1327 679 1401 infusa,
700 1329 899 1406 quaesnlvnt,
921 1336 953 1387 et
974 1329 1013 1388 de
1034 1325 1096 1388 ilde

173 1412 332 1489 acquisita,
354 1427 435 1488 quae
456 1415 592 1470 damnat.

487 1522 653 1598 Conclusio
676 1546 773 1601 sexte.

256 1654 400 1714 Auditu
423 1655 659 1715 horrendum
677 1664 752 1730 est,
774 1654 878 1733 quod
896 1655 1096 1715 Doctores

173 1737 418 1798 Scholastici
451 1757 523 1797 non
552 1739 822 1798 necessarium
853 1740 990 1797 bonum
1011 1754 1096 1798 cor-

173 1822 234 1880 dis
282 1831 424 1879 motum
473 1820 516 1880 ιιι
564 1834 851 1880 sacramentum
903 1826 1097 1881 astruunt.

173 1903 275 1979 Quare
298 1921 367 1961 cum
389 1904 456 1962 sine
477 1902 538 1961 fide
558 1903 657 1962 inlusa
680 1903 772 1963 homo
795 1922 858 1962 non
880 1903 992 1962 sitnisi
1013 1920 1099 1962 men·

173 1986 236 2045 dcx
259 1993 424 2058 strenus,
454 2003 492 2044 cc
519 2004 573 2063 per
603 1986 663 2045 hoc
684 2005 806 2064 semper
828 1988 857 2044 in
882 1985 963 2046 malo
986 2003 1098 2065 propo

173 2071 233 2128 aito
256 2077 288 2126 et
308 2066 347 2126 ιιι
370 2029 482 2127 muium
505 2086 620 2146 pronus
641 2079 672 2128 et
694 2076 869 2148 promptus,
892 2075 992 2148 patet,
1014 2065 1099 2147 quod

175 2153 218 2209 ita
240 2150 278 2209 ιιι
305 2135 531 2209 sacramentum
564 2153 715 2211 accedeus
743 2152 863 2211 accedit
891 2149 931 2211 ad
958 2156 1098 2213 mortem.

176 2233 297 2292 Deinde
317 2233 400 2311 quod
422 2235 609 2312 promittenti
622 2235 688 2294 Deo
707 2254 767 2294 non
781 2234 888 2312 credit,
909 2234 981 2293 facit
1003 2234 1100 2293 ιιιιιι·

176 2335 257 2374 mum
286 2317 513 2376 irreverentiam
542 2328 735 2377 sacramento
760 2318 816 2377 Dei
851 2326 882 2376 et
910 2316 1005 2376 verbo
1031 2316 1100 2376 Dei.

177 2397 280 2473 Quare
301 2401 561 2459 necessariusest
582 2419 644 2460 non
657 2402 755 2460 solum
780 2400 877 2460 bonus
893 2409 1004 2478 motus,
1026 2417 1100 2478 qus·

177 2482 213 2541 lis
237 2488 284 2540 ιιι
307 2480 354 2541 ιιι
382 2480 457 2542 fides
487 2484 636 2562 acquisita
665 2485 713 2543 vel
741 2485 864 2544 devotio
893 2483 1012 2561 aliqua,
1044 2482 1100 2541 sed

178 2574 322 2624 constans
351 2563 466 2624 fides
459 2566 557 2625 inlusa
585 2586 639 2646 per
671 2568 800 2645 gretiam
831 2567 903 2644 Dei,
936 2584 1015 2644 quae
1046 2583 1100 2627 cor

177 2657 301 2707 movent
330 2647 368 2707 ad
399 2647 631 2709 desiderandam
661 2660 691 2709 et
719 2658 800 2709 certe
829 2649 1012 2728 sperandum
1034 2667 1099 2709 rem

177 2726 369 2792 sacrementi.
410 2732 486 2790 Vide
508 2750 598 2812 ergo,
632 2728 723 2811 qiism
751 2732 902 2812 profunde
932 2731 1009 2810 lapsi
1039 2732 1101 2790 sint

176 2813 231 2887 illi
253 2823 283 2873 et
305 2813 461 2910 quomodo
484 2834 569 2874 error
601 2816 774 2875 modicus'
767 2835 797 2875 in
826 2816 975 2895 principio
1004 2814 1101 2873 ιιιιιι·

178 2915 245 2956 mus
266 2896 364 2956 lactus
387 2898 425 2956 sit
447 2899 476 2956 in
505 2896 574 2958 fine.
618 2898 695 2957 Nam
725 2909 887 2977 postquam
916 2915 971 2977 pro
993 2897 1101 2977 princi·

178 2981 230 3059 pio
253 2982 412 3056 tenuerint,
435 2981 518 3058 quod
541 2990 731 3041 sacramenta
755 2999 855 3041 novae
878 2981 953 3060 legis
971 2983 1100 3058 gratiam

179 3062 267 3141 dont,
300 3073 330 3122 et
361 3083 416 3142 per
445 3063 504 3123 hoc
537 3064 682 3123 docerent
711 3085 728 3124 a
758 3064 958 3124 sacramentis
991 3063 1102 3123 vetoris

114 3212 120 3221 ,
180 3147 265 3224 legis,
288 3165 360 3205 mox
371 3147 587 3207 concluserunt
610 3167 670 3208 non
685 3166 754 3207 esse
766 3148 972 3207 necessarium
985 3153 1102 3207 motum

179 3229 279 3289 cordis
301 3228 428 3308 homini,
451 3231 613 3308 quinhnnc
635 3231 673 3290 ad
689 3241 881 3291 sacramente
904 3230 1014 3289 veteris
1027 3229 1105 3309 legia

180 3313 285 3371 dicunt
305 3312 398 3373 fuisse
421 3317 637 3393 necessarium,
660 3333 735 3393 ergo
752 3333 812 3375 non
836 3313 874 3374 ad
898 3331 979 3374 novo
1000 3328 1104 3375 ιιιιι·

180 3403 282 3456 ιιιιιι
303 3404 361 3460 etc.

483 3525 619 3608 Septima
641 3523 816 3589 Conclusio.

254 3641 292 3702 Si
314 3643 415 3702 velle
437 3644 625 3704 occidere
648 3653 684 3706 et
705 3646 850 3707 similia
872 3659 929 3707 est
951 3644 1102 3706 obicem

28 3734 107 3920 ἱ
179 3742 343 3809 ponere,
377 3726 494 3787 multo
522 3729 643 3807 magis
672 3749 744 3790 uon
773 3730 945 3794 credere.
988 3728 1103 3791 Proba·
