2392 4170
141 256 205 325 398
338 256 443 315 Contra
460 257 605 315 flenricunr
624 272 718 330 regern
736 256 860 330 Angtiac

141 432 329 507 miditatem,
353 449 412 510 qna
433 449 482 491 me
502 429 628 492 damnat
648 439 681 492 nt
693 432 862 512 pugnantia
875 429 1062 491 scribentem

142 524 173 576 et
196 516 267 575 mihi
290 517 348 596 ipsi
370 514 453 575 nulia
477 520 563 594 parte
581 521 783 592 constantem,
805 514 857 577 nbi
880 513 1063 575 miserabiiia

141 597 278 677 libriiex,
313 599 417 678 inopie
446 616 546 658 rerum
579 597 740 673 laborans,
772 596 872 658 verbis
904 597 1063 658 virnientis

142 681 268 741 muitum
293 682 401 762 papyri
423 699 457 740 se
479 698 571 760 posse
586 680 714 761 perdere
731 681 921 757 monstrarit,
942 681 1062 761 regiam

42 806 46 811 ·
141 764 233 844 plane
256 783 343 843 opus.
379 762 447 838 Qua
467 762 527 823 fide
550 773 649 824 nutem
674 763 856 839 hocfeciat,
879 763 951 824 hinc
973 766 1063 824 oesti-

142 846 237 908 mabit
250 848 348 907 bonus
363 846 468 928 lector,
491 846 574 925 quod
590 847 724 907 iervatns
737 846 897 908 Themisto
913 866 952 907 ne
968 866 1062 907 unum
1134 876 1138 883 ·

141 929 263 1010 quidem
287 929 389 990 loonrn
413 929 542 1010 profert,
568 929 676 990 saitem
700 931 833 1010 exempti
856 932 971 1011 gratia,
999 948 1063 1009 qno

64 1088 66 1093 Α
143 1032 241 1074 meam
264 1013 500 1073 inconstantiam
523 1015 697 1077 convincet.
731 1012 837 1075 Solum
859 1013 1065 1074 rhetoricatur

141 1097 294 1176 gloriosus
308 1096 373 1157 Rex
393 1096 452 1156 hon
469 1095 576 1165 modo:
599 1095 747 1157 Lutherus
769 1096 826 1156 sibi
844 1103 971 1178 pugnat,
993 1099 1064 1176 quis

142 1180 169 1239 ei
193 1178 319 1240 credat?
347 1179 398 1238 Sin
420 1178 536 1239 dixisse
557 1181 630 1239 satis
654 1180 708 1240 init
729 1179 882 1240 defensori
905 1198 989 1241 noro
1012 1198 1064 1241 ec·

142 1261 254 1324 ciesiae
276 1268 307 1323 et
326 1263 440 1322 numini
462 1281 570 1322 recens
586 1265 625 1322 in·
643 1262 757 1343 Angiia
780 1271 862 1326 nato.
915 1260 1062 1325 Ceterum

140 1345 315 1407 ostendisse
338 1345 513 1426 exemptum
536 1364 597 1406 non
620 1345 674 1406 init
690 1365 778 1427 opus,
801 1364 840 1406 ue
862 1345 986 1406 deretur
1007 1346 1062 1406 Lu-

141 1428 228 1490 thero
252 1430 384 1490 occasio.
398 1448 467 1489 sese
488 1429 649 1509 purgandi,
672 1437 703 1491 et
724 1429 847 1489 stultum
865 1429 982 1509 Regem
1003 1448 1062 1510 pro

143 1512 289 1593 dignitate
310 1512 500 1573 Thomistica
522 1511 680 1575 tractandi.

223 1594 353 1671 Quando
376 1613 450 1675 ergo
473 1595 586 1655 terram
604 1596 704 1657 verbis
722 1595 847 1656 larvatis
869 1595 936 1656 sine
959 1614 1062 1656 exem·

140 1679 193 1760 pio
215 1678 320 1740 indere
341 1678 429 1739 libuit
449 1679 479 1738 in
500 1698 532 1738 re
554 1685 615 1738 tam
638 1679 717 1739 seria
738 1685 769 1739 et
789 1697 888 1756 secra,
910 1697 973 1759 ego
994 1681 1062 1739 sine

141 1762 240 1843 larva,
277 1761 330 1822 sed
363 1769 469 1843 aperte
503 1761 588 1841 dico,
625 1762 742 1843 Regem
776 1762 923 1842 Angiiae‚
954 1760 1060 1823 ilenri-

141 1865 209 1907 cum
237 1849 344 1922 istum,
373 1845 464 1925 piane
492 1845 628 1926 mentiri,
657 1855 688 1907 et
708 1864 842 1906 scurrsm
870 1845 1061 1907 levissimu-

141 1927 308 1990 mendaciis
336 1932 398 1990 suis
427 1931 523 2010 magis
552 1927 682 2009 referre,
713 1948 804 2009 quam
833 1947 948 2009 regem.
992 1929 1061 1990 Hoc

139 2015 265 2074 crimine
293 2031 352 2094 ego
380 2011 526 2074 Lntherns
546 2012 736 2073 Themistam
764 2012 846 2072 huno
875 2012 1059 2073 virulentum

137 2096 239 2178 patum
263 2114 392 2172 accuso,
421 2102 453 2156 et
474 2095 602 2156 testibus
625 2104 688 2156 tum
710 2094 819 2156 libellis
849 2103 912 2155 tum
935 2096 1058 2157 lectori·

139 2179 195 2240 bus
218 2182 293 2240 meis
316 2198 369 2259 per
392 2179 496 2239 orbem
511 2181 673 2259 convinco,
696 2180 829 2239 facessat
851 2178 923 2238 mihi
944 2181 977 2240 in
998 2179 1058 2240 han

139 2282 171 2322 re
196 2265 337 2323 maiestas
366 2263 449 2343 regia
476 2270 507 2323 et
527 2282 596 2322 mea
617 2262 787 2343 humilitas,
816 2281 885 2322 cum
908 2264 1059 2324 mendace

139 2365 243 2406 scurra
265 2346 384 2426 loquor,
406 2346 497 2426 regiis
520 2346 613 2406 titulis
629 2347 741 2426 veisto,
764 2346 802 2405 de
824 2346 914 2405 rebus
937 2347 1059 2423 divinis,

138 2449 265 2509 querum
295 2431 433 2489 iniurium
462 2429 608 2490 adversus
635 2430 795 2490 mendacia
821 2430 898 2489 tueri
927 2432 1059 2511 pertinet

139 2512 176 2573 ad
200 2513 367 2592 quemlibet
389 2512 602 2576 Christianum.
658 2512 689 2575 Si
717 2513 826 2573 stuitus
849 2513 915 2573 Rex
945 2515 991 2573 sic
1011 2532 1059 2574 re·

138 2598 207 2676 gine
231 2597 397 2656 maiestatis
420 2595 622 2678 obliviscitur,
649 2603 682 2657 nt
703 2596 869 2657 mendaciis
891 2599 1006 2677 apertis
1027 2599 1057 2657 in

139 2680 292 2758 pubiicum
316 2680 428 2740 audeat
448 2679 588 2760 prodire,
615 2680 709 2761 idque
730 2679 801 2739 dum
826 2698 914 2739 sacra
937 2687 1057 2760 tractat,

138 2782 192 2823 cnr
215 2764 285 2823 mihi
309 2782 369 2823 uon
394 2762 551 2844 pulchrum
575 2765 623 2841 sit,
646 2762 806 2823 mendnoia
828 2782 883 2822 sna
902 2782 1005 2823 rursus
1027 2765 1056 2823 in

138 2865 173 2906 os
196 2847 260 2905 eins
283 2865 438 2927 regerere,
470 2854 502 2906 ut
523 2849 547 2906 si
576 2864 666 2925 quarn
697 2846 885 2927 voluptatem
914 2847 1059 2927 concepit

137 2929 283 2990 adversus
297 2928 430 2990 divinam
446 2932 636 2990 maiestatem
651 2928 837 3010 mentiendo,
854 2946 921 2988 eam
938 2931 1058 2991 amittat

139 3015 295 3074 veritatem
318 3012 465 3073 adversus
488 3032 574 3074 suam
598 3014 788 3074 maiestatem
811 3012 990 3074 audiendo?

219 3096 326 3175 Neque
348 3097 428 3157 enim
451 3096 501 3156 hio
522 3096 594 3157 mihi
616 3099 782 3177 patientiae
813 3095 956 3157 habenda
978 3100 1056 3158 ratio

136 3185 197 3253 est,
228 3179 277 3239 ubi
301 3179 469 3240 mendaciis
499 3182 561 3240 suis
590 3198 695 3240 seurrn
724 3180 799 3240 ieris
821 3197 883 3240 non
907 3199 971 3257 me,
1000 3198 1058 3241 nec

136 3263 228 3320 vitem
250 3282 348 3322 meam
375 3261 475 3342 (qnod
500 3265 603 3342 utique
626 3262 872 3344 sustinuissem),
903 3263 958 3323 sed
982 3263 1056 3324 doc·

135 3345 244 3404 trinam
266 3347 363 3425 ipsam
385 3347 514 3426 impetit,
542 3365 633 3426 qnam
656 3347 842 3405 certissimus
864 3366 932 3406 sum
956 3365 1055 3408 meam

136 3446 196 3486 non
220 3447 304 3507 esse,
327 3429 380 3488 sed
404 3429 522 3490 Christi.
572 3429 635 3490 sibi
656 3430 760 3508 itaque
781 3430 911 3509 imputet
931 3431 1057 3511 suisque

136 3511 316 3587 mendaciis,
338 3515 362 3571 si
384 3511 510 3592 indigna
532 3518 660 3592 cogatur
682 3511 788 3573 audire
810 3514 896 3593 regio
920 3515 1054 3575 nomine.

134 3592 202 3653 Hoc
225 3595 392 3656 meruitne
416 3598 480 3655 eius
507 3597 675 3675 impurum,
709 3594 792 3674 qnod
814 3613 919 3674 regern
943 3616 1055 3675 meum,

132 3679 181 3754 qni
205 3688 250 3736 est
273 3697 327 3736 rex
349 3678 481 3758 gioriee,
511 3676 709 3758 blasphemiis
739 3680 801 3738 suis
830 3681 1055 3760 conspurcavit.

129 3759 200 3827 Nou
225 3762 307 3827 enim
330 3780 400 3826 mea
418 3761 559 3825 doctrina
575 3761 632 3823 sibi
655 3761 718 3823 uiia
738 3771 826 3844 parte
848 3772 976 3846 pugnat,
998 3782 1056 3826 nec
