2392 4170
450 259 531 316 noct
551 259 629 316 Mart.
648 254 730 314 nuth.
769 249 770 253 ἵ
984 254 1054 323 ’283

131 432 343 512 Religionum,
367 430 428 491 hoe
450 431 535 491 aiunt
554 449 624 490 esse
644 430 675 489 in
693 435 775 490 statu
798 429 881 489 hono
905 427 1055 510 absolute,

131 536 192 597 quo
216 535 277 576 nou
295 515 439 574 utendum
464 515 513 588 sit,
535 512 590 573 sed
609 514 660 592 qui
683 520 784 572 utatur
798 514 899 593 potius
918 513 1054 574 omnium

132 599 361 678 aliorumpipse
386 601 488 678 caput,
511 598 638 677 primum
670 607 700 657 et
722 597 933 675 novissimum,
955 596 1057 677 Alpha

132 691 163 742 at
184 681 221 745 0.

60 833 62 836 <
133 798 186 861 Ill.
212 800 310 859 Vota
344 797 544 858 adversari
576 766 751 859 libertati
782 796 1056 878 Evangelicae.

145 966 148 971 ⁴
216 934 371 994 Hactenus
384 935 481 994 visum
505 942 560 1010 est,
584 945 615 993 ut
630 935 799 994 monastice
823 940 926 994 nostra
949 934 1056 995 adver·

135 1021 217 1078 saria
250 1019 290 1077 sit
312 1025 373 1077 tam
406 1017 498 1076 verbo
522 1017 597 1092 Dei,
631 1036 721 1097 quam
753 1015 823 1076 fidei
855 1017 1056 1080 Christianae.

134 1103 173 1162 m
195 1103 335 1180 quamvis
358 1100 479 1160 abunde
502 1120 541 1158 ex
566 1100 610 1159 his
625 1101 743 1161 duobus
767 1101 842 1161 locis
866 1101 1011 1162 daronata
1027 1109 1059 1162 et

133 1186 298 1264 reprobata
342 1185 380 1242 sit
422 1183 625 1262 omnibusque
659 1186 757 1243 invisa
794 1186 902 1244 merito
939 1183 1089 1264 reddita,

136 1283 224 1337 (nam
248 1267 329 1346 quod
353 1267 420 1326 Deo
444 1275 475 1326 et
498 1267 591 1326 verbo
614 1268 678 1326 eius
700 1265 907 1326 adversarium
931 1269 1056 1328 esseio·

134 1352 264 1429 venitur,
287 1351 377 1410 laeile
398 1350 487 1409 simul
511 1349 680 1430 colligitur,
704 1350 776 1409 nulli
801 1369 899 1410 rerum
922 1371 983 1411 noo
1007 1350 1057 1412 ad·

135 1434 300 1495 versarium
325 1452 404 1513 esse,
427 1452 485 1492 neo
507 1431 562 1491 sibi
586 1435 644 1514 ipsi
666 1434 862 1507 convenire),
884 1443 984 1494 tamen
998 1435 1058 1495 hoc

133 1519 232 1597 ipsum
256 1517 347 1577 latius
371 1515 554 1576 tentabimus
577 1516 741 1577 ostendere
762 1518 815 1594 iis,
839 1518 889 1596 qui
913 1537 966 1597 per
989 1537 1058 1578 sese

134 1603 270 1661 invenire
293 1609 456 1678 nequeunt.
501 1599 620 1660 Etiam
651 1602 740 1660 tertio
763 1601 959 1681 probabimus
989 1621 1056 1662 eam

134 1704 307 1764 repugnare
329 1684 437 1743 tractui
459 1683 542 1742 verbi
566 1692 596 1742 et
617 1683 698 1762 fidei,
723 1703 834 1764 nempe
867 1684 1058 1747 Christianae

135 1777 166 1827 et
187 1768 393 1847 Evangelioae
415 1765 562 1840 libertati,
586 1786 675 1846 quem
709 1765 842 1828 violasse
865 1775 895 1827 et
917 1787 979 1828 non
1002 1767 1057 1828 illi·

136 1850 274 1918 batamlt
310 1849 481 1910 custodisse
518 1869 579 1909 nou
603 1851 701 1909 minus
731 1851 856 1929 impium
880 1859 942 1927 est,
966 1870 1057 1931 quam
1124 1876 1126 1883 1

134 1934 225 1994 tidem
249 1953 381 2014 negasse
408 1943 440 1994 et
462 1939 673 2013 apostatasse,
703 1942 737 1993 ut
759 1954 797 1992 ex
819 1933 915 1994 Paulo
938 1934 976 1995 ad
1000 1933 1059 1996 Ga·

135 2019 212 2078 latas
236 2017 389 2077 doeemur.
434 2017 612 2098 Repetimus
640 2019 744 2096 itaque
772 2016 854 2096 quod
877 2018 989 2078 dictum
1013 2025 1060 2079 est

134 2121 171 2160 ac
193 2102 330 2180 principii
354 2099 451 2160 tidelis
474 2102 544 2162 loeo
567 2119 734 2181 ponamus,
758 2100 827 2161 Deo
852 2101 974 2181 plaeere
997 2120 1059 2163 oon

136 2204 228 2263 posse
257 2192 383 2262 votum,
416 2184 470 2244 sed
503 2203 560 2243 neo
584 2194 687 2245 votum
723 2184 804 2265 apud
837 2204 905 2244 eum
930 2186 1057 2264 censeri,

137 2267 193 2326 nisi
217 2268 257 2324 sit
279 2285 424 2344 germane
446 2267 650 2327 Christianum
674 2275 705 2327 et
726 2270 821 2348 pium.
848 2268 955 2348 Neque
979 2271 1058 2329 enim

137 2359 239 2429 potest
262 2366 440 2427 agnoscere,
465 2349 545 2427 quod
570 2350 716 2410 adversus
739 2351 941 2412 Christianam
965 2353 1059 2432 pieta·

137 2446 198 2492 tem
222 2433 332 2512 agitur,
356 2450 417 2491 nou
442 2434 539 2511 magis
562 2441 746 2511 eertequam
768 2452 801 2493 se
823 2435 922 2514 ipsum
946 2455 1060 2516 negare

137 2525 255 2596 potest,
284 2515 334 2592 qui
358 2515 502 2593 pietatem
527 2514 729 2574 Christianam
757 2518 855 2594 primo
888 2525 918 2577 et
939 2537 1059 2580 summo

136 2597 490 2679 praecepto'mandavit.
534 2597 647 2658 Votum
670 2605 772 2658 autem
803 2600 1007 2662 Christianum
1031 2610 1062 2663 et

137 2684 219 2763 pium
244 2701 305 2743 non
326 2692 382 2757 est,
406 2683 462 2741 nisi
487 2681 569 2759 quod
583 2680 689 2742 illaesa
704 2680 764 2741 lide
778 2689 915 2745 vovetur.
947 2683 1061 2746 Illaaea

136 2765 211 2825 fides
236 2774 308 2825 tuno
330 2774 386 2836 eat,
410 2765 533 2843 quaudo
558 2771 661 2824 votum
685 2784 740 2844 pro
773 2786 805 2824 re
828 2766 923 2826 libera
945 2774 1059 2829 elnon

138 2851 311 2909 necessarie
344 2848 382 2908 ad
410 2850 553 2908 iustitiam
586 2856 616 2907 et
644 2849 772 2909 salutem
805 2849 954 2929 habetur,
985 2870 1061 2930 quas

137 2939 252 2994 eertum
277 2940 324 2992 est
347 2931 438 2992 nullis
462 2931 596 3010 legibus,
627 2932 718 2992 nullis
741 2933 895 3012 operibus,
918 2933 972 2994 sed
995 2935 1062 2995 sola

137 3015 197 3076 fide
219 3017 248 3076 iu
273 3015 393 3075 Christo
417 3015 559 3092 obtineri,
583 3023 615 3073 ut
632 3014 826 3075 haecomnia
840 3017 913 3076 satis
935 3016 1060 3078 tirmiter

137 3098 335 3178 probavimus
379 3106 410 3158 et
445 3098 603 3158 evidenter
637 3097 925 3162 demonstravimus.
982 3104 1062 3161 Ante

137 3183 242 3242 omnia
264 3182 343 3242 euim
363 3200 458 3261 opera
481 3181 625 3242 iustitiam
649 3191 679 3240 et
695 3182 824 3242 salntem
840 3183 950 3244 adesse
972 3202 1062 3262 opor·

138 3274 198 3339 tet,
226 3265 372 3324 iustitiam
406 3284 479 3324 vero
509 3274 540 3324 et
562 3265 692 3323 salutem
721 3285 782 3326 noo
806 3265 983 3345 quamlibet,
1006 3267 1060 3328 sed

139 3349 205 3427 Dei,
228 3347 258 3408 id
281 3355 342 3425 est,
365 3354 539 3423 aeternam,
561 3367 641 3426 quae
664 3356 766 3408 manet
791 3351 820 3407 io
855 3351 989 3411 seculum
1015 3370 1061 3411 se·

138 3431 209 3507 culi,
231 3450 322 3511 qnam
346 3429 528 3491 solusDeus
551 3431 600 3490 dat
624 3439 655 3491 et
676 3440 820 3510 operatur
841 3433 870 3491 in
894 3434 993 3514 nobis,
1016 3441 1062 3494 at·
1150 3453 1153 3458 ·

138 3534 197 3594 que
230 3515 291 3576 hoo
319 3515 387 3593 ipso
415 3532 481 3573 oum
514 3515 554 3574 sit
581 3533 658 3594 opus
692 3514 789 3576 solius
814 3515 870 3576 Dei
901 3518 931 3577 in
962 3515 1061 3592 nobis,

140 3597 283 3677 operibus
307 3598 419 3657 uostris
442 3597 716 3678 impediripotest,
739 3599 840 3678 parari
862 3617 923 3660 non
946 3606 1061 3689 potest,
1165 3631 1169 3641 ι

137 3723 345 3739 *—

210 3779 242 3846 1)
262 3777 294 3831 lu
312 3775 357 3832 ed.
375 3775 482 3846 priore:
499 3774 650 3837 lutatam
