2392 4170
391 250 515 302 Rationis
534 248 711 302 Latomianns
728 250 779 302 ste.
989 240 1060 308 489,

133 400 255 481 christi,
277 403 355 464 sicut
376 404 483 466 Roma.
498 404 527 468 3.
550 401 635 463 dicit:
657 400 746 463 Nunc
767 407 869 463 sutem
892 400 957 462 sine
969 399 1063 479 Lege

134 486 328 562 manifestam
368 494 415 548 est
446 486 559 547 iustitia
591 485 664 556 Deir
699 493 730 546 ct
764 486 871 564 iterum
905 484 994 547 Rom.
1017 487 1060 550 δε.

131 569 290 631 iustificati
311 570 405 650 gratis
427 590 466 630 ex
489 568 559 644 flde,
581 587 688 649 paoem
711 567 860 631 habemns
883 576 940 630 etc.
963 574 996 629 et
1016 569 1061 632 3<-

133 652 324 714 Arbitramur
356 655 436 714 enim
468 651 623 714 hominem
651 652 808 714 iustificari
839 672 878 713 ex
900 651 970 714 fide.
1013 651 1054 711 lit

133 737 212 798 haec
231 737 347 798 iustitia
379 743 508 816 peccato
543 737 696 798 contraria
722 738 751 796 in
775 734 937 816 scripturis
959 735 1054 796 terme

132 840 190 900 pro
213 821 319 880 intima
340 818 444 880 radice
459 819 617 898 accipitur,
640 820 725 881 cuius
744 820 858 880 fructus
880 823 951 878 sunt
971 817 1062 878 boner

134 921 239 983 opera.
282 902 361 963 Huic
382 901 453 971 fidei
475 910 506 963 et
526 902 660 963 iustitiae
681 921 786 965 comcs
809 909 856 962 est
877 901 976 982 gratia
999 920 1061 966 seu,

135 985 359 1061 misericordia,
381 984 469 1048 favor
490 985 564 1058 Dei,
586 987 807 1058 contrairem,
832 1004 912 1064 quae
933 985 1054 1064 peccati

134 1089 239 1130 comes
262 1077 318 1145 est,
342 1070 496 1138 utomnis,
519 1069 570 1148 qui
593 1069 688 1129 credit
709 1071 743 1129 in
756 1068 921 1142 Christum,
943 1066 1056 1129 habeat

136 1153 233 1214 Deum
256 1154 431 1233 propitium.
474 1152 553 1213 Nam
583 1171 641 1213 neo
669 1171 726 1214 nos
757 1154 793 1231 in
818 1151 902 1214 bono
929 1152 989 1214 isto
1012 1151 1054 1211 iu·

134 1237 235 1311 stitisse
256 1237 331 1297 satis
353 1235 423 1296 laeti
447 1255 595 1311 essemus,
617 1229 675 1296 neo⁴
693 1235 967 1314 magnifacerenrns
989 1234 1064 1294 eius-

134 1318 194 1380 hoc
215 1318 349 1396 donum,
381 1319 407 1378 ei
429 1318 529 1380 solum
559 1323 657 1392 esset,
689 1328 719 1379 et
752 1337 813 1378 non
844 1318 974 1397 gratiam
996 1317 1055 1378 Dei

135 1401 224 1464 nobis
247 1401 435 1463 conciliaret.
479 1399 759 1482 Gratiamacoipio
781 1401 831 1462 hio
853 1400 976 1480 proprie
997 1419 1054 1480 pro
1081 1447 1084 1453 .

134 1485 238 1547 favore
260 1485 335 1561 Dei,
368 1485 446 1545 sicut
469 1483 573 1561 debet,
605 1504 666 1545 non
695 1504 751 1565 pro
782 1484 931 1564 qualitate
952 1483 1064 1560 animi,¹

136 1575 168 1628 nt
190 1568 286 1629 nostri
304 1567 504 1629 Recentiores
527 1567 706 1630 docuerunt.
736 1569 837 1647 Atque
859 1566 938 1628 haec
959 1567 1065 1645 gratia¹

135 1650 258 1711 tandem
287 1670 360 1711 vere
392 1669 500 1730 pacem
523 1649 624 1711 cordis
657 1658 815 1730 operatur,
847 1655 881 1711 ιιι
912 1649 1008 1711 homo
1037 1669 1057 1710 a

135 1735 333 1813 corruptione
370 1753 426 1795 sus
469 1741 594 1794 sanatus
631 1735 723 1796 eiiam
761 1734 925 1814 propitium
954 1731 1055 1794 Deum

135 1814 251 1877 habere
270 1836 305 1877 se
322 1817 444 1880 sentiat.
487 1816 556 1879 Hoc
577 1824 638 1889 est,
656 1816 751 1896 aquod
781 1817 953 1897 impinguat
973 1835 1068 1894 ossa‚.

134 1908 164 1959 ct
187 1900 407 1961 conscientiam
430 1898 528 1960 reddit
549 1898 679 1974 laetam,
702 1918 851 1974 securam,
873 1899 1057 1978 imperterri-

128 1989 214 2060 tam,
240 1982 314 2042 nihii
336 2001 397 2043 non
421 1981 602 2055 audentem,
633 1982 707 2043 nihil
730 2002 790 2044 non
813 1987 989 2062 potentem,
1024 1988 1056 2040 ut

136 2084 215 2143 quae
237 2072 368 2126 mortem
392 2066 483 2136 etiarn
506 2065 621 2144 rideat,
653 2068 684 2126 in
714 2065 826 2133 fidncia
859 2066 918 2124 ista
938 2064 1057 2143 gratiae

138 2148 203 2210 Dei.

218 2230 351 2291 Proinde
372 2233 451 2291 sicut
471 2232 517 2290 ira
538 2232 635 2292 mains
649 2231 767 2294 maium
790 2237 852 2306 est,
874 2249 966 2310 quam
989 2249 1057 2290 cor-

137 2316 237 2395 ruptio
260 2315 396 2393 peccati,
418 2315 461 2373 ita
483 2314 582 2393 gratia
603 2315 700 2375 meins
723 2314 839 2375 bonum
862 2331 955 2395 qnam
978 2314 1056 2374 sani-

136 2397 351 2475 tesiustitiae,
390 2415 481 2476 quarn
516 2416 554 2456 ex
588 2394 649 2456 nde
680 2415 750 2456 esse
772 2396 914 2458 diximus.
957 2395 1056 2457 Nemo

136 2482 216 2541 enirn
250 2479 293 2552 (si
324 2485 431 2560 posset
451 2477 536 2550 ficri)
565 2498 627 2538 non
660 2478 763 2539 mallet
792 2498 897 2539 carere
924 2480 1056 2540 sanitate

135 2563 283 2636 institiae,
317 2581 408 2642 quam
439 2562 537 2642 gratie
558 2560 626 2623 Dei.
669 2561 748 2622 Nam
776 2563 915 2622 remissio
948 2581 1056 2640 pecca·

136 2653 236 2707 torum
267 2652 299 2704 et
328 2665 391 2725 pax
424 2645 546 2724 proprie
577 2644 715 2705 tribuitur
751 2645 868 2723 gratiss
889 2643 965 2722 Dei,
1001 2645 1055 2704 sed

136 2728 208 2794 fidei
234 2727 374 2788 tribuitur
395 2728 510 2787 sanitas
542 2728 755 2807 corruptionis.
810 2725 891 2802 Quia
911 2725 987 2786 fides
1010 2735 1056 2789 est

137 2811 252 2873 donum
275 2816 307 2871 et
328 2810 441 2871 bonum
457 2811 608 2870 internum
624 2811 800 2889 oppositum
815 2817 954 2890 peccato,
974 2809 1055 2887 quod

136 2900 298 2975 expurgat,
320 2900 351 2954 et
372 2893 552 2954 fermentum
574 2891 649 2953 illud
662 2892 928 2974 Evangelicum*)
953 2892 983 2951 in
1007 2894 1057 2952 tri·

137 2977 193 3038 bus
214 2976 331 3036 farinae
363 2977 436 3036 eatis
466 2975 691 3039 absconditum.
743 2977 784 3038 At
810 2976 909 3056 grstia
930 2975 988 3035 Dei
1010 2983 1056 3034 est

137 3070 298 3121 externum
321 3058 452 3135 bonum,
484 3059 571 3119 favor
593 3058 668 3133 Dei,
689 3060 835 3140 opposita
856 3061 928 3121 irae.
971 3058 1057 3126 Haec

138 3142 198 3204 duo
222 3143 267 3202 sic
289 3141 397 3205 Romo
420 3146 448 3208 5.
472 3142 642 3221 distinguit:
678 3140 709 3202 Si
730 3142 811 3202 enim
835 3142 923 3202 unius
945 3139 1056 3202 delicto

138 3226 249 3287 mortui
271 3217 451 3302 multisunt,
474 3224 569 3286 multo
588 3226 686 3304 magis
699 3225 798 3304 gratia
809 3224 866 3285 Dei
890 3230 921 3285 ct
943 3223 1055 3285 donum
1148 3248 1158 3262 ι

136 3310 165 3368 in
189 3308 289 3388 gratia
312 3308 401 3367 unius
423 3307 554 3368 hominis
574 3307 642 3368 lesu
655 3306 766 3368 Christi
787 3308 817 3366 in
841 3306 942 3386 plures
964 3306 1057 3368 abun·

137 3391 229 3451 davit.
285 3390 406 3451 Donum
444 3391 474 3450 in
515 3392 613 3470 grstia
647 3392 736 3450 unius
776 3390 924 3465 hominis,
964 3388 1055 3452 fidem

137 3473 249 3535 Christi
272 3481 364 3533 vocat
389 3476 500 3551 (quam
523 3480 553 3534 et
564 3474 689 3551 saepius
707 3472 819 3534 donum
834 3471 955 3552 vocat),
977 3491 1057 3552 quoe

138 3556 227 3627 nobis
250 3555 322 3617 data
348 3571 395 3616 cst
421 3557 452 3616 in
481 3556 580 3635 gretia
601 3555 730 3635 Christi,
760 3554 791 3616 id
821 3561 886 3633 est,
913 3557 984 3635 quia
1006 3556 1073 3616 ille.

147 3681 189 3688 —..-
441 3680 565 3686 w

210 3725 238 3803 ἰ
258 3680 437 3809 mahts-1⁴3?
