2392 4170
188 271 253 339 310
411 272 569 342 neamus
587 269 621 325 n.
636 268 674 326 u
692 269 720 324 a.
740 268 774 325 ss
792 268 896 327 uuum

190 433 223 490 et
243 433 335 508 potus
357 425 525 488 seeundum
538 425 678 500 Panium,
696 424 740 484 ita
761 424 828 485 sina
841 422 911 486 tono
933 430 966 484 et
984 439 1116 502 domm

192 529 254 573 non
277 519 324 571 est
346 509 488 588 eooiesia,
511 516 541 570 et
562 515 665 570 mmen
679 526 791 587 eorpus
813 515 844 568 et
865 506 1027 569 toousuoo
1044 510 1117 569 suat

191 593 342 669 molesia,
363 611 464 672 aeque
485 592 524 653 ad
548 611 616 653 eam
638 592 800 671 pertinent.
841 589 928 653 Siout
953 607 1030 670 ergo
1051 600 1115 649 aaa

151 755 152 758 Ἴ
192 683 240 738 est
260 695 404 754 neumae,
426 684 541 736 eertum
563 695 694 754 panem,
717 683 832 736 sertum
855 680 977 751 potum,
999 678 1114 756 sertam
1136 692 1141 696 ·

191 766 307 821 vestem
330 760 562 820 ssseenetesiae
584 765 615 819 st
630 757 770 819 fldslibus
783 755 936 832 omuibus,
957 755 1030 817 lieet
1049 754 1117 819 siue

213 861 289 920 ane,
319 844 387 904 sins
408 847 501 922 potu,
529 844 597 903 sine
618 847 704 902 veste
730 856 792 902 non
816 845 931 919 queant
958 838 1114 907 vivarais

190 862 259 987 boo
273 925 395 1005 seouio,
424 925 480 986 sed
502 927 605 986 omnia
633 933 704 985 sunt
725 924 821 985 libera
846 930 878 984 et
896 920 1117 1000 indiffusam

191 1008 235 1070 ita
254 1023 316 1068 nou
333 1016 391 1069 est
419 1028 548 1069 neeesse
567 1016 683 1070 eertum
706 1007 825 1082 losum,
853 1012 1029 1085 oertamqsse
1041 1016 1117 1084 'pab-

190 1107 300 1154 sonsm
321 1091 449 1168 habere,
471 1092 543 1153 lieet
562 1093 629 1153 sins
650 1090 723 1152 loos
745 1107 940 1170 personaque
961 1107 1031 1149 essa
1052 1098 1115 1151 uon

191 1182 293 1256 queat.
338 1173 398 1235 Sed
411 1175 516 1236 omnia
537 1182 607 1236 sunt
628 1173 874 1234 indifferentiam
888 1172 992 1250 libera,
1015 1169 1116 1233 omnis

190 1257 279 1319 loeus
301 1257 474 1320 Christiano
496 1257 635 1338 quadrat,
657 1264 689 1318 et
709 1257 810 1316 nultus
832 1256 919 1317 tonus
940 1255 1115 1317 Christiano

191 1341 382 1403 necessarius
404 1348 460 1417 ast,
483 1342 582 1402 omnis
605 1358 744 1420 persona.
760 1357 888 1420 pascere
909 1357 979 1400 eum
1001 1341 1116 1418 potest,

191 1430 221 1484 et
243 1423 326 1484 nulla
347 1431 433 1485 oerta
452 1443 585 1503 persona
608 1424 782 1485 necessaria
804 1430 866 1498 est,
895 1439 976 1500 quae
998 1426 1114 1501 paseat

189 1506 327 1568 Libertus
348 1508 431 1568 enim
452 1508 575 1586 spiritus
597 1507 647 1567 bio
668 1513 792 1586 regnat,
815 1522 896 1586 quae
916 1503 989 1565 iuuit
1011 1503 1116 1567 omnia

190 1588 403 1666 indifferentia,
427 1589 707 1668 nullansoessaria,
729 1606 931 1668 quaeeunque
943 1584 1120 1666 serpentis

191 1677 224 1734 et
244 1678 365 1734 terrene
386 1678 467 1736 sunt.

254 1756 293 1816 ut
303 1755 374 1835 quid
386 1756 447 1817 boa
459 1755 589 1817 mirum?
611 1774 680 1816 eum
694 1754 733 1816 ad
745 1753 816 1833 hos,
829 1760 862 1814 ut
875 1755 918 1814 sis
934 1752 1039 1828 homo,
1051 1764 1118 1815 sor

192 1839 340 1918 penaliter
368 1838 453 1901 nullo
476 1840 547 1900 loeo
570 1845 671 1915 eerto,
700 1837 785 1898 nulia
812 1845 897 1898 certa
916 1854 1053 1916 persona
1071 1837 1117 1897 ius

192 1920 295 2002 digm,
323 1921 378 1982 ssd
400 1921 544 1984 omnibus
567 1921 658 1998 loeis,
689 1916 832 1983 omnib‘us
858 1919 999 2000 personis
1020 1917 1117 1981 bomo

193 2023 263 2066 asse
285 2011 385 2085 potes.
427 2005 513 2080 imo,
545 2023 624 2084 quae
652 2024 701 2065 res
729 2002 833 2064 mundi
863 2002 1040 2063 necessario
1063 2001 1117 2068 alii

192 2085 340 2147 adhaeret
359 2093 390 2148 et
411 2087 572 2168 alligatur,
604 2107 642 2148 ao
663 2107 726 2147 non
748 2087 865 2166 potius,
897 2084 992 2146 tibere
1022 2091 1053 2145 st
1072 2085 1118 2149 iu·

192 2168 367 2230 differenter
388 2189 422 2231 se
442 2170 599 2250 quaslibet
610 2170 648 2231 ad
671 2168 839 2249 quamlibet
849 2167 963 2229 babet?
985 2166 1118 2229 utlibsr·

192 2258 256 2314 tute
289 2253 412 2332 spiritus
448 2253 540 2333 plena
573 2260 721 2333 appareat
748 2259 818 2330 tota
845 2259 1001 2331 ereatura,
1037 2251 1119 2314 siant

193 2335 347 2398 mimus:
368 2335 456 2396 Pleni
477 2344 547 2397 sunt
569 2337 647 2396 obeli
669 2341 792 2396 atterra
813 2335 913 2415 gioria
935 2341 996 2397 tuar
1026 2332 1117 2408 -an

191 2435 267 2498 ergo
288 2416 372 2479 iuror
392 2420 580 2499 papistar'um
602 2415 868 2499 impiissimorum,
897 2424 930 2478 ut
953 2415 1117 2479 sedenim

192 2499 260 2576 Dei,
281 2518 361 2580 quae
383 2503 517 2562 omnium
542 2503 676 2563 maxime
703 2500 798 2561 tibere
820 2509 883 2574 est,
912 2501 982 2562 luoo
1003 2518 1063 2560 suo
1085 2507 1117 2561 st

192 2601 345 2663 personae
366 2604 450 2662 suae,
473 2586 565 2649 osrtis
586 2592 617 2645 at
630 2585 811 2646 neeessariis
825 2583 961 2663 alligent,
983 2581 1118 2644 uthri-

191 2665 322 2728 suanum
346 2681 415 2729 esse
441 2675 570 2747 negent,
601 2669 652 2747 qui
674 2685 736 2728 non
758 2668 840 2728 huno
864 2685 993 2746 papam,
1021 2665 1116 2727 enan

190 2749 332 2828 impium,
357 2749 418 2813 hoe
443 2751 514 2813 tneo
538 2750 725 2812 habitantem
748 2749 905 2811 adorarit?
946 2749 1012 2810 Neo
1032 2748 1118 2810 iuvet

193 2848 379 2912 quenquam,
401 2835 427 2894 si
449 2833 616 2913 quemlibet
636 2841 792 2913 pastorem
813 2832 1021 2894 indifferenter
1042 2849 1117 2910 quo·

191 2913 266 2975 tibet
285 2914 357 2977 loeo
380 2915 528 2978 babuerit.
571 2917 657 2978 Haeo
679 2922 727 2976 sat
746 2915 801 2976 itia
816 2915 1007 2978 abominatio
1027 2921 1117 2987 stau

190 2995 222 3057 in
244 2996 315 3058 loeo
338 3004 446 3060 sauoto
474 3007 505 3060 et
527 3001 667 3078 operatio
687 3000 809 3061 emotis.
863 2997 895 3062 Si
923 2999 1004 3058 enim
1023 2995 1115 3058 ‘loeus

192 3084 223 3139 et
243 3098 377 3158 persona
398 3083 573 3144 neeessaria
587 3089 658 3143 suat
679 3081 870 3160 adsalutem,
892 3099 1026 3161 sequens
1048 3080 1116 3157 erit,

191 3167 238 3232 ut,
267 3161 358 3241 quil)
384 3163 484 3225 ionum
515 3171 545 3225 st
572 3174 736 3245 personam
764 3163 914 3225 eiusmodi
941 3162 1057 3225 habent
1085 3170 1117 3223 st

193 3242 308 3322 solunt,
331 3246 408 3307 salvi
430 3254 462 3308 et
473 3249 571 3309 saneti
592 3249 662 3310 sint.
684 3248 804 3309 Namiu
828 3247 874 3307 his
893 3246 1116 3326 consequentia

192 3328 405 3405 apartisutari
427 3331 544 3410 optime
565 3330 657 3407 valet,
679 3350 747 3393 oum
770 3329 1020 3410 posterioristiois
1041 3340 1114 3391 oon·

191 3413 252 3469 stat
273 3412 535 3490 propositionibus
566 3414 681 3494 (sogor
701 3415 782 3474 enim
805 3420 836 3474 et
857 3431 957 3474 meam
980 3411 1115 3473 distenti·

193 3508 260 3552 eam
283 3500 439 3557 ostentare
461 3496 526 3556 istis
553 3495 740 3561 admirandis
768 3496 972 3575 dialeotieis):
1000 3496 1115 3578 impos

199 3788 206 3801 ι
240 3757 275 3823 t)
293 3757 325 3813 ln
343 3757 407 3815 adit
425 3762 496 3832 orig.
514 3761 604 3818 deest:
624 3764 680 3833 qui.

1173 1408 1190 1442 l
