2392 4170
389 256 520 310 Rationis-
535 257 780 310 Latomionse‘etc
950 247 957 264 '
990 251 1052 318 509

132 408 266 468 onssisse
288 407 405 473 dicitnr.
448 410 494 470 lte
516 424 576 471 non
598 412 740 491 intelligit
762 408 889 486 Paulus,
911 410 983 487 quia
1006 427 1052 468 se·

132 489 266 555 cundum
289 510 412 554 carnem
446 512 507 554 nou
537 495 697 576 intelligit,
733 502 764 554 et
787 496 950 575 operatur,
981 495 1052 570 quis

131 574 299 635 secundnm
329 596 452 637 carnem
482 587 642 656 operatur,
678 587 709 638 et
736 579 800 657 agit
822 575 953 651 malum,
982 577 1053 654 qnia

105 675 108 679 “
131 656 301 719 secundum
315 677 447 720 ‘earnem
471 661 543 740 agit.
587 661 750 721 Etmalum
774 666 829 737 est,
852 660 924 738 qnia
941 667 1053 743 contra

132 742 271 820 spiritum
303 752 330 802 et
356 743 469 804 bonum
500 752 557 806 est.
600 745 707 824 Neque
735 745 807 804 ideo
837 743 1053 821 conspectui,
1161 793 1164 798 .

132 843 192 884 non
217 843 327 903 agere,
360 845 422 887 non
445 827 556 887 malurn
581 846 666 909 esse,
702 837 755 887 sut
778 835 861 887 totns
883 825 1052 905 intelligere

132 906 282 967 dicendus
304 916 366 986 est,
396 911 552 988 quianon
581 918 663 970 totus
692 920 855 990 operatur,
884 926 946 973 non
969 915 1052 968 tolus

132 991 206 1069 agit,
230 1008 291 1050 non
315 999 411 1052 totum
436 992 547 1052 malum
563 993 643 1068 lacit,
667 1003 719 1053 out
741 1012 780 1052 ex
793 1000 880 1073 parte
902 991 1051 1070 intelligltr

132 1072 217 1133 Siout
238 1092 300 1133 non
323 1074 394 1135 ideo
416 1094 478 1136 non
502 1082 550 1136 est·
570 1076 873 1153 vulneratnslromo,
897 1076 968 1155 qnia
990 1092 1051 1134 non

132 1158 215 1216 omni
231 1165 318 1236 parte
333 1159 509 1218 vulneratus
522 1167 569 1219 est
581 1168 611 1220 et
623 1161 754 1235 occisus,
779 1178 836 1219 nec
850 1158 920 1218 ideo
943 1176 1051 1218 canem

133 1248 193 1298 non
216 1242 409 1319 percussisti,
444 1243 599 1320 quianon
623 1244 705 1302 omni
729 1249 816 1321 perte
839 1259 908 1301 enm
930 1259 1051 1320 percus-

132 1323 197 1382 sisti
220 1330 251 1381 et
271 1323 431 1402 occidisti,
454 1328 517 1385 imo
540 1324 724 1402 vulnerasti,
745 1325 932 1405 percussisti,
955 1326 979 1382 si
1003 1323 1052 1383 vel

133 1406 289 1466 minimum
313 1406 481 1473 membrum
510 1410 574 1469 eius
609 1409 738 1487 laesisti,
772 1407 897 1489 propria
925 1415 955 1466 et
986 1424 1053 1486 ger·
1132 1435 1134 1438 ·

132 1507 224 1548 mono
256 1489 482 1569 significatione
512 1492 608 1552 verbi.
652 1492 698 1552 lta
729 1492 780 1551 hie
808 1510 869 1551 oon
898 1489 968 1549 ideo
989 1507 1052 1551 non

133 1579 179 1632 est
201 1575 325 1651 proprie
356 1581 532 1653 peccatum,
566 1575 639 1653 quia
672 1594 733 1636 non
768 1581 865 1635 totum
894 1572 1052 1632 hominem

132 1655 259 1730 occidit,
290 1655 431 1736 damnat,
454 1660 518 1718 irae
538 1659 669 1719 subiicit.
712 1657 820 1718 Gratia
842 1657 922 1717 enim
947 1664 978 1715 et
999 1657 1052 1719 do·

133 1757 204 1797 num
227 1747 412 1800 conservant
433 1740 604 1819 bominem,
636 1749 670 1800 ut
695 1759 758 1801 nou
787 1742 886 1820 possit
911 1757 1052 1820 peecare,

133 1821 239 1897 inest,
262 1826 435 1883 consentire
457 1824 533 1883 hnic-
548 1834 676 1904 peceato
700 1833 730 1885 et
751 1826 860 1904 perire.

214 1904 324 1966 Dices:
352 1906 460 1984 Neque
482 1915 513 1966 tu
536 1908 649 1987 probas
671 1915 832 1987 peecatum
857 1903 928 1967 alibi
950 1906 1048 1985 accipi

132 1987 192 2047 lroe
216 1987 319 2066 ntcdo,
341 1989 424 2068 quod
447 1991 564 2050 scilicet
584 2009 647 2051 non
670 1991 804 2053 damnet.
850 1987 1052 2067 Respondeo:

132 2070 196 2129 Nec
218 2070 278 2131 boc
300 2080 347 2132 est
368 2091 511 2151 neeesse,
533 2093 591 2134 neo
612 2073 676 2134 hoo
693 2075 817 2136 institui.
862 2071 930 2132 Hoc
951 2071 1053 2142 solum

131 2155 267 2231 institui,
304 2163 336 2214 nt
362 2164 523 2235 peccatum
558 2158 618 2217 boc
651 2157 722 2219 loco
749 2158 831 2217 idem
868 2154 1055 2236 significaret

132 2236 214 2314 qnod
249 2238 370 2317 ubique.
425 2239 515 2315 Quod
551 2251 653 2301 antem
687 2241 737 2301 hic
771 2250 932 2321 peccatum
966 2238 1054 2307 aliter,

131 2323 254 2379 tractari
279 2322 366 2399 dico,
398 2323 458 2382 hoo
485 2322 559 2382 nihil
586 2323 624 2384 ad
653 2326 774 2402 peccati
795 2322 1054 2404 significationem

132 2404 279 2482 pertinet,
308 2404 467 2485 Scriptura
495 2415 655 2486 peccatum
683 2407 796 2486 ubique
826 2406 935 2467 eodem
958 2406 1053 2466 modo

131 2489 258 2566 accipit,
294 2488 350 2558 ssd
369 2507 431 2549 non
456 2490 568 2569 ubique
597 2489 707 2551 eodem
738 2489 830 2550 modo
859 2496 970 2550 tractat
998 2509 1053 2548 seu

132 2571 256 2630 tractari
279 2571 431 2655 describit,
460 2572 541 2633 Alibi
556 2572 816 2653 peccatumfieri,
839 2572 911 2632 alibi
932 2572 1054 2648 remitti,

131 2654 205 2712 alibi
226 2655 336 2732 puniri,
359 2655 431 2721 alibi
456 2655 579 2732 differri,
601 2656 673 2718 alibi
688 2657 792 2734 taceri,
813 2655 886 2716 alibi
904 2654 1054 2731 confiteri,

131 2736 203 2799 alibi
227 2740 333 2816 negari
358 2737 509 2800 describit.
555 2739 593 2798 nt
614 2741 682 2819 quis
705 2742 860 2815 actiones,
881 2739 1053 2819 passiones,

133 2830 172 2880 et
186 2821 357 2883 occidentia
380 2823 501 2902 peccati
524 2823 704 2884 enumeret?
742 2823 789 2884 lta
809 2823 870 2882 hoc
892 2821 961 2881 loco
984 2839 1056 2901 pem

134 2911 247 2979 catum,
270 2904 342 2983 qnid
362 2904 456 2965 faciat
477 2913 507 2965 et
528 2908 661 2985 patiatur
682 2909 711 2966 in
731 2907 839 2985 gratia,
863 2903 1056 2980 describitur,-

133 3006 194 3046 non
218 2995 349 3067 negatur
369 2997 531 3069 peccatum
554 3008 632 3067 esse,
655 2992 717 3050 imo
734 2989 879 3070 supponit
892 2995 1052 3069 peccatum

132 3071 246 3130 lactum
268 3079 300 3130 et
317 3090 394 3134 esse.
437 3072 495 3132 Hic
523 3074 634 3133 victum
666 3073 814 3134 rebellare
835 3071 958 3152 Spiritui
982 3071 1055 3130 dici·

131 3160 190 3230 tur,
212 3154 295 3232 quod
318 3155 389 3225 olibi
412 3158 510 3216 victor
529 3176 659 3236 regnare
681 3156 830 3218 scribitur.
862 3155 945 3216 ldom
970 3172 1056 3235 pror-

132 3256 185 3296 sus
207 3245 367 3316 peceatum
388 3239 514 3319 ubique,
536 3241 590 3300 sed
614 3259 675 3299 non
699 3240 811 3319 ubique
832 3237 914 3299 idem
935 3239 1053 3314 rolens,

134 3322 249 3380 faciens
277 3327 310 3380 et
343 3323 472 3400 patiens.
530 3323 620 3398 Quod
662 3331 776 3395 antem
794 3321 866 3384 alibi
898 3321 1055 3402 Scriptura

134 3413 297 3483 peecatum
320 3404 429 3464 eodem
453 3407 585 3486 accipiat
608 3406 711 3483 modo,
733 3405 835 3486 quoad
858 3404 1055 3485 significatio-

133 3507 214 3563 nem,
239 3486 368 3567 probavi
392 3491 531 3568 superius
555 3510 593 3549 ex
606 3489 712 3568 Paulo,
734 3492 785 3569 qui
807 3489 897 3550 Rom.
920 3491 949 3552 6.
971 3495 1004 3548 et
1024 3490 1054 3566 8,

132 3571 212 3630 ultra
234 3572 294 3630 hoc
315 3577 346 3647 7,
369 3571 459 3634 Gala.
483 3577 518 3648 b,
543 3577 569 3635 l.
593 3573 663 3633 Gor.
686 3577 721 3650 5,
743 3573 857 3654 blpbes.
880 3574 915 3650 4,
943 3577 967 3634 1.
981 3571 1055 3631 Gor.

132 3660 166 3730 7,
192 3654 259 3715 001.
273 3657 308 3733 3,
331 3655 401 3716 Ebr.
418 3656 465 3717 13.
488 3658 533 3714 sie
555 3658 676 3736 accipit,
697 3656 769 3718 dum
791 3656 1054 3733 incontinentiam,

133 3738 303 3820 libidinem,
326 3739 401 3799 iram
425 3747 482 3802 etc.
507 3748 608 3820 vocal,
630 3747 662 3801 et
684 3744 710 3805 1.
724 3740 835 3802 Johan.
860 3743 891 3807 l:
914 3738 946 3817 §i
969 3738 1053 3799 dixe-
