2392 4170
439 255 521 314 Doct.
541 256 621 316 Mart.
639 253 725 327 Luth,
991 254 1054 325 437

133 421 214 482 sario
239 419 402 481 statuendo
425 424 457 481 et
475 418 555 481 ridet
576 438 676 482 meam
698 420 873 501 stultitiam,
895 422 945 502 qui
969 421 1054 483 solus

133 504 225 564 velim
237 522 347 584 sapere
358 522 434 585 prae
447 501 598 580 omnibus,
621 504 703 583 quod
716 505 756 566 sit
767 496 978 567 stultissimum
995 512 1053 569 etc.

216 586 273 646 llio
294 585 375 662 dico,
398 585 571 648 confirmari
593 587 655 648 hoc
674 589 799 649 nomine
812 608 912 649 meam
935 594 1055 649 senten·

134 672 218 747 tiam,
242 689 313 732 nam
336 669 396 731 hoc
418 678 484 749 eet,
508 668 590 749 quod
614 669 694 743 dixi,
721 670 928 732 Thomisticos
950 672 1054 732 asinos

133 753 207 840 nihil
229 753 342 814 habere
365 752 448 833 quod
469 752 652 833 producant,
675 755 733 813 uisi
755 753 979 815 multitudinem
1000 753 1055 815 ho-

133 838 248 898 minum
271 843 303 898 et
323 837 481 915 antiquum
506 856 592 896 usum
605 883 614 915 ,
645 836 756 897 deinde
779 836 816 898 ad
849 836 1054 918 proferentem

133 919 307 1001 Scripturas
330 918 453 982 dicere:
474 917 520 979 'lu
544 938 576 979 es
599 918 793 980 stultissimus
810 921 958 1002 omnium,
982 925 1055 1002 tune

133 1003 217 1065 solus
241 1002 346 1083 sapis?
388 1003 474 1063 Tunc
496 1001 628 1082 Oportet
655 1005 700 1064 sic
728 1022 806 1065 esse.
850 1003 924 1062 Mihi
954 1008 1055 1063 eutem

134 1087 313 1147 stultissimo
336 1087 472 1147 omnium
494 1085 554 1145 hoc
576 1087 649 1146 eatis
672 1091 734 1164 est,
764 1086 846 1165 qnod
869 1085 1057 1163 sapientissi-

134 1189 201 1231 mus
223 1169 372 1230 Heuricus
394 1168 508 1229 nullum
532 1167 719 1248 scripturam
751 1175 859 1229 contra
880 1187 930 1229 me
953 1174 1058 1249 potest

135 1252 315 1334 producere,
337 1271 395 1313 nec
413 1251 579 1332 productas
602 1258 712 1312 contra
729 1272 763 1313 se
775 1251 900 1314 diluere.
934 1249 1056 1314 Deinde

135 1337 254 1417 cogitur
287 1336 483 1413 concedere,
522 1354 595 1396 auos
634 1335 740 1396 Patres
772 1335 895 1415 saepius
926 1353 1056 1411 errasse,

133 1440 220 1480 sunm
245 1421 402 1498 antiquum
426 1437 512 1479 usum
535 1437 597 1478 non
620 1418 723 1479 iacere
744 1415 904 1479 articulum
928 1417 1011 1494 fidei,
1025 1417 1055 1477 iu

135 1521 212 1584 quoe
235 1501 330 1564 fidere
352 1521 414 1564 uon
437 1502 528 1579 licet,
558 1501 615 1561 uisi
639 1501 790 1563 ecclesiae
820 1500 864 1561 illi
891 1497 1058 1562 multitudi-

134 1589 191 1669 nis,
214 1588 299 1647 cuins
321 1587 387 1665 ipse
409 1584 553 1646 defensor
576 1591 622 1646 est
645 1604 714 1646 cum
737 1584 947 1664 indulgentiis.

216 1669 285 1749 Ego
318 1686 391 1729 vero
422 1667 569 1728 adversus
602 1668 683 1729 dictu
710 1667 853 1742 Petrum,
888 1666 1058 1743 homiuum,

134 1752 332 1832 angelorum,
356 1750 539 1811 daemonum
564 1770 647 1831 pono
681 1770 743 1812 non
777 1751 935 1831 audqnum
959 1768 1056 1827 usuro,

135 1854 197 1896 non
230 1833 453 1895 multitudinem
488 1832 662 1912 hominnm,
690 1834 744 1895 sed
773 1834 862 1894 unius
890 1832 1058 1895 maiestatis

135 1925 279 1980 aeternae
301 1916 439 1993 verbum,
461 1915 680 1995 Evangelium,
700 1916 781 1996 quod
798 1917 923 1999 ipsimet
943 1935 1061 1997 cogun-

135 2008 183 2063 tur
203 2000 356 2082 probure,
386 2001 416 2060 in
446 2019 507 2080 quo
530 1999 623 2060 lilaea
645 1999 801 2061 evidenter
835 2000 962 2061 traditur
990 2017 1058 2074 esse

135 2087 256 2165 signum
280 2091 310 2146 et
331 2090 547 2146 testamentum
569 2083 637 2160 Dei,
659 2085 689 2143 in
713 2103 774 2164 quo
798 2083 888 2144 nobis
910 2082 1060 2162 promittit

136 2175 167 2227 et
187 2171 275 2240 siguo
299 2166 446 2230 certificet
468 2167 595 2247 gratiam
624 2186 720 2232 suam.
764 2166 831 2227 Hoc
865 2167 944 2227 enim
980 2183 1059 2246 opus

137 2258 168 2310 et
190 2250 314 2309 verbum
337 2250 404 2330 Dei,
429 2269 491 2311 nou
515 2257 653 2311 nostrum
675 2257 731 2312 est.
774 2250 832 2311 Hic
854 2258 918 2330 sto,
941 2248 992 2309 hic
1014 2267 1059 2308 se·

137 2331 207 2412 deo,
230 2331 280 2391 hic
301 2350 425 2409 moneo,
448 2331 498 2392 hic
519 2333 644 2412 glorior,
667 2333 717 2393 hio
740 2333 917 2413 triumpho,
946 2333 995 2392 hio
1017 2333 1062 2392 ln·

137 2415 217 2476 sulto
241 2414 387 2494 Papistis,
415 2413 599 2492 Themistis,
628 2415 810 2477 Heuricistie
823 2465 832 2496 ,
855 2415 1007 2495 Sophistis
1029 2420 1061 2474 et

138 2496 279 2560 omuibus
301 2498 397 2577 portia
418 2496 524 2574 inferi,
538 2496 650 2558 nedum
673 2497 761 2559 dictis
774 2498 943 2578 dominum,
966 2516 1060 2578 quon·

138 2581 279 2644 tumlibet
300 2588 486 2658 sanctorum,
509 2587 560 2640 aut
582 2577 795 2641 consuetudini
817 2581 930 2644 fallaci.

221 2666 278 2727 Dei
300 2663 427 2725 verbum
450 2669 498 2724 eet
525 2665 759 2743 superomnia,
791 2663 893 2725 divina
915 2663 1061 2723 maiestas

140 2768 260 2810 mecum
285 2748 378 2827 iacit,
415 2752 449 2807 ut
470 2745 543 2806 nihil
566 2764 692 2823 curem,
724 2747 750 2806 ei
782 2746 863 2806 mille
887 2745 1060 2824 Augustini,

138 2832 222 2893 mille
245 2830 407 2913 Cypriani,
437 2829 521 2891 mille
550 2829 700 2890 ecclesiae
729 2828 933 2890 Henr'icianae
954 2835 1061 2889 contra

138 2936 186 2976 me
220 2921 345 2979 starent.
395 2913 481 2975 Deus
512 2931 613 2973 errare
647 2918 677 2972 et
709 2912 818 2973 lallare
849 2930 912 2971 nou
948 2917 1061 2991 potest,

141 2999 332 3078 Augustinus
356 3003 387 3058 et
410 2996 582 3077 Cyprianus
616 2996 696 3055 sicut
717 3013 825 3056 omnes
848 2994 937 3054 electi
961 3011 1062 3054 errare

137 3086 304 3162 potueruut
333 3087 364 3141 et
393 3086 580 3144 erraverunt.
623 3078 681 3138 Hic
714 3078 889 3222 responde,
931 3076 1062 3137 Domine

138 3165 285 3240 tierrici,
321 3163 371 3224 hic
399 3170 466 3225 esto
490 3163 550 3238 vir,
573 3168 726 3238 assertor,
785 3162 814 3222 io
835 3158 943 3225 scribe·
957 3158 1062 3220 libros.

140 3247 314 3308 Maledictio
338 3253 390 3309 tna
411 3245 485 3306 nihil
508 3251 571 3321 eet,
594 3245 765 3307 criminatio
788 3251 841 3305 tua
870 3242 944 3303 nihil
979 3241 1062 3321 iacit,

139 3330 301 3392 mendacia
328 3335 381 3391 tua
403 3335 591 3403 contemno,
623 3329 721 3390 minas
744 3334 812 3390 tuas
848 3345 911 3388 nou
948 3332 1062 3389 metuo.

138 3412 338 3493 Obstupescie
360 3413 441 3472 enim
463 3410 618 3473 hocloco
641 3413 720 3473 sicut
743 3418 878 3492 truncus,
902 3429 971 3470 oum
986 3408 1062 3470 elio·

139 3498 191 3580 qni
213 3495 286 3557 nihil
309 3495 366 3556 nisi
388 3493 485 3556 verbu
505 3495 557 3558 uis.
855 3517 857 3520 ·

221 3577 443 3661 Turpissimum
478 3584 525 3639 est
553 3584 640 3640 tanto
674 3579 772 3659 Regi,
807 3582 923 3639 tautum
953 3574 1062 3636 librum

140 3662 291 3744 scribere,
314 3670 345 3725 et
365 3661 427 3725 hoo
459 3666 552 3744 capnt
581 3681 681 3723 meum
708 3660 792 3724 nolle
819 3667 956 3742 tangere.
998 3657 1065 3720 Neo

140 3753 189 3811 est
207 3750 373 3832 repertus,
395 3745 604 3828 quiunquam
627 3764 720 3808 ansus
741 3747 782 3808 sit
801 3749 954 3828 tangere,
977 3746 1063 3825 quot·
