2392 4170
378 251 521 308 nmrosn
540 249 653 310 coner.
672 267 697 308 a.
716 253 795 311 isar.
809 248 822 280 ³
992 238 1055 316 tet

132 408 307 471 serratum
330 415 363 469 ut
395 409 452 470 sibi
475 412 659 482 serviamus,
692 415 725 472 nt
754 420 829 471 suae
854 407 1055 470 iurisdictidbi
1118 395 1120 397 ¹

131 503 241 554 omnes
264 492 471 554 subiiclanlur.
513 494 706 575 Impossibile
727 504 829 557 autern
850 490 944 570 foret,
967 493 992 552 si
1015 498 1055 552 ex
1097 511 1101 516 ¹

131 568 200 637 Deo
224 585 321 655 esset,
346 584 461 637 utnon
485 582 610 638 summis
639 573 752 640 viribus
774 577 975 656 Evangelium
998 575 1056 635 Dei

131 667 278 720 tradtaret
299 669 329 718 et
342 661 518 735 inculcaret,
539 671 601 740 quo
619 663 744 724 doceret
756 662 859 723 omnia
870 679 938 720 esse
952 659 1056 736 libera,
1138 679 1145 687 ³

136 750 236 821 neone
259 754 351 822 posse
377 745 499 822 peccari
528 747 557 804 in
581 745 644 805 ullo
666 765 723 806 nau
746 747 886 821 vestium,
909 742 1059 820 eiboroni,

132 827 282 904 locarem,
305 844 515 906 personarum,
538 830 730 890 autullarurn
752 848 862 891 rerum.
891 828 960 888 Non
975 812 1056 886 enini

131 910 194 970 ullo
218 920 290 981 usn,
320 909 373 970 sed
404 911 471 970 sola
500 914 749 990 coricupisceutia
780 913 827 971 vel
857 911 928 971 odio
956 916 1056 969 retunt

132 1002 289 1072 pertentor.
341 994 381 1052 At
409 1011 490 1073 papa
519 1003 679 1073 peccatum
704 995 899 1056 et‘inatitiam
929 994 958 1051 in
989 991 1056 1052 sold

133 1094 190 1136 uae
217 1095 316 1135 rernm
345 1079 448 1155 ponit,
477 1077 548 1138 ideo
579 1085 627 1138 est
654 1079 748 1139 homo
777 1077 896 1156 peccati
926 1081 957 1136 el
978 1074 1057 1134 illine

133 1158 331 1240 perditionis,
365 1160 486 1238 replens
524 1162 667 1228 mundum
700 1163 736 1221 iis
771 1161 869 1221 stultis
905 1166 936 1218 et
973 1159 1059 1218 tranis

134 1244 268 1323 peccatis
305 1250 335 1302 et
356 1244 486 1303 iustitiis.
545 1246 582 1304 lit
604 1253 722 1321 tamen,
753 1247 825 1323 quia
854 1242 1058 1304 conscientias

133 1325 188 1385 sub
219 1325 308 1385 titulo
334 1328 466 1386 nominis
490 1327 600 1390 (inisti
623 1335 731 1403 terret,
753 1328 841 1403 iacit,
875 1331 945 1385 ute
974 1323 1058 1384 falsis

134 1418 163 1470 et
191 1407 282 1473 nullis
319 1410 455 1488 peccatis
492 1431 564 1470 vera
599 1418 728 1490 peccata
762 1410 845 1470 liant
896 1409 975 1468 Nam
1008 1407 1059 1485 qai
1089 1425 1091 1430 ’

133 1491 295 1551 crediderit
322 1511 391 1552 sese
419 1512 565 1572 peccare,
595 1496 619 1554 si
648 1496 677 1555 in
701 1493 812 1574 Vigilia
847 1490 1058 1571 apostolorum

133 1594 240 1634 carnes
265 1573 407 1652 ediderit,
436 1584 599 1636 animane
622 1578 738 1637 Primae
769 1596 829 1637 non
858 1575 980 1656 legerit,
1009 1581 1062 1632 aut

134 1656 216 1718 aliud
239 1667 436 1737 praeceptam
462 1660 669 1740 quodcunque
692 1669 792 1740 papae
815 1658 966 1734 omiserit,
988 1675 1060 1716 vere

134 1741 258 1821 motat:
297 1758 358 1799 nnn
390 1744 460 1819 quia
489 1750 650 1822 peccatum
674 1750 735 1818 est,
774 1735 858 1822 quod
884 1739 971 1817 iacit,
1004 1738 1057 1799 sed
1118 1763 1119 1769 ¹

135 1826 205 1903 quia
228 1823 325 1882 credit
345 1834 506 1903 peccatum
530 1844 616 1904 esse,
648 1833 679 1886 et
709 1833 811 1885 tamen
845 1829 955 1884 contra
979 1822 1059 1882 hane

132 1906 223 1966 tidem
259 1915 289 1966 et
318 1909 538 1969 conscientiam
572 1915 699 1988 peccat,
732 1913 818 1970 cuins
851 1902 1058 1968 conscientiae

134 1990 243 2049 stultae
277 2000 366 2049 autor
388 1999 434 2050 eat
459 1992 543 2050 solus
571 2000 662 2071 papa.
711 1989 789 2051 Nam
819 1991 929 2050 eodem
964 1995 1058 2068 operti

134 2073 210 2132 alius
232 2091 266 2131 se
288 2092 350 2132 non
374 2074 502 2133 credens
525 2085 656 2153 peccare
677 2091 738 2135 non
762 2073 879 2153 peccat.
924 2072 1058 2147 Honesti,

134 2155 216 2234 quod
253 2157 387 2232 queritur
420 2159 542 2234 spiritus
576 2149 678 2231 Pauli,
721 2157 910 2217 discessuros
938 2165 1008 2215 esse
1038 2150 1059 2213 d

135 2238 194 2297 dds
219 2238 375 2322 plurimos.
420 2239 547 2318 Propter
575 2240 654 2300 banc
681 2241 901 2300 conscientiam
934 2237 1058 2298 stultam

135 2318 313 2391 traditiones
336 2321 492 2394 bominum
516 2329 585 2381 sunt
607 2323 787 2402 pestiferae,
815 2331 846 2382 et
866 2318 968 2400 laquei
991 2319 1057 2378 dub

135 2417 267 2481 marum,
304 2410 335 2464 et
370 2413 483 2464 nocent
516 2404 587 2466 fidei
620 2415 649 2464 et
684 2397 882 2485 evangelidee
916 2403 1058 2464 libertati.

136 2485 224 2562 Quod
255 2487 310 2545 nisi
340 2496 436 2563 esset,
470 2487 543 2547 nihil
578 2493 736 2550 nocerent.
789 2488 864 2548 ideo
894 2493 980 2546 satan
1004 2494 1059 2564 per

135 2582 246 2648 papam
269 2569 402 2629 abutitur
423 2571 482 2631 illis
506 2572 702 2639 conscientiis
721 2570 760 2632 ad
783 2569 866 2649 leges
888 2567 1058 2648 tyrannidis

136 2667 209 2712 suaa
236 2651 450 2728 stabiliendas,
489 2654 527 2713 ad
554 2653 645 2713 iidem
679 2661 710 2714 et
736 2652 906 2713 libertatem
944 2652 1058 2710 exstin-

135 2735 282 2814 guendas,
305 2743 335 2794 et
346 2737 491 2796 mnndum
508 2736 669 2808 erroribus,
682 2735 899 2817 impietatibus,
921 2733 1059 2814 peccatis
1169 2725 1173 2738 '

134 2826 162 2878 et
183 2816 406 2898 perditionibus
427 2819 615 2900 replendum.

216 2900 346 2960 Pulchra
367 2901 479 2962 Paulus
508 2921 561 2962 aaa
590 2902 794 2963 conscientias
823 2897 959 2979 appellat
989 2914 1058 2955 can·

135 2985 274 3061 teriataa,
306 2984 388 3061 quod
421 3002 482 3046 non
512 2986 572 3045 sint
593 2992 704 3044 natura
737 2991 790 3044 aut
810 2984 916 3064 spiritu
946 2980 1057 3054 taetra,

134 3067 187 3127 aad
210 3068 347 3132 asturio
369 3067 522 3128 humanae
544 3068 703 3131 doctrinae
725 3074 833 3127 contra
855 3066 992 3125 nutarem
1015 3063 1058 3120 in

134 3152 274 3230 signitae.
318 3149 479 3230 Ipscenim
496 3150 596 3228 docet,
620 3147 701 3230 quod
715 3146 1057 3210 nihilsitreiioiendum.
1144 3211 1148 3216 ⁸

135 3233 172 3293 Et
194 3233 327 3293 vicarius
348 3233 459 3293 Christi
482 3233 668 3295 dicit2'1mo
690 3233 830 3314 butyrum
854 3239 884 3290 et
906 3229 1060 3290 lacticinia

133 3326 204 3376 sunt
225 3315 391 3375 raiioienda
419 3323 569 3397 perpetuo
598 3317 717 3396 aliquot
754 3313 870 3377 diebos.
921 3310 1059 3372 Otrous

135 3398 205 3459 Luc.
231 3398 283 3463 10:
307 3397 444 3464 lidentes.
464 3407 494 3459 et
516 3399 665 3476 bibentes,
687 3409 766 3479 quae
783 3396 865 3477 apud
885 3395 957 3455 illos
973 3397 1059 3470 tunt,

135 3490 166 3542 at
188 3482 319 3541 vicarius
341 3502 413 3542 suus
432 3489 555 3543 contra:
578 3482 682 3543 Nolite
702 3481 794 3543 edere
816 3498 923 3541 carnes
947 3484 1058 3538 ctova.

135 3564 272 3625 Christus
296 3584 418 3625 omnem
441 3572 556 3626 vestem
579 3565 674 3625 libere
695 3565 850 3644 permittit,
874 3568 905 3623 at
927 3561 1058 3621 vicarius
1164 3598 1170 3606 ·

134 3667 206 3707 suus
232 3648 321 3707 aliam
344 3647 431 3707 laicis
454 3649 591 3726 dimittit,
621 3648 712 3708 aliam
734 3647 789 3708 sibi
817 3656 847 3707 et
874 3647 936 3705 suis
966 3644 1058 3703 assci-

135 3731 202 3811 soit,
223 3729 315 3810 idque
336 3729 396 3793 snb
413 3737 543 3812 peccota
566 3727 697 3810 mortali,
719 3735 750 3792 et
771 3727 938 3810 praecepto>
959 3725 1058 3789 cocle-
