2392 4170
28 212 35 225 '
130 240 167 299 11
309 326 314 334 ⁹
550 242 642 299 sures.

132 491 174 546 11.
210 486 314 542 Contra
327 487 472 543 Henricum
485 504 577 558 regern
589 488 710 556 Angliae
717 489 794 541 Mart.
805 486 885 541 ertlr.
901 487 968 542 1522
990 429 1056 542 ρὶῗὲ.)

133 564 174 618 12.
203 557 298 614 Sermo
318 559 356 614 de
372 558 399 614 S.
417 561 543 616 Antonio
563 560 684 615 Eremita
703 560 736 613 D.
749 561 826 613 Mart.
847 559 968 626 Lutheri,

202 631 229 685 in
249 647 304 700 qno
323 632 417 687 omnia
433 632 595 687 Sanctorum
613 633 746 700 exempla,
767 647 839 701 quae
859 631 970 686 utiliora

202 712 274 765 sunt,
295 703 424 758 facillime
443 704 644 773 deprehendes.
664 706 733 762 1522
781 744 967 758 .....
1005 705 1057 761 tto

133 776 176 832 1³.
206 775 349 841 Epistolae
369 776 487 830 Adriani
507 776 592 831 er
615 791 641 829 a.
659 779 729 832 1522
748 775 783 829 ad
803 774 969 829 Friderieurn

204 848 288 902 Eieot.
308 848 392 902 etad
412 849 552 919 Principes
572 847 599 902 S.
621 849 650 902 R.
671 849 741 915 Imp.
769 845 969 916 Norimbergae

202 919 982 1050 33113112δὲἱὲὛῶ1121111112111112
1098 966 1101 972 ·

203 1078 257 1132 que
276 1064 396 1118 civitatis
416 1064 630 1133 Bambergensis
649 1064 744 1117 datum
779 1102 967 1116 .....
1005 1064 1057 1119 459

34 1122 38 1129 ’
133 1134 176 1188 14.·
207 1134 332 1202 Epistola
349 1135 460 1191 Lutheri
480 1136 515 1190 de
524 1135 644 1190 Adriani
664 1135 768 1203 scripto
787 1134 824 1188 ad
836 1133 967 1188 Bamber-

202 1222 303 1275 genens
323 1223 348 1261 et
368 1210 438 1265 1522
457 1209 541 1263 misso
592 1245 965 1261 .........
1005 1207 1059 1263 474

133 1279 175 1336 15.
203 1278 292 1333 Breve
311 1279 430 1333 Adriani
448 1281 487 1334 vt
511 1277 732 1333 adFriderioum
753 1277 967 1332 8511οηί1ιοῦ5-
1068 1316 1072 1321 -

203 1366 261 1404 oern
281 1351 415 1405 advorsus
437 1351 593 1405 erthernm.
615 1366 640 1403 a.
662 1353 731 1407 1523
778 1390 784 1404 .
822 1390 828 1402 .
960 1391 968 1404 .
1005 1350 1057 1406 178

24 1416 29 1431 “
133 1423 175 1480 16.
207 1424 249 1477 De
273 1423 449 1477 instituendis
474 1423 606 1476 ministris
632 1423 769 1476 eeclesiae
793 1421 829 1475 ad
849 1421 967 1475 clarissi-

203 1510 274 1547 mum
303 1502 428 1548 senatum
447 1495 616 1564 Pragonsom
645 1493 796 1548 Bohemiae
815 1494 894 1547 Mart.
915 1493 968 1547 Lu·

204 1565 306 1622 thorus.
331 1569 407 1624 1523.
461 1603 967 1621 ............
1006 1566 1059 1623 192
