2392 4170
443 266 614 327 wormatiae
635 264 739 328 habita
1015 258 1053 328 ll

133 440 251 516 modis,
286 461 354 502 oum
379 449 480 503 tamen
504 443 632 505 suismet
660 443 804 527 legibus
796 443 854 525 ipsi
878 446 1008 504 caveant
1022 437 1111 521 ¹)

135 524 455 600 (1111111911θό
480 544 508 606 q
536 530 561 590 1
585 537 616 587 et
637 528 697 604 2.,]
720 534 753 588 ut
775 527 878 625 Papae
906 526 990 606 leges
1024 529 1056 587 et

133 610 292 671 doctrinae
294 609 486 690 ‚Evangelio
500 620 552 671 aut
563 610 684 671 Petrum
701 613 859 672 sententiis
873 610 1055 692 contrariae,

131 712 189 774 pro
213 693 350 755 erroneis
372 702 401 754 et
425 693 562 774 reprobis
584 693 762 758 habeantur.

217 775 248 837 st
271 775 364 857 igitur
387 781 418 838 et
441 776 498 838 bos
525 797 729 854 revocarem,
752 778 827 838 nihil
855 775 936 837 aliud
969 795 1054 856 prae·

134 860 251 938 stitero,
275 878 366 938 quam
390 863 422 921 ut
444 860 597 940 tyrannidi
614 861 918 938 roburadiecero²)‚
942 870 972 919 et
992 867 1056 922 tan-

134 949 184 1004 tae
218 943 370 1023 impietati
406 945 475 1005 iam.
511 962 571 1004 nou
603 944 818 1023 fenestras⁸),
861 944 914 1004 sed
951 947 1055 1003 sabas

134 1045 296 1107 aperuero,
318 1033 514 1109 grassaturas
537 1027 627 1087 latius
651 1037 682 1088 et
709 1028 833 1090 liberius
864 1047 953 1108 quarn
983 1027 1055 1087 bac·

135 1117 223 1171 tenus
243 1129 375 1188 unquam
398 1130 473 1171 ausa
495 1109 594 1189 fuerit,
617 1118 647 1172 et
669 1111 721 1172 liet
742 1113 831 1172 huius
855 1129 942 1172 meae
956 1111 1056 1171 Revo-

134 1194 264 1275 cationis
287 1194 463 1255 testimonio
482 1194 759 1256 licentiosissimum
777 1196 1055 1275 impunitissinrum-

135 1278 381 1355 quenequitiae
416 1278 536 1338 illorum
572 1277 775 1357 negarint),
817 1280 928 1338 misero
963 1277 1055 1356 vulgo

134 1359 577 1440 longaintoterabitrssimum‚
601 1370 632 1422 et
654 1359 797 1442 lamani)
826 1361 1002 1422 roboratum
1026 1365 1058 1420 et

135 1443 315 1519 stabilitum,
338 1446 515 1524 praesertim
539 1446 563 1504 si
588 1447 731 1505 iactatum
760 1446 866 1523 fuerit,
898 1443 928 1503 id
959 1463 979 1503 a
1006 1461 1057 1503 ma

134 1526 249 1587 lactum
273 1528 436 1588 autoritate
460 1528 674 1589 serenissimae
696 1529 864 1590 Maiestatis
891 1523 1055 1608 vastrae⁸)

134 1612 290 1689 totiusque
323 1610 453 1672 Romani
489 1611 620 1690 lmperii.
676 1611 831 1689 Quantum
865 1631 940 1691 ego,
974 1611 1056 1670 Deus

134 1692 225 1766 bone,
249 1700 311 1754 tum
336 1694 420 1754 luero
446 1693 621 1774 operculum
647 1696 803 1777 nequitiae
824 1702 854 1755 et
877 1692 1056 1774 tyrannidis.

216 1775 350 1838 Tertium
373 1797 470 1857 genus
494 1797 597 1838 eorum
621 1786 677 1856 est,
699 1798 776 1858 quos
799 1781 828 1840 in
851 1777 972 1856 aliquos
990 1776 1058 1873 'pri-

136 1868 239 1940 vatos‚
262 1867 294 1920 et
315 1860 484 1939 singulares
515 1866 567 1934 (ut
590 1862 720 1943 vocant)
755 1880 904 1943 personas
939 1860 1056 1940 scripsi,

135 1962 190 2004 eos
214 1944 342 2018 scilicet,
368 1945 418 2022 qui
441 1951 471 2004 et
494 1943 685 2026 tyrannidem
711 1945 881 2007 Romanam
905 1944 997 2020 tueri,
1027 1948 1060 2003 st

134 2029 280 2106 pietatem
304 2047 321 2086 a
344 2047 392 2086 me
417 2027 537 2089 doctam
564 2028 756 2090 labefactare
772 2029 866 2089 moliti
896 2023 1056 2089 suntin

135 2111 191 2170 lros
215 2109 365 2170 confiteor
389 2111 550 2170 metuisse
574 2113 774 2188 acerbiorem,
799 2131 888 2192 quam
922 2130 976 2189 pro
1000 2109 1057 2170 Re·

136 2192 250 2272 ligione
272 2203 324 2254 aut
345 2193 538 2273 professione
562 2194 724 2276 deserit).
769 2195 876 2275 Neque
899 2195 979 2254 enirn
1008 2213 1057 2253 me

134 2274 281 2338 Sanctum
305 2276 437 2355 aliquem
461 2277 550 2352 lacio
574 2299 673 2356 usque
695 2277 799 2338 det
757 2282 818 2340 vita
840 2297 918 2352 mea,
941 2276 995 2337 sed
1018 2275 1057 2337 de

135 2358 275 2419 doctrina
300 2357 410 2419 Christi
434 2324 565 2439 disputd
603 2359 711 2440 Neque
733 2361 791 2423 hos
813 2380 961 2423 revocare
982 2361 1058 2420 inte·

135 2462 221 2520 grum
245 2451 292 2523 est
316 2442 398 2518 mibi,
422 2443 549 2523 quod⁸)
582 2463 619 2502 ea
648 2448 846 2506 revocatione
874 2445 982 2504 iterum
1013 2443 1056 2503 lu·

135 2532 234 2585 turum
257 2527 306 2599 sit,
330 2533 362 2584 ut
384 2528 521 2604 tyrannis
545 2533 575 2585 et
605 2527 747 2606 impietas
782 2545 850 2588 meo
884 2527 1056 2607 patrocinio

133 2614 265 2688 regnent
288 2615 318 2667 et
332 2609 511 2668 saeviautin
529 2609 676 2689 populum
691 2610 747 2670 Dei
769 2610 942 2686 violentius,
965 2628 1055 2689 quam

136 2710 268 2769 unquam
294 2692 499 2772 regnaverint.

217 2774 333 2834 Tamen
356 2775 428 2854 quia
450 2773 543 2835 bomo
567 2795 644 2855 sum,
668 2783 699 2836 et
721 2795 782 2836 nou
802 2775 894 2851 Deus,
917 2774 977 2834 alio
1006 2772 1080 2853 pa-'

136 2858 266 2918 trooinio
291 2859 365 2918 meis
389 2855 542 2939 libelliat)
568 2859 680 2921 adesse
702 2878 763 2920 nou
792 2877 935 2939 possum,
964 2877 1076 2937 quam⁴

134 2943 201 3021 ipse
223 2939 376 3002 Dominus
400 2960 485 3000 meus
508 2941 595 3002 lesus
618 2941 754 3019 Christus
776 2940 862 3003 affuit
883 2960 957 3001 suae
985 2940 1056 3001 doc·

136 3024 243 3120 trinae,
267 3025 315 3101 qui
341 3042 408 3083 oum
433 3043 536 3084 coram
559 3003 670 3086 Hanno
691 3025 730 3087 de
751 3045 808 3086 sua
829 3025 969 3087 doctrina
984 3024 1056 3084 luis-

134 3111 182 3167 set
203 3107 425 3186 interrogatus,
449 3115 480 3166 et
502 3108 622 3188 alapam
654 3130 671 3169 a
704 3110 842 3169 ministro
876 3108 1056 3185 accepisset

135 3187 226 3250 dixit
250 3188 280 3250 Si
306 3189 385 3249 male
407 3190 526 3250 locutus
550 3211 627 3271 snm,
651 3194 857 3254 testimoninm
875 3191 1000 3270 perhibe
1020 3190 1057 3250 de

190 3363 217 3426 1)
230 3358 315 3413 lbidr
335 3358 425 3413 modia
437 3364 465 3414 et
475 3359 590 3415 suismet
601 3360 730 3429 legibus
722 3362 777 3431 rpsi
789 3366 899 3418 cavant.
930 3361 958 3427 2)
972 3359 1056 3415 lbid..

134 3430 240 3485 adiero.
278 3434 309 3498 3)
333 3430 416 3484 thid:
441 3447 496 3485 non
522 3430 657 3487 fenestras
680 3433 772 3489 modo.
809 3435 842 3495 4)
864 3431 949 3488 ibid:
974 3432 1057 3487 licen·

133 3502 303 3558 tiosisaimas
321 3502 605 3572 impunitissirnaequa
631 3505 772 3574 nequitiae
798 3504 905 3560 illorum
932 3519 1056 3573 reguum.

134 3573 1056 3644 ι)Ι111(1..1111.6)Ι111(1..111111111111111111111111111-
1104 3618 1106 3623 -

109 3645 272 3701 -nisaiurae
320 3649 352 3712 7)
383 3645 488 3701 Ibidem
517 3646 606 3703 deest:
641 3648 750 3705 deceat.
802 3651 833 3717 8)
861 3645 945 3704 lbid:
981 3646 1056 3719 quid.
1102 3646 1105 3655 ’

135 3718 167 3791 9)
189 3716 311 3782 Ibidem:
331 3717 431 3780 libellis
449 3717 527 3778 mais.
