2392 4170
145 252 210 321 498
490 244 728 307 nemmem

231 414 348 477 Contra
388 418 492 495 potest
533 410 754 493 paterfamilias
795 411 979 473 neeoesama
1010 412 1072 471 suis
1168 394 1172 461 Ϊ

147 499 312 581 providere
341 518 396 579 per
426 496 553 557 verbnm
575 504 606 556 et
627 514 690 555 non
711 498 914 573 necessariis,
950 496 1072 557 interim

147 583 220 643 dum
242 584 273 641 in
295 582 473 662 captivitate
494 592 556 656 est,
589 581 642 660 pia
660 579 834 641 bumilitate
855 598 973 643 carere.
1016 579 1073 639 Hie

148 667 230 727 enim
252 664 426 725 iaciendum
449 675 496 723 est
518 682 603 722 more
624 670 656 721 et
677 663 747 742 lege
767 663 953 724 Iudaeorum
974 665 1072 743 espn'·

149 768 273 827 vorum,
305 750 369 827 qui,
396 766 466 807 cum
487 747 520 805 in
540 745 707 806 Ierusalem
729 765 800 807 esse
820 756 854 807 et
873 745 989 807 offerre
1010 765 1071 806 non

147 840 293 911 possent,
323 831 392 891 sola
412 829 474 889 fide
503 838 607 890 tamen
629 828 725 890 verbo
748 829 808 890 Dei
836 838 963 889 servata
993 830 1073 889 inter

147 915 255 975 hostes
285 912 427 973 vivebant
459 918 491 972 et
517 911 557 972 ad
577 911 746 973 Ierusalem
777 912 987 992 suspirabant
1029 914 1072 972 ltu
1167 914 1170 945 ⁵

148 1004 181 1057 et
201 1016 287 1057 meus
309 995 527 1076 paterfamilias
549 995 606 1056 sub
627 997 687 1056 ista
707 995 871 1076 tyrannide
880 995 989 1076 Papae
1008 1014 1071 1057 ree
1167 1010 1170 1057 ἰ

149 1081 266 1140 tissime
288 1092 320 1139 et
341 1080 491 1139 tutissime
512 1079 643 1155 iaceret,
676 1080 702 1138 si
723 1080 952 1139 Eucharistiam
974 1080 1071 1159 suspi-

148 1172 239 1240 raret,
260 1181 352 1241 quam
375 1181 497 1221 sumere
525 1160 574 1223 vel
603 1181 665 1222 non
689 1162 817 1223 auderet
843 1161 895 1223 vel
915 1181 982 1222 non
1004 1181 1071 1243 poe

148 1260 206 1321 set,
227 1248 348 1305 interim
371 1244 432 1305 fide
455 1244 656 1324 perverbum
677 1246 736 1306 Dei
762 1247 868 1306 domui
896 1264 976 1306 sune
997 1254 1071 1307 stre·
1171 1266 1175 1275 ·

148 1348 210 1389 nuc
231 1336 264 1389 et
283 1327 414 1389 fideliter
429 1327 550 1405 tradita,
572 1328 768 1391 donecDeus
784 1349 825 1388 ex
847 1327 913 1388 alto
930 1331 1071 1389 misertus
1165 1362 1170 1403 t

149 1419 204 1472 aut
233 1413 441 1491 captivitatem
475 1411 673 1491 dissolveret,
711 1422 765 1472 aut
805 1411 955 1472 idoneum
989 1412 1072 1474 verbi
1166 1434 1169 1491 ξ

150 1496 320 1555 ministrum
337 1495 476 1555 donaret.
508 1494 570 1574 Sic,
592 1497 727 1574 inquam,
748 1496 857 1556 melius
871 1502 933 1573 est,
953 1495 1071 1557 nullum

149 1577 263 1638 habere
285 1596 376 1657 quam
399 1578 593 1658 sacrilegum,
611 1580 737 1658 impium
762 1587 793 1638 et
814 1578 1001 1639 sceleratum
1021 1581 1072 1640 mi

149 1662 288 1737 nistrum,
310 1662 360 1740 qui
383 1679 446 1720 non
468 1663 571 1721 veniat
583 1659 614 1742 ¹)
640 1663 698 1721 nisi
719 1668 754 1722 nt
775 1667 890 1722 mactet
914 1668 948 1723 et
963 1662 1073 1744 perdat

149 1746 230 1805 sicut
249 1743 297 1804 fur
318 1751 350 1804 et
368 1743 458 1803 latro.

232 1826 321 1887 Nunc
343 1835 446 1886 autem
468 1825 536 1887 Deo
558 1826 626 1887 laus
647 1833 679 1887 et
699 1829 817 1909 gratia,
848 1846 887 1887 ea
909 1827 1071 1888 infelicitas

149 1919 203 1971 ant
223 1911 393 1971 necessitas
414 1908 498 1969 nulla
518 1918 576 1985 est,
607 1912 667 1970 nisi
689 1911 768 1972 sorte
788 1909 917 1971 infirmis
939 1917 972 1971 et
993 1929 1072 1972 seru·

150 1993 278 2074 pulosia.
322 1992 465 2054 Ceterum
495 1994 548 2070 iis,
580 1995 631 2072 qni
670 1995 800 2055 creduut
831 2000 864 2055 et
895 2000 1071 2074 agnoscunt
1166 2018 1169 2023 ·

149 2078 326 2153 veritatem,
361 2075 515 2136 liberrima
544 2076 675 2137 facultas
706 2086 738 2138 et
765 2078 858 2157 copia
884 2086 936 2137 est
962 2095 1070 2138 omncs

149 2161 260 2240 impios
284 2161 438 2219 ministros
459 2158 642 2240 profligendi
665 2169 696 2221 et
717 2180 778 2221 non
801 2161 858 2220 nisi
880 2159 1017 2221 idoneos
1043 2170 1070 2220 et

148 2244 217 2322 pios
240 2242 373 2302 vocandi
395 2252 426 2302 et
446 2244 635 2322 instituendi,
659 2246 780 2323 quoties
802 2244 964 2324 placuerit.
992 2243 1069 2304 liam

147 2327 209 2385 boc
229 2327 385 2386 inventum
410 2326 534 2405 pulchre
556 2328 742 2407 papisticum
776 2338 838 2406 est,
874 2327 961 2406 quod
988 2327 1070 2387 solus

148 2408 243 2469 bomo
266 2407 317 2468 ille
338 2410 458 2488 peceati
492 2409 597 2470 debuit
619 2413 814 2491 excogitare,
837 2416 871 2470 ut
891 2409 1069 2472 sacerdotes
1170 2446 1173 2451 ·

148 2511 221 2552 suos
254 2491 430 2552 charactere
458 2492 604 2554 indelibili
632 2505 798 2575 perpetuos
819 2512 859 2555 ac
879 2492 966 2555 nulla
989 2514 1069 2575 pror·

147 2595 199 2636 sus
223 2576 315 2655 culpa
338 2575 408 2636 loco
432 2576 602 2638 movendos
630 2578 787 2651 redderet,
820 2577 942 2638 scilicet
973 2586 1007 2638 ut
1029 2586 1070 2658 ty·

147 2658 305 2719 renuidem
327 2678 414 2718 suam
436 2660 586 2720 stabiliret
613 2670 643 2721 et
670 2658 893 2742 impunitam2)
919 2661 1070 2740 peccandi

147 2741 304 2802 libidinem
326 2741 470 2818 firmaret,
493 2742 563 2802 dum
586 2747 740 2806 asciscere
761 2763 822 2804 non
842 2744 953 2805 liceret
965 2744 1069 2806 melio·

147 2845 196 2886 res
219 2833 249 2885 ct
270 2825 438 2886 sceleratos
461 2827 536 2886 istos
559 2826 637 2888 ferre
659 2847 849 2908 cogeremur.
893 2828 1011 2888 Verum
1034 2828 1070 2889 de

146 2909 206 2970 ista
229 2908 374 2969 facultate
396 2909 488 2988 paulo
510 2917 582 2990 post
604 2910 749 2974 dicemus.
852 2956 857 2963 -

228 2991 334 3071 Nunc,
367 2999 531 3071 postquam
567 3013 623 3054 vos
651 2995 785 3055 Boemos
817 2993 951 3073 propriis
982 2994 1070 3055 malis

148 3077 281 3137 monitos
304 3075 442 3151 fecimus,
465 3083 498 3135 ut
517 3078 675 3156 papisticis
696 3077 855 3139 ordinibus
878 3076 1070 3157 valedicatis,
1167 3146 1171 3153 ¹

147 3159 258 3219 addam
281 3165 425 3219 etonem
448 3162 622 3239 generalem
646 3179 781 3236 oausam,
803 3179 864 3240 qua
886 3163 1070 3223 suscitemus
1166 3168 1170 3175 '

147 3249 178 3301 et
210 3241 298 3302 vobis
326 3249 357 3301 et
389 3244 444 3302 toti
474 3242 540 3304 orbi
570 3263 717 3306 nauseam
748 3253 777 3304 et
806 3247 998 3323 apostasiam
1033 3245 1071 3305 ab

147 3325 313 3386 exsecratis
335 3325 395 3385 illis
418 3334 448 3385 et
469 3326 683 3388 abominandis
707 3327 874 3391 ordinibus.

229 3407 361 3468 Donabo
384 3409 503 3469 interim
527 3409 587 3470 hoc
609 3411 765 3471 ordinibus
788 3411 965 3490 papisticis,
988 3410 1071 3493 quod

146 3490 241 3551 solius
264 3490 411 3571 Episcopi
440 3495 602 3553 autoritate
631 3500 783 3575 unguntur
807 3501 838 3554 ct
859 3494 1072 3575 instituuntur,

145 3592 223 3654 quos
255 3581 387 3654 vocant,
422 3576 616 3658 sacerdotes,
650 3593 803 3641 consensu
836 3585 890 3638 aut
923 3579 1071 3662 suffragio

198 3760 225 3829 1)
245 3761 276 3816 ln
295 3759 337 3816 ed.
359 3759 429 3817 Ian:
449 3761 533 3819 venit.
570 3762 599 3831 2)
620 3758 706 3818 ibid:
724 3758 928 3832 impunitatem.
