2392 4170
334 325 340 335 „
386 257 513 317 Rationis
531 242 717 314 Latomlarrsse
732 265 782 313 stc
995 254 1055 320 431

134 409 254 491 dicitur,
268 412 332 473 »sed
356 421 516 492 utrumqne
539 431 595 493 per
615 412 850 494 synecdochen,
880 417 979 472 toturn
1000 429 1056 491 pro

132 502 238 575 pente,
276 515 351 575 prae
379 497 488 557 ceteris
510 505 611 556 autern
633 498 664 556 in
687 496 845 576 prophetis
867 494 928 555 lete
949 503 1058 574 regnat

133 597 172 640 ea
192 577 302 658 figure.
346 580 387 639 At
408 580 468 640 boc
490 580 559 640 tocc
588 597 652 638 non
680 580 725 640 sie
745 585 849 659 potest
870 576 970 639 Isaiae
993 596 1058 638 ven

132 661 206 722 bum
229 660 269 722 sd
290 661 368 723 elios
391 661 547 740 contrahi,
577 665 647 740 quia
668 681 737 722 sese
758 661 902 738 involvit,
934 679 995 721 non
1018 659 1058 720 ad

132 745 211 808 alios
232 743 376 826 loquitur,
391 746 469 805 sieut
490 746 525 806 flt
546 747 575 805 in
598 746 762 824 praedictis
786 745 873 823 locis,
895 744 950 804 sed
973 762 1058 822 pror·
1088 818 1092 825 ⁸

133 829 322 908 opcpoeiam
361 828 549 908 loquentium
586 829 623 887 de
654 847 688 888 ee
716 829 791 907 ipsis
814 828 900 904 fecit,
935 827 1054 886 diesne:

133 910 250 973 Omnes
272 929 346 990 noe,
377 913 538 972 universae
567 919 691 972 nostrae
712 912 862 988 iustitiae3
884 928 944 971 non
970 910 1056 970 dicis:

134 993 177 1054 rte
200 1001 255 1054 eut
276 1012 332 1054 vos
354 1004 411 1054 etc.

216 1075 278 1158 Sed
300 1096 382 1136 nuno
403 1083 557 1158 superest,
588 1077 744 1155 quomodo
766 1078 826 1137 ista
847 1074 988 1136 fidelibus
1010 1077 1059 1135 tri·

134 1159 183 1219 bni
207 1161 337 1240 possint.
381 1161 420 1219 Et
441 1160 551 1237 credo,
582 1180 643 1220 non
667 1179 736 1247 esse
759 1159 966 1219 necessarium
990 1177 1058 1238 pro·

135 1243 217 1320 bare,
241 1261 297 1302 eos
318 1243 413 1303 fuisse
436 1243 543 1303 sidetes
567 1251 597 1302 et
617 1245 707 1323 pios,
729 1261 799 1301 curn
823 1242 860 1302 ad
884 1259 992 1301 vocem
1015 1241 1058 1301 le·

134 1327 250 1385 remiae
272 1325 451 1386 obedientes
472 1327 539 1387 Dec
569 1345 638 1386 sese
660 1325 815 1386 traderent
844 1327 875 1384 in
898 1325 1057 1404 eaptivita·

136 1416 215 1481 tem,
238 1407 289 1468 alii
312 1419 438 1488 sponte,
462 1409 512 1469 elii
536 1408 658 1469 tandem
681 1417 799 1470 coacte.
842 1404 922 1469 Nam
948 1406 1059 1469 Christi

135 1501 165 1550 et
187 1491 400 1571 spostolorum
433 1511 505 1552 caro
529 1490 681 1552 adhucin
704 1491 868 1562 illiceret,
896 1489 936 1550 ob
966 1508 1057 1569 qoam

137 1574 235 1634 solam
261 1593 424 1653 possumus
459 1593 513 1635 eos
542 1574 644 1635 dicere
671 1576 765 1635 fnisse
786 1576 855 1654 pios
889 1581 920 1634 et
941 1573 1059 1650 fideles,

136 1656 262 1736 qnando
286 1676 360 1717 suae
382 1659 483 1718 carnis
505 1657 586 1717 lines
600 1659 708 1718 merito
723 1658 864 1718 credatur
885 1675 940 1737 per
961 1663 1058 1718 totnm

135 1758 233 1821 genus
256 1741 437 1819 humanum,
460 1742 609 1820 usquein
633 1742 781 1821 virginem
804 1748 950 1818 matrem,
971 1758 1059 1802 seno·

135 1833 199 1884 tum
232 1831 263 1883 et
299 1824 430 1884 electum
459 1843 563 1884 semen
587 1823 689 1887 tuisse.
733 1824 840 1883 Dicam
863 1823 957 1902 igitur·
976 1824 1059 1902 prior

135 1908 321 1983 summatim,
344 1915 454 1986 postea
476 1915 603 1968 textum.

218 1988 287 2069 Ego
311 1988 412 2067 docui,
436 2010 531 2071 opera
553 1996 656 2050 nostre
682 1989 763 2048 bona
785 2007 856 2048 esse
876 1987 959 2067 talia,
979 2007 1059 2068 quae

134 2073 281 2133 iudiciuin
304 2073 361 2133 Dei
387 2073 464 2133 terre
492 2092 553 2134 nco
576 2074 710 2154 possint,
741 2074 828 2160 iente
850 2069 925 2131 iiind
948 2069 1058 2132 Paetus

136 2155 255 2232 143ltt
290 2155 359 2216 Non
389 2157 483 2217 intres
517 2155 588 2226 in²)
613 2156 758 2216 iudicium
789 2173 860 2215 oum
883 2173 973 2216 servo
996 2161 1060 2228 tuo,

134 2240 209 2317 quia
244 2257 306 2298 non
329 2238 540 2300 iustificabitur
569 2241 599 2299 in
622 2247 790 2319 conspectu
821 2247 873 2298 tuo
896 2240 997 2299 omnis
1020 2241 1060 2314 ri·

136 2341 223 2383 neos.
247 2321 324 2381 Cum
347 2329 448 2383 autem
464 2321 608 2382 iudicium
626 2323 693 2382 eius
713 2323 754 2381 sit
775 2340 870 2404 verax
891 2328 925 2381 et
938 2322 1060 2399 iuatnmr

135 2423 198 2465 non
222 2405 348 2465 demost
370 2424 482 2485 opera,
510 2423 590 2484 quae
611 2423 738 2484 prorsus
760 2411 830 2465 sont
851 2403 1060 2484 incutpabitier

135 2487 210 2548 nulii
241 2489 321 2548 enim
355 2486 429 2549 facit
450 2489 607 2566 iniuriam,
625 2524 627 2528 -
645 2486 703 2547 sed
727 2487 807 2547 siout
829 2487 1058 2567 scriptumest:

137 2571 248 2630 Reddit
270 2573 434 2651 unicuique
456 2570 624 2632 secundum
648 2588 744 2650 opere
765 2589 839 2647 soe,
872 2571 942 2632 ideo
964 2574 1060 2652 sequi

136 2656 220 2714 bona
247 2663 353 2715 nostra
387 2673 449 2715 non
480 2674 549 2715 esse
576 2653 675 2733 bona,
708 2654 766 2712 nisi
800 2661 948 2734 regnante
969 2673 1061 2735 super

135 2756 200 2797 noa
223 2737 433 2799 misericordia
463 2738 546 2815 eius,
578 2755 659 2816 qnee
690 2738 849 2817 ignoscat,
885 2755 955 2796 esee
986 2756 1060 2804 rere

136 2819 220 2880 mela
241 2823 392 2882 intentato
414 2840 505 2901 snper
527 2839 584 2880 nos
607 2819 721 2880 indicio
744 2821 825 2894 eius,
856 2819 940 2899 quod
962 2820 1062 2880 reddit

136 2905 312 2984 unicuique.
348 2904 434 2964 Haec
456 2911 503 2964 est
524 2906 575 2964 via·
597 2903 729 2964 docendi
750 2905 867 2964 timoris
889 2913 920 2964 et
941 2906 1007 2984 spei
1030 2905 1059 2964 in

136 2988 247 3048 Deum.
284 2987 373 3048 Hanc
395 2989 578 3068 sapientiam
601 2988 723 3066 pietatis
741 2987 983 3047 calumniatores
1002 2989 1061 3046 mei

136 3071 294 3148 dsrnnant,
317 3079 349 3132 et
368 3091 424 3130 sua
447 3089 542 3151 opere
563 3069 688 3145 inflant,
711 3069 852 3131 homines
874 3071 983 3130 timore
1004 3070 1060 3130 Dei

136 3161 169 3214 et
190 3173 245 3234 spe
267 3154 417 3234 spoliant,
451 3163 479 3214 et
514 3153 664 3234 superbos
698 3152 829 3213 reddunt
848 3153 1060 3233 pestilentibus

136 3239 200 3297 sois
224 3237 380 3313 doctrinis,
402 3235 554 3318 fingentes
577 3256 657 3316 opus
679 3236 811 3318 bonum,
845 3235 952 3315 laude,
975 3256 1060 3318 prae·

138 3323 211 3398 mio,
233 3320 332 3400 gloria
354 3319 490 3402 dignum,
512 3328 546 3380 nt
567 3320 616 3380 hic
637 3321 728 3380 etiam
752 3319 898 3381 Latonius
918 3320 1037 3383 intrat*

220 3403 296 3465 Eam
321 3406 504 3464 sententiam
528 3412 558 3463 et
579 3405 640 3464 hoc
661 3403 760 3464 Isaiee
782 3403 856 3464 ioco·
875 3401 1008 3483 fflmavt,
1030 3413 1061 3464 st

138 3496 237 3567 reete,
276 3497 423 3566 quantum
446 3488 546 3547 adhuc
568 3486 726 3566 intelligo,
749 3487 810 3547 imo
834 3503 915 3547 nunc
936 3485 1061 3568 firmius,

141 3671 213 3680 ›O———O

212 3759 243 3816 1)
262 3756 293 3811 ln
312 3757 355 3813 ad
377 3758 461 3826 orie:
483 3755 526 3811 Ps.
548 3755 606 3810 101.
644 3754 678 3819 2)
697 3751 728 3807 [n
748 3754 791 3808 sd.
808 3753 983 3812 ton-dms:
1004 3758 1043 3812 in.
