2392 4170
284 247 456 314 Responsum
480 246 608 301 Frirlerici
628 246 695 301 Duc.
714 245 783 308 Sex.
803 252 853 300 eto.
964 245 1027 333 243

105 433 268 493 Brevis
292 433 620 493 Commemoratio
651 453 774 492 rernm
805 433 1006 494 Coloniae-

102 519 345 596 Agrippinae
381 520 415 574 in
452 516 563 576 Ubiis
610 525 802 594 gestarum
839 519 873 576 in
909 535 1027 578 cause

281 600 454 676 botheri,
485 603 592 661 Anno
613 600 652 661 M.
676 599 713 660 D.
736 597 847 676 XX.¹)

187 736 242 796 Die
265 736 427 797 Dominioo
453 743 525 814 post
552 734 660 795 festum
685 736 819 795 omnium
843 736 1024 799 Sanctorum

99 826 174 878 aute
214 820 368 878 meridiem
410 817 465 876 sub
507 819 656 877 concione
691 817 843 880 illustriss.
879 811 1024 900 Princeps

98 914 207 962 noster
228 903 396 962 Friderious
421 901 493 961 Dux
515 901 681 976 Senoniae,
703 903 780 961 sacri
803 902 1024 981 Romlmperii

100 984 227 1045 Elector
249 985 514 1046 Archimasoalcus
537 994 598 1055 etot
625 984 694 1043 dum
726 986 768 1044 rei
792 985 913 1045 divinae
936 987 1025 1046 inter·

98 1077 184 1131 esset
215 1067 297 1150 apud
330 1069 463 1129 Minores
503 1066 651 1127 Coloniae
684 1068 898 1148 Agrippinasp
932 1069 1023 1148 paulo

97 1158 265 1231 postquam
289 1167 372 1212 esset
399 1151 547 1210 salutatus
579 1171 597 1208 a
620 1152 737 1229 magnis
765 1151 882 1229 aliquot
903 1151 1024 1232 imperii

98 1234 290 1315 Principibus
322 1246 382 1295 tarn
420 1234 515 1316 sacris
544 1252 634 1312 quam
666 1232 818 1312 profanis,
849 1236 1024 1313 supervenit

98 1321 192 1395 etiam
216 1319 349 1377 Marinus
364 1314 616 1398 car-aeteotus2),
639 1315 794 1392 Pontifieis
816 1315 927 1377 Leonis
949 1338 1024 1378 nun-

97 1403 186 1466 cius..¹
218 1399 275 1475 Qui
299 1401 450 1467 sacrificio
473 1404 571 1480 primo
596 1398 719 1459 vixdum
743 1399 889 1460 inchoato
912 1399 950 1461 ad
973 1422 1021 1461 au·

96 1484 244 1544 dientiam
273 1483 425 1544 admissus
455 1501 557 1543 coram
588 1491 618 1543 et
639 1481 825 1562 Tergestino
848 1491 879 1542 et
899 1482 1023 1544 Triden-

96 1569 165 1626 tino
188 1567 361 1647 Episcopis,
383 1568 426 1629 ite
448 1566 602 1626 nonnullis
623 1565 769 1644 Principis
793 1567 886 1626 nostri
911 1585 929 1626 a
952 1587 1022 1627 cou-

95 1649 172 1708 siliis
195 1650 418 1729 praesentibus,
442 1648 540 1709 eidem
565 1649 695 1729 Principi
716 1658 821 1709 nostro
839 1649 937 1709 Breve
958 1648 1022 1710 red·

95 1733 173 1792 didit
194 1735 408 1813 apostolicum.
453 1732 571 1793 Deinde
600 1733 693 1791 multa
717 1731 886 1811 praefatus,
917 1751 1020 1812 preca·

94 1825 205 1896 tusque
237 1817 368 1896 Principi
401 1820 500 1891 iussu,
528 1823 561 1876 ut
582 1815 718 1892 dicebat,
750 1813 839 1875 Rom.
864 1808 1020 1879 Pontificio

91 1903 212 1979 optima
234 1918 389 1979 quaeque,
413 1901 666 1971 commemoravit
689 1897 793 1958 laudes
817 1905 847 1957 et
869 1897 1017 1978 Principis

93 1991 127 2047 et
149 1985 296 2045 maiorum
328 1984 392 2043 eius
443 1983 613 2062 quibusque
645 1983 759 2043 meritis
793 1981 958 2061 aliquando
989 1990 1020 2043 et

92 2067 282 2146 benignitate
312 2086 366 2147 per
415 2085 475 2133 om.
498 2065 676 2126 Pontificem
700 2063 861 2145 imperium
886 2085 904 2127 a
926 2065 1019 2127 Grae·

91 2149 137 2208 cis
161 2150 199 2210 ad
213 2149 384 2210 Germanos
408 2156 489 2209 esset
512 2151 709 2226 translatum
733 2156 900 2228 postremo,
924 2168 1018 2228 quan-

91 2244 157 2292 tum
181 2235 246 2312 spei
269 2240 352 2293 esset
372 2234 401 2292 in
420 2233 557 2310 Principe
579 2233 639 2292 hoc
654 2241 759 2293 nostro
782 2231 964 2292 collocatum
989 2240 1019 2294 et

91 2326 311 2376 sacrosanctae
334 2317 483 2376 ecclesiae
505 2315 665 2392 Romanae
684 2315 853 2393 catholicae
876 2323 906 2375 et
928 2335 1016 2383 sacro
1067 2379 1069 2383 ³

93 2399 184 2460 Rom.
206 2400 349 2480 imperio,
389 2399 444 2460 (lui
474 2401 516 2459 ita
539 2399 675 2478 loquenti
698 2400 735 2460 de
758 2399 925 2478 improviso
949 2418 1017 2461 sese

93 2483 180 2542 addit
203 2483 407 2563 Hieronymus
443 2482 606 2557 Aleander.
660 2483 767 2561 itaque
798 2482 931 2543 Marinus
960 2502 1017 2545 suo

91 2565 269 2649 perfunctus
295 2586 417 2626 munere
451 2567 568 2645 reliqua
592 2568 705 2644 negotii
728 2564 829 2624 aiebat
852 2565 890 2624 ab
913 2564 1019 2626 Hiero-

91 2669 187 2729 nymo
211 2648 366 2710 Alcandro
390 2649 529 2710 dicende.

177 2734 331 2793 Aleander
351 2735 443 2813 igitur
476 2735 542 2812 ipse
571 2733 653 2810 loqui
677 2732 851 2810 auspicatus
885 2732 1015 2813 Principi

92 2817 190 2876 Breve
208 2816 348 2895 reddidit,
371 2835 431 2895 quo
447 2816 614 2875 testabatur
625 2825 749 2873 oausam
762 2813 883 2887 Martini
896 2813 1016 2875 Lutheri

92 2899 189 2960 Eooio
206 2900 329 2979 sibique
352 2900 556 2960 commissam,
601 2899 675 2958 Mox
689 2897 878 2978 provinciam
900 2918 918 2957 a
940 2897 1017 2961 Pon·

91 2982 173 3042 tilice
195 2983 284 3043 Rom.
306 2983 361 3042 sibi
386 2982 561 3042 mandatum
585 2981 723 3056 subiens,
756 2980 1015 3059 quemadmodum

91 3067 185 3145 paulo
209 3075 280 3126 ante
301 3067 434 3126 Marinus
463 3067 592 3146 iecerat,
620 3066 790 3144 Principem
819 3065 929 3124 eteius
951 3085 1016 3126 ma-
1076 3127 1083 3139 ,

90 3152 171 3209 iores
197 3151 290 3210 multa
313 3151 414 3210 evehit
436 3148 533 3213 laude,
571 3150 688 3209 Deinde
697 3147 826 3222 addidit,
845 3150 879 3208 in
901 3160 1015 3227 quanto

90 3234 267 3292 discrimine
295 3244 377 3293 esset
406 3237 465 3294 iam
493 3233 678 3313 Respublica
701 3232 873 3292 Christiana
896 3232 1014 3292 Martini

148 3467 176 3526 1)
203 3465 274 3517 llaec
283 3465 435 3530 inscriptio,
447 3479 516 3530 qnae
525 3464 551 3514 in
565 3462 606 3515 ed.
615 3464 699 3530 princ.
708 3463 919 3531 noninveultur‚
938 3477 1014 3529 repe·

89 3539 139 3589 tito
157 3544 200 3589 est
219 3551 254 3588 ex
275 3535 318 3588 ed.
338 3536 395 3589 len.
409 3533 478 3602 Opp.
491 3535 613 3602 Lutheri,
632 3537 661 3586 in
680 3535 721 3586 ed.
744 3537 831 3602 princ.
853 3533 927 3587 enirn
946 3531 1015 3601 hoec

88 3607 173 3661 libelli
194 3623 258 3676 pars
278 3609 449 3660 inscribitur:
475 3607 649 3674 Responsum
676 3604 806 3658 Friderici
826 3604 906 3655 Ducis
927 3601 1014 3656 Saxo·

89 3683 150 3733 niae
170 3681 319 3744 Electoris,
344 3680 437 3732 datum
459 3681 566 3748 Lagaris
585 3677 728 3730 Pontificis
748 3679 828 3730 Rom.
866 3676 898 3740 2)
920 3675 951 3727 in
970 3675 1013 3729 ed.

87 3753 164 3826 alan:
181 3752 371 3816 ,caracciolus

807 3820 868 3884 16*
