2392 4170
138 238 204 307 450
413 238 510 295 Sermo
528 237 610 295 Dect.
628 238 708 294 ltart
726 237 809 313 Lutlr.

221 411 287 473 Nos
323 416 442 474 textum
474 411 662 473 reddidimus
696 411 866 474 secundum
900 410 1067 474 editionem

141 494 339 577 originalem,
374 515 454 576 quae
475 495 565 557 nobis
596 517 635 558 ex
658 495 846 558 bibliotheca
867 494 1070 558 Scheurliana

140 577 279 640 Norimb.
302 587 426 660 praesto
448 586 522 641 erat.

141 791 287 887 Sermo
318 792 369 887 de
398 794 439 887 S.
456 789 646 888 Antonio
675 789 871 887 Eremita
899 790 1070 886 Domini

138 908 283 970 Doctoris
304 910 427 972 Martini
447 910 588 989 Lutheri,
619 912 652 971 in
674 928 735 989 quo
758 911 863 970 omnia
883 909 1070 973 Sanctorum

140 995 301 1074 exempla,
323 1012 402 1073 quae
425 995 548 1056 utiliora
569 1002 657 1069 sunt,
680 993 822 1054 facillime
845 993 1069 1074 deprehendes.

380 1078 471 1140 Anno
495 1078 619 1139 Domini
642 1074 821 1140 uuxxu.

464 1243 520 1305 Ad
542 1244 746 1307 lectorem.

221 1396 370 1461 Salutem.
413 1398 512 1459 Nemo
536 1400 671 1460 omnium
694 1405 757 1480 est,
790 1397 871 1478 quii
895 1402 1005 1473 noret,
1037 1397 1068 1459 in

139 1492 230 1561 quern
253 1476 381 1543 abusum
411 1482 511 1542 omnis
534 1482 704 1543 monastica
726 1481 837 1542 cohors
859 1415 953 1556 aitis,
976 1486 1067 1561 atque

139 1563 219 1625 adeo
241 1567 341 1627 omnis
364 1584 431 1625 mos
455 1584 493 1625 ac
503 1565 696 1627 consuetudo
708 1565 881 1646 primitivae
902 1563 1066 1638 ecclesiae,

139 1646 206 1729 et¹)
228 1649 309 1728 quod
332 1668 495 1709 commune
508 1649 758 1729 primumfnerat,
780 1649 838 1708 iam
862 1648 892 1706 in
916 1647 1066 1726 privatum

137 1730 228 1792 rediit
249 1730 464 1808 commodum,
498 1733 543 1792 sic
573 1739 605 1793 ut
642 1733 754 1812 quique
787 1731 934 1791 avaritiae
964 1729 1065 1791 studio

139 1813 208 1893 hoc,
233 1815 315 1895 quod
350 1816 433 1876 omni
455 1815 571 1876 homini
593 1834 759 1876 commune
780 1820 844 1890 est,
878 1814 962 1873 vitae
993 1832 1065 1874 suae

138 1916 354 1979 praeposuere.
398 1898 528 1958 Primum
561 1900 672 1959 etenim
710 1900 740 1959 in
771 1897 904 1958 ecclesia
925 1898 1015 1976 pueri
1035 1897 1064 1957 iu

137 2000 170 2042 re
191 1981 367 2045 Christiana
387 1981 640 2062 instituebantur,
670 1983 782 2061 istique
805 1981 961 2042 communi
986 1980 1065 2042 rictu

137 2065 320 2128 fovebantur
338 2064 377 2127 ad
399 2084 497 2127 annos
519 2085 617 2145 usque
646 2064 825 2148 pubertatis.
867 2062 1004 2138 Quando
1027 2083 1065 2125 ex

137 2148 263 2228 ephebis
286 2147 487 2228 excedebant,
510 2148 633 2210 tandem
659 2149 709 2229 (ut
732 2148 846 2209 docent
863 2154 1064 2208 monumenta

138 2241 273 2293 veterum
308 2232 519 2305 historiarum)
557 2232 750 2293 matrimonio
772 2227 995 2311 iungebantur,
1027 2250 1063 2290 ne

136 2315 207 2375 hino
227 2313 300 2376 inde
311 2315 473 2376 errabundi
499 2317 559 2390 (ita
572 2322 605 2376 ut
620 2315 671 2388 fit)
696 2316 909 2395 discurrerent,
933 2315 1060 2375 nimium

136 2400 286 2479 segnitiae
308 2400 447 2479 turpique
470 2400 533 2459 otio
556 2408 649 2479 atque
670 2398 749 2460 adeo
775 2398 949 2459 leviusculis
973 2397 1061 2459 rebus

136 2568 255 2627 sionem
279 2572 445 2646 praestant.

155 2711 158 2716 .
218 2647 317 2711 Porro
331 2648 383 2709 ubi
405 2650 502 2710 visum
525 2648 625 2710 iuerat
637 2647 802 2710 maioribus
818 2653 903 2724 natu,
928 2649 981 2728 qui
996 2647 1064 2708 huic

137 2732 254 2793 muneri
275 2740 448 2813 praeerant,
472 2733 580 2812 quibus
604 2733 755 2793 ecclesiae
776 2730 859 2793 bona
880 2749 937 2814 pro
950 2732 1062 2812 stipen-

136 2815 186 2876 dio
210 2824 311 2895 erant,
343 2836 410 2876 eum
432 2818 532 2896 ipsum
556 2817 677 2896 pietatis
712 2835 798 2875 usum
822 2815 939 2873 iurem
963 2816 1060 2896 priva·

135 2906 197 2959 tam
220 2908 313 2980 atque
333 2900 536 2980 pharisaicam
559 2899 776 2979 traduxerunt,
809 2897 929 2957 seclusa
941 2896 975 2977 ²)
1001 2916 1062 2959 om·

135 2984 218 3042 nium
241 3002 407 3063 pauperum
421 3001 491 3063 ope,
516 2991 546 3043 et
567 3003 604 3043 eo
627 2983 740 3063 prodiit
753 2987 818 3042 tota
831 2980 1061 3043 cucullatorum

134 3074 272 3128 caterva:
294 3067 339 3126 sic
360 3074 484 3127 ventum
507 3074 554 3127 est
565 3085 602 3128 eo
619 3085 726 3146 usque,
750 3063 832 3143 quod
846 3065 966 3125 caritati
983 3063 1060 3126 aden

134 3150 236 3228 palam
260 3150 449 3224 adversatur,
471 3169 571 3230 neque
592 3151 624 3209 in
648 3149 710 3210 ullo
728 3149 918 3208 monasticae
939 3148 1061 3229 religio·

135 3233 181 3291 nis
203 3239 365 3313 praetextu
387 3233 492 3294 favilla
513 3234 660 3313 pristinae
683 3231 817 3292 caritatis
840 3230 885 3290 sic
910 3230 1063 3292 illucescit

133 3317 331 3395 speciemque
354 3317 474 3398 pietatis
502 3336 577 3396 prae
600 3336 633 3376 se
656 3317 733 3376 terre
756 3313 894 3393 videtur,
916 3333 1010 3393 quam
1031 3314 1060 3375 iu

134 3396 186 3479 illp
209 3399 276 3478 ipso
301 3399 432 3477 Ordine,
465 3401 517 3479 qui
539 3409 586 3460 est
607 3398 766 3460 reverendi
790 3397 886 3457 Patris
908 3396 942 3458 S.
968 3399 1061 3460 Anto·

133 3481 174 3542 nii
186 3479 237 3564 ³),
269 3483 299 3542 iu
323 3501 384 3562 quo
408 3502 534 3561 ornnes,
563 3484 613 3563 qui
636 3481 790 3543 flammam
815 3479 988 3544 adustionis
1013 3486 1061 3558 (ut

138 3612 346 3623 u—-—----.-
350 3615 556 3622 -—-——-.....-

161 3696 165 3711 ·
204 3681 234 3749 1)
256 3683 286 3736 lu
305 3681 348 3736 ad.
370 3682 452 3752 otigr
471 3688 509 3738 ut.
545 3672 685 3750 2)1uid.'=
708 3679 829 3737 secluso.
867 3680 901 3747 3)
924 3679 999 3739 Ibid.
1017 3679 1062 3738 hic

131 3760 159 3809 ct
177 3752 259 3811 alibi:
281 3752 410 3810 Anthouii
432 3761 484 3811 etc.
