2392 4170
385 258 511 310 Rationis
529 255 708 310 Latomisuss
726 261 777 310 sto.
989 255 1052 318 445

134 409 195 472 nard
214 410 324 489 ‘vigilat
345 418 376 470 et
398 409 526 486 dormit,
560 411 632 488 quis
653 409 840 470 antecedens
861 409 1052 489 impossibile

131 501 186 571 ost,
209 511 277 555 uum
291 493 396 554 *homo
419 493 550 553 dormire
574 512 636 554 nou
648 492 757 572 possit,
779 495 835 573 qui
854 494 970 572 vigilat,
991 511 1049 553 nso

130 585 288 638 eooutrs.
310 575 362 636 Sis
384 595 487 636 nonus
509 578 660 654 sequitur:
693 575 761 636 Non
784 585 830 635 est
853 576 962 653 homo,
1000 578 1052 654 qui

131 660 213 719 vivut
234 665 265 718 et
286 678 348 719 non
368 658 522 738 comedat,
544 678 619 738 ergo
633 658 880 737 quandocunque
896 660 978 736 vivit,
1001 677 1050 719 oo·

131 741 233 821 medit‚
258 760 318 801 uon
342 743 486 820 eomedit,
519 752 566 802 est
583 752 612 801 et
634 759 696 801 non
721 750 777 820 est,
799 751 830 802 et
851 743 955 802 omme
971 759 1052 819 quus

132 823 353 886 volesiuferri?
376 823 479 900 Quare
500 845 574 906 ergo
598 833 779 904 praereptor
802 834 870 884 tuus
895 829 1050 884 istasoou·

131 909 306 985 sequentias
327 919 422 987 negat
444 917 474 969 et
508 906 655 968 damnet?
685 909 800 967 lumin
836 927 869 967 rs
897 909 976 967 serio
1007 908 1051 966 sio

131 989 284 1070 nugatur?
309 992 356 1052 An
378 991 440 1051 hoo
456 991 547 1051 etiam
562 988 777 1069 comprobavit
793 989 880 1050 Bulla
894 992 1052 1069 egregium

132 1071 267 1135 uorum?
306 1073 385 1134 Vide
414 1075 531 1153 itaque,
555 1075 667 1149 leutor,
698 1090 789 1151 quam
819 1092 910 1134 susus
943 1075 982 1133 sit
1009 1075 1052 1133 in-

133 1155 214 1218 vidia
246 1155 431 1236 sophistica,
461 1168 493 1216 ut
522 1160 580 1216 istu
608 1155 735 1236 puerilia
761 1156 932 1216 rudimenta
960 1159 1052 1217 etiam

133 1246 163 1299 et
187 1257 384 1300 communem
414 1239 572 1301 hominum
594 1258 717 1300 sensum
742 1257 803 1299 non
826 1240 938 1318 sapiet.

215 1321 277 1382 Sed
303 1322 385 1382 diuet
416 1323 525 1401 aliquis
547 1322 752 1383 Lutomaster:
786 1322 921 1401 Magistri
956 1324 1053 1382 nostri

134 1405 236 1465 eximii
259 1404 319 1464 hoo
343 1405 518 1466 voluerunt:
548 1405 618 1465 Non
641 1412 689 1465 est
709 1404 804 1466 homo
828 1407 879 1482 qui
902 1407 1002 1481 vivat,
1024 1413 1055 1464 et

134 1506 193 1548 non
218 1486 333 1547 videbit
355 1497 484 1549 mortem
508 1488 672 1568 aliquando
703 1489 735 1547 in
757 1488 905 1565 futurum3
938 1497 969 1547 et
991 1507 1054 1548 non

133 1580 178 1629 est
199 1569 294 1631 homo
317 1572 368 1649 qui
391 1572 497 1652 vigilet
519 1582 548 1631 et
570 1591 632 1632 non
647 1571 779 1632 dormiet
792 1570 967 1650 aliquando,
990 1569 1051 1631 alio

133 1653 410 1733 soilieettempore,
433 1673 525 1734 quum
540 1673 600 1734 quo
619 1653 739 1735 vigilst3
762 1663 793 1714 et
814 1674 876 1715 non
899 1654 1052 1714 esthemo

135 1737 184 1814 qui
207 1737 290 1814 vivit,
313 1744 344 1796 st
366 1755 427 1797 nou
439 1738 584 1798 comedat
595 1737 772 1816 aliquando,
794 1756 856 1797 non
879 1739 1052 1797 omnitem-

135 1837 222 1898 pore,
245 1837 306 1896 quo
330 1820 413 1880 vivit.
456 1821 504 1881 Ex
526 1821 584 1881 illis
607 1821 688 1880 euim
710 1838 773 1880 nou
795 1821 947 1899 sequitur:
970 1819 1053 1898 Elrgo

134 1902 223 1965 simul
248 1903 323 1961 vivit
345 1911 375 1963 et
395 1906 533 1983 moritur,
555 1903 644 1964 simul
659 1903 764 1983 vigilat
775 1911 805 1964 et
820 1902 942 1982 dormit,
964 1902 1053 1961 simul

133 1987 206 2050 vivit
226 1993 257 2044 st
279 1984 423 2049 eomedit
936 2011 938 2014 ·

214 2069 286 2144 Ago
315 2070 430 2148 gratius
459 2068 498 2129 de
532 2070 613 2129 bona
640 2069 865 2130 informatione.
908 2067 969 2129 Sed
992 2068 1054 2130 hou

133 2159 177 2212 est
197 2151 362 2230 Magistros
384 2159 506 2213 nostros
529 2152 662 2211 eximios
683 2171 746 2212 uuo
767 2152 900 2213 absurdo
923 2150 1054 2213 liberare

133 2244 159 2293 et
181 2235 313 2314 geminis
335 2236 527 2314 immergere.
570 2232 707 2309 Quorum
731 2237 861 2315 primum
883 2244 945 2312 est,
969 2235 1052 2313 quod

132 2319 362 2396 grammaticam
384 2320 537 2397 ignorant,
559 2336 616 2378 neo
637 2321 737 2379 sciunt
754 2319 954 2389 differentium
975 2317 1054 2379 inter

133 2398 256 2460 verbum
279 2403 449 2480 praesentis
471 2409 502 2461 et
522 2401 613 2460 futuri
635 2403 798 2481 temporis,
828 2402 900 2462 dum
923 2421 988 2461 rem
1009 2402 1023 2462 l
1044 2437 1053 2446 -

134 2494 229 2545 turum
253 2502 309 2563 per
330 2503 476 2564 praesens
490 2485 665 2562 enunciant,
689 2484 777 2544 simul
792 2485 887 2544 multa
906 2485 1052 2546 adverbia

133 2567 298 2645 uooultaut,
321 2568 399 2629 forts
422 2569 452 2626 in
475 2565 651 2647 vindictam,
674 2567 757 2645 quod
771 2576 863 2628 untes
880 2567 1056 2648 linguarum,

133 2652 271 2728 peritiam
305 2650 480 2711 calumniati
524 2666 608 2710 nuno
629 2651 790 2729 passiones
816 2651 884 2709 illas
921 2653 1052 2727 animae,

133 2751 209 2813 quoe
233 2733 320 2793 iuxta
340 2735 557 2811 Aristotelem,
579 2742 612 2793 ut
634 2733 785 2813 Dialogus
808 2733 926 2793 Latomi
950 2735 1052 2816 hebet,

132 2817 211 2896 apud
237 2835 344 2876 omnes
368 2816 592 2895 eaedemsuut,
614 2816 722 2877 efferre
743 2821 907 2899 nequeunt,
931 2827 962 2876 et
983 2818 1052 2895 sint,

133 2900 213 2980 quod
239 2899 410 2978 voluerunt,
432 2900 583 2980 elingues.
627 2901 673 2961 lta
690 2899 830 2961 concedo
852 2901 987 2980 pessime
1009 2902 1054 2959 in·

133 2984 217 3045 lsrri:
254 2981 324 3043 Non
354 2991 400 3044 est
429 2983 523 3044 homo
552 2985 601 3062 qui
631 2986 704 3043 vivit
726 2992 757 3044 et
778 3002 844 3044 non
864 2983 978 3043 videbit
1002 2983 1052 3063 (ut

132 3067 211 3128 l'sol.
234 3066 283 3129 89.
303 3065 412 3143 hobel)
440 3072 582 3138 mortem,
604 3066 652 3127 vel
675 3086 737 3128 nou
761 3067 863 3127 videat
886 3066 1052 3148 aliquando

133 3159 278 3228 mortem,
312 3167 385 3228 ergo
409 3150 499 3210 simul
526 3152 599 3209 vivit
622 3161 653 3210 et
675 3151 810 3212 moritur.
853 3149 899 3210 lle
919 3150 1052 3229 pessime

132 3232 271 3293 infertur:
303 3231 373 3294 Nou
396 3241 443 3294 est
464 3234 557 3294 homo
581 3234 632 3312 qui
655 3233 760 3313 vigilet
780 3241 811 3294 et
832 3251 895 3293 non
919 3232 1052 3293 dormiat

132 3315 314 3395 aliquando,
344 3335 417 3395 ergo
447 3316 536 3376 simul
559 3316 672 3395 vigilat.
692 3323 724 3377 st
750 3317 873 3378 dormit.
914 3316 984 3377 Nou
1008 3335 1053 3375 se·

132 3400 247 3478 quitur:
277 3397 347 3459 Non
370 3408 417 3459 est
437 3400 547 3474 homo,-
582 3400 634 3478 qui
663 3401 737 3459 vivit
764 3409 796 3459 et
825 3419 888 3460 non
911 3400 1054 3460 comedat

132 3481 308 3562 aliquando,
330 3477 416 3562 ergo,
438 3485 684 3562 quandocunque
701 3484 785 3560 vivit,
807 3484 949 3545 eomedit.
993 3481 1054 3543 Sed

133 3574 242 3626 eontra
264 3583 355 3643 quem
376 3567 604 3646 pugnantistae
625 3566 776 3627 absurdae
792 3565 1053 3644 oonsequeutiae?

132 3647 276 3728 Nunquid
296 3647 445 3710 Luthsrus
463 3650 554 3711 dixit:
591 3649 661 3711 Non
700 3657 747 3711 est
766 3651 864 3709 iustus
897 3650 927 3710 iu
963 3657 1054 3726 terra,

135 3734 190 3812 qui-
208 3732 397 3814 benefaciat,
431 3739 462 3796 st
482 3751 544 3795 nou
566 3741 676 3813 peouot
696 3731 881 3814 aliquando,
917 3750 995 3813 ergo
1017 3731 1053 3792 si·
