2392 4170
403 254 437 308 D.
457 253 491 308 ll.
511 255 588 308 luth.
609 253 792 307 Praeiudinm.
1024 251 1067 317 19

134 426 201 466 sum
225 409 318 486 panis
341 409 438 486 vivus,
461 415 492 469 et
512 428 589 469 uon:
612 408 679 488 Ego
696 426 761 466 sum
779 405 972 486 calixvivus,
995 425 1067 468 oon·
1091 436 1100 450 ·

135 489 250 567 cludat,
276 509 339 551 non
361 492 420 552 nisi
442 511 534 552 unam
549 493 683 571 speciem
705 491 888 550 sacramenti
902 508 957 569 pro
981 490 1067 550 laicis

135 592 173 633 eo
196 573 270 633 loco
293 574 474 638 institutam.
518 574 608 652 Quod
630 590 704 635 vero
721 574 871 653 sequitur:
894 572 974 634 Caro
997 593 1068 635 mec

136 674 208 716 vere
241 663 290 716 est
322 656 426 734 cibus,
462 666 493 717 et
520 659 645 737 sanguis
672 675 759 716 meus
788 675 859 716 vere
887 662 934 716 est
966 664 1068 737 potus,

136 741 225 799 item:
255 739 324 800 Nisi
353 740 609 800 manducaveritis
638 759 761 801 carnem
789 739 841 799 filii
864 739 1010 813 hominis,
1038 746 1068 801 et

137 822 276 882 biberitis
299 825 365 883 eius
396 825 593 904 sanguinem,
626 843 696 884 cum
724 841 780 903 pro
809 830 936 901 utraque
965 825 1067 902 specie

136 905 296 966 videretur
317 906 453 967 fraterno
478 909 611 967 cerebro·
624 908 737 967 invicte
759 915 866 966 contra
884 926 975 966 unam
995 925 1068 986 pug-

136 1008 226 1064 nare,
259 989 312 1049 hui
342 1008 435 1069 quam
462 990 591 1051 feliciter
620 999 651 1050 et
680 989 770 1051 docte
797 990 893 1050 eludit
922 992 952 1048 in
984 989 1066 1049 hunc

136 1071 284 1133 modum:
336 1071 427 1149 Quod
470 1072 606 1135 Christus
650 1074 695 1133 his
738 1073 837 1132 verbis
880 1072 961 1133 aliud
1004 1091 1066 1133 non

135 1156 245 1232 voluit,
272 1174 364 1234 quam
386 1156 438 1235 qui
452 1175 543 1216 unam
556 1157 691 1236 speciem
704 1157 867 1236 acciperet,
889 1156 946 1216 sub
960 1156 1067 1216 eadem

136 1245 302 1317 utrumque
326 1257 449 1299 carnem
474 1247 504 1299 et
526 1242 705 1320 sanguinem
720 1241 881 1320 acciperet.
918 1240 1002 1300 Haeo
1016 1240 1066 1300 ille

135 1341 192 1402 pro
218 1321 423 1383 fundamento
452 1341 509 1384 suo
538 1322 704 1401 infallibili,
739 1329 800 1383 tam
837 1324 928 1402 digus
961 1330 1068 1384 sancta

137 1405 331 1484 coelestique
355 1405 553 1478 observantia
574 1413 754 1467 structurae.

217 1487 272 1547 Ex
293 1489 353 1549 isto
374 1507 456 1548 nunc
479 1489 562 1549 disce
585 1497 616 1549 et
632 1497 664 1550 tu
687 1508 813 1568 quaeso,
836 1508 966 1565 mecum,
985 1490 1067 1550 ctri-

136 1578 214 1631 stnm
241 1590 313 1651 cap.
337 1574 365 1636 6.
386 1571 516 1634 Iohann.
538 1575 717 1653 praecipere
739 1592 831 1633 unam
855 1575 999 1653 speciem,
1023 1576 1067 1634 sio

137 1660 250 1730 amen,
275 1663 309 1714 ut
331 1654 391 1715 hoc
411 1656 511 1735 ipsum
524 1658 702 1736 praecipere
724 1657 762 1715 sit
778 1657 819 1732 id,
842 1657 924 1735 quod
936 1658 1066 1736 relinqui

140 1737 263 1798 arbitrio
286 1737 453 1798 ecclesiae:
475 1737 514 1799 ad
537 1739 614 1800 haec
636 1739 789 1800 Christum
810 1740 841 1798 in
864 1738 972 1799 eodem
997 1759 1064 1820 cap.

140 1820 216 1900 loqui
242 1820 397 1882 duntaxat
420 1820 458 1882 de
481 1822 582 1901 laicis,
606 1841 667 1883 non
692 1823 729 1881 de
752 1823 947 1901 presbyteris.
987 1823 1065 1883 Nam

137 1903 174 1964 ad
195 1904 257 1964 hos
280 1923 344 1965 non
367 1907 499 1986 pertinet
519 1907 608 1986 panis
641 1908 727 1966 vivus
758 1904 795 1964 de
818 1905 923 1983 coelo,
958 1905 987 1965 id
1011 1913 1067 1982 est,
1158 1946 1161 1951 -

135 2007 192 2047 una
212 1989 339 2068 species
362 1991 562 2064 sacramenti,
597 1989 650 2049 sed
681 1988 758 2049 forte
781 1989 867 2067 panis
899 1990 1005 2048 mortis
1029 1989 1067 2049 de

132 2071 262 2133 inferno.
303 2071 366 2131 lam
390 2071 462 2151 quid
485 2071 523 2131 de
541 2071 729 2145 diaconibus,
754 2079 783 2132 et
798 2071 1065 2150 hypodiaconibus

133 2152 200 2214 liet?
232 2155 287 2234 qui
325 2173 424 2234 oeque
447 2155 514 2214 laici
551 2165 637 2230 sunt,
661 2173 760 2233 neque
782 2154 977 2236 sacerdotes,
1007 2155 1064 2217 hos

132 2245 265 2319 oportet,
289 2237 351 2297 hoa
361 2239 474 2297 eximio
488 2243 605 2311 autore,
629 2256 728 2317 neque
740 2258 802 2297 una
819 2257 918 2317 neque
933 2247 1060 2318 utraque

133 2323 234 2400 specie
259 2321 314 2383 uti.
347 2320 505 2401 Intelligis,
528 2325 568 2381 mi
591 2322 720 2398 Tuliohi,
742 2340 859 2381 morem
882 2323 1061 2382 tractandae

134 2403 309 2486 Scripturas
336 2404 583 2465 observanticum
616 2412 647 2465 et
679 2424 803 2464 novum.
854 2403 974 2468 Sedet
1001 2406 1061 2466 hoc

139 2485 239 2564 disces,
263 2487 418 2548 Christum
443 2488 505 2551 lolr.
529 2490 558 2552 6.
581 2487 619 2548 de
641 2495 835 2548 sacramento
859 2489 1061 2549 eucharistiae

138 2568 225 2650 loqui,
256 2589 327 2629 cum
357 2570 425 2652 ipse
453 2571 565 2632 doceat
587 2590 620 2630 se
650 2570 733 2651 loqui
756 2571 793 2631 ds
814 2569 875 2631 fide
910 2573 1060 2632 incarnati

135 2653 229 2727 verbi,
258 2653 380 2713 dicens:
417 2655 485 2715 Hoc
512 2661 559 2715 est
586 2673 664 2734 opus
694 2655 771 2730 Dei,
806 2660 840 2714 ut
870 2656 1001 2715 credatis
1030 2658 1060 2714 in

133 2755 207 2815 enm,
231 2755 326 2815 quem
339 2737 391 2798 ille
403 2739 491 2800 misit.
516 2739 639 2813 Verum,
655 2737 725 2797 huic
737 2737 874 2816 Lipsensi
892 2737 1060 2797 Bibliorum

131 2821 298 2898 professori
311 2819 372 2880 hoc
385 2820 561 2881 donandum
583 2826 639 2897 est,
662 2828 695 2881 ut
707 2841 725 2880 e
736 2820 874 2900 quolibet
887 2820 1061 2900 Scripturas

132 2902 198 2964 looo
211 2903 326 2982 probet
339 2903 507 2982 quodlibet.
530 2905 677 2964 lassentur
691 2903 854 2984 theologus
869 2905 1060 2983 Anaxagori·

132 3004 194 3063 cus,
216 2988 281 3047 imo
297 2986 521 3066 Aristotelicus,
534 2989 583 3047 cui
593 2989 718 3047 nomina
730 2996 760 3047 et
772 2986 865 3046 verba
876 2988 1063 3065 transposita

133 3070 240 3130 eadem
257 3075 291 3128 et
305 3071 409 3129 omnia
421 3069 604 3150 significant.
632 3070 683 3130 Sic
696 3072 777 3131 enim
788 3077 874 3150 aptat
887 3068 1063 3148 Scripturas

132 3153 319 3228 testimonia,
333 3171 388 3232 per
402 3160 499 3213 totum
515 3152 634 3232 librum,
647 3159 689 3230 ut,
702 3155 727 3212 si
739 3153 813 3212 velit
824 3152 965 3232 probare,
981 3152 1063 3212 Obri-

132 3242 208 3295 stum
231 3255 302 3295 esse
323 3237 353 3294 in
370 3244 575 3318 sacramento,
598 3238 679 3296 ausit
697 3237 845 3315 insipere:
869 3235 974 3294 Lectio
993 3233 1060 3293 libri

133 3318 330 3398 apocalypsis
353 3317 433 3379 beati
458 3320 602 3381 lobannis
625 3318 768 3398 apostoli,
794 3336 886 3397 quam
899 3317 979 3378 enim
1003 3317 1063 3376 hoo

133 3401 258 3461 verbnm
281 3408 353 3481 apte
376 3400 544 3480 diceretur,
565 3410 627 3463 tam
651 3421 708 3461 sna
731 3400 872 3460 dicuntur
893 3401 1012 3474 omnia,
1034 3405 1065 3458 et

134 3486 291 3544 existimat
312 3483 406 3546 homo
423 3487 568 3566 prudens,
589 3487 680 3564 copia
697 3484 900 3564 allegatorum
924 3501 959 3542 se
981 3481 1062 3540 hanc

137 3586 222 3628 suarn
246 3569 383 3628 maniam
406 3578 594 3634 ornaturum.

213 3651 379 3713 Praetereo
403 3662 520 3732 cetera,
549 3672 588 3712 ne
617 3658 648 3710 te
670 3668 795 3710 enscem
827 3649 947 3708 sentina
973 3646 1061 3705 huius

133 3736 439 3814 maveolenbssimae
471 3737 610 3798 cloacae.
665 3733 701 3795 In
731 3733 792 3793 line
820 3731 946 3791 Paulum
968 3729 989 3792 l.
1005 3729 1064 3790 (lo-

849 3812 894 3882 2*
