2392 4170
394 248 520 303 Rationis
539 245 714 319 tatomlauas
733 249 783 301 stc.
994 236 1057 307 409

138 410 206 472 tiela
243 419 273 470 et
305 412 492 492 evangelicis
525 418 645 478 sonant.
688 410 880 496 ¹Prophetae
915 414 991 497 ergo
1027 416 1059 475 et

137 495 348 574 evangelistae
391 497 511 560 fuerunt
539 497 769 558 Lovanienses?
819 494 948 559 Prorsus
998 496 1058 581 hoc

135 578 285 639 liutherus
308 581 480 661 ignoravit,
514 601 572 642 nec
601 587 722 662 praeter
748 578 920 658 Lat-omum,
954 579 1059 661 credo,

137 663 224 722 ullus.
239 662 395 725 hominum
419 666 515 743 norit,
535 681 647 745 magno
670 664 828 728 miraculo.
870 664 988 726 Eadem
1014 683 1058 724 ar·
1170 672 1174 681 '

136 747 279 829 rogantia
301 753 357 827 est,
380 748 461 828 quod
485 747 838 829 meamdisputatiouem
862 766 931 809 esse
953 747 1058 808 adver·

136 848 189 890 sus
218 827 376 890 veritatem
406 833 529 905 asserit,
561 851 616 915 per
637 832 795 893 veritatem
818 830 994 893 'infallibilis
1014 832 1058 892 iu·

138 913 199 973 dex
221 920 252 972 et
275 909 472 995 evangelista,
497 910 735 976 Lo'raniensiu'm
766 917 949 976 sentimenta
972 913 1059 974 intel-

138 996 245 1077 ligens.
290 995 380 1073 Quod
402 997 596 1059 statuendum
618 997 767 1059 Lutherus
790 998 898 1060 stultus
923 996 961 1059 ad
984 996 1058 1057 iudi-

138 1078 215 1154 cem,
238 1087 300 1139 non
324 1081 363 1140 ad
385 1090 502 1162 partem
522 1081 821 1162 pertinereputabat.
864 1080 924 1142 sad
947 1086 978 1142 et
998 1078 1059 1142 hoo

138 1160 338 1243 sophisticum
373 1164 569 1245 supercilium
608 1174 638 1225 et
670 1165 928 1226 incendiariorum
960 1162 1058 1226 laetus

138 1253 193 1324 est,
216 1264 279 1306 non
300 1247 394 1308 fuisse
417 1242 642 1329 connivendum
655 1242 807 1310 erroribus
822 1249 908 1326 meis,
931 1236 1058 1322 scilieet,

139 1348 217 1413 quos
241 1330 376 1390 nondum
401 1332 559 1412 quisquam
579 1331 656 1392 tales
670 1330 865 1412 probaverat,
887 1350 945 1392 neo
966 1328 1059 1392 hodie

139 1414 257 1495 probat.
280 1412 341 1474 sed
364 1417 535 1491 senserat,
559 1414 640 1512 quod
663 1417 768 1501 opinio
800 1414 1057 1495 evangelistarum

139 1503 168 1557 et
194 1497 425 1581 prophetarum
455 1493 692 1560 lovaniensium
732 1499 847 1560 'veritas
881 1494 962 1578 erat,
998 1496 1059 1557 illis

139 1580 301 1641 contraria.
934 1638 936 1643 .

220 1661 347 1723 Summa
369 1663 457 1724 huius
481 1658 614 1739 concilii,
636 1664 720 1742 quod
734 1664 881 1725 Latomus
900 1662 959 1725 hac
971 1683 1058 1745 prae·

137 1745 252 1806 latione
282 1744 442 1822 describit,
471 1744 585 1828 liquido
617 1747 710 1808 luisse
732 1749 866 1809 cernitur
887 1749 961 1818 ista:
994 1744 1059 1808 Nos

138 1848 243 1889 sumus
267 1829 403 1911 Magistri
426 1831 542 1906 nostri,
581 1849 639 1890 nos
662 1829 792 1909 iudices,
828 1850 884 1892 nos
906 1850 968 1890 non
1013 1848 1060 1891 os·

139 1931 243 1993 sumus
267 1924 379 1989 errare,
402 1913 491 1974 nobis
515 1911 597 1973 orbis
621 1912 785 1991 obnoxius,
807 1913 954 1994 quidquid
997 1912 1060 1972 ixe-

138 1995 250 2067 rimus‚
288 1995 433 2056 articulus
462 1995 550 2071 fidei,
584 1996 814 2076 evangelicum,
846 1997 1058 2078 propheticum

138 2085 193 2139 est.
239 2077 349 2139 Nonne
371 2079 450 2140 haee
471 2081 501 2140 in
516 2079 632 2142 Libello
649 2099 718 2140 meo
734 2080 882 2140 adversus
896 2099 950 2141 eos
969 2079 1061 2160 plane

135 2159 288 2302 praedixi,
312 2163 450 2240 quaetio
462 2162 624 2223 confitetur
638 2162 804 2225 Latomus?
827 2164 895 2243 Ego
910 2165 935 2223 si
958 2182 1057 2223 essem

156 2245 233 2304 ostis
268 2245 355 2305 huius
388 2245 567 2319 Facutalis,
606 2265 667 2306 non
704 2266 813 2327 queam
849 2247 1059 2307 vehementius

135 2326 279 2388 insectari
294 2327 415 2404 laetum,
434 2329 641 2409 supercilium,
655 2331 875 2407 temeritatem,
896 2330 1059 2408 inscitiam,

136 2408 361 2486 hebetudinem,
386 2411 531 2471 malitiam
553 2412 618 2471 eius
642 2412 773 2489 concilii,
796 2431 886 2493 quam
909 2410 1059 2473 hicLatoss

137 2512 203 2552 mua
226 2492 300 2553 iacit
322 2494 486 2574 magnilica
514 2494 803 2574 istapraefatione,
834 2494 913 2556 adeo
946 2494 1057 2574 singuli

136 2576 240 2656 apices
264 2577 379 2656 spirant
410 2577 587 2657 superbiam
610 2576 827 2657 Moabitioam‚
862 2585 891 2637 et
914 2574 1057 2658 arrogan-

135 2660 206 2718 tiam
230 2657 415 2740 plusquam
439 2659 650 2741 sophisticam.
692 2658 762 2721 Non
785 2661 865 2720 euim
900 2661 988 2721 aliter
1019 2655 1058 2722 de

133 2742 192 2802 ista
216 2745 428 2802 controversia
450 2743 602 2824 loquitur,
638 2761 729 2824 quam
765 2743 790 2802 si
813 2745 934 2823 semper
969 2751 1058 2802 extra

134 2843 259 2884 omnem
283 2826 524 2886 controversiam
547 2834 595 2885 res
619 2827 677 2903 ista
688 2826 803 2901 fuisset,
828 2834 858 2886 ut
880 2845 978 2912 prope
1000 2843 1056 2886 no·

133 2905 180 2966 bis
203 2907 280 2967 deos
304 2909 395 2969 iaciat
415 2909 560 2968 Latomus
583 2916 645 2968 tam
667 2909 804 2990 insignes
827 2909 947 2981 asinos,
980 2902 1057 2969 scili·

134 2996 184 3050 oet
216 2999 334 3051 tantum
373 2993 455 3051 venti
491 2992 589 3071 potuit
624 2991 711 3053 Bulla
754 2992 901 3075 unauni
934 2993 1057 3052 vesicae

133 3072 251 3134 inflare.
530 3085 539 3138 ’,
728 3088 731 3094 ’

216 3155 325 3216 Libros
349 3175 496 3217 erroneos
520 3155 695 3218 exurendos
733 3160 801 3218 esse'
835 3159 996 3220 consentio
1027 3154 1057 3217 et

133 3238 244 3319 p'robo,
267 3238 321 3300 sed
345 3258 406 3300 non
431 3259 501 3318 sos,
524 3259 602 3319 quos
625 3240 761 3300 nondum
784 3241 965 3321 probaveris
988 3238 1056 3301 esse¹

132 3340 297 3397 erroneos,
329 3329 362 3381 ut
385 3325 560 3402 arrogantia
588 3323 806 3405 prophetarum
841 3343 990 3385 novorum
1012 3324 1056 3384 in·

132 3406 229 3479 canit,
257 3423 327 3464 nam
352 3413 381 3464 et
403 3423 462 3486 ego
486 3400 580 3467 libros
603 3425 756 3488 papensss
779 3409 898 3482 exussi,
920 3414 953 3467 ut
975 3406 1055 3467 vide·

132 3492 201 3547 rs'nt
220 3487 358 3568 Magistri
382 3491 496 3568 nostri,
527 3509 588 3550 non
618 3509 687 3550 esse
718 3491 791 3550 artis
821 3492 921 3571 neque
942 3489 1055 3571 ingenii

133 3589 287 3651 papyrum
313 3590 460 3646 exurere,
493 3572 575 3652 quod
609 3572 690 3633 lixae
720 3572 818 3634 nostri
839 3581 868 3631 et
890 3567 1056 3653 pincernae

133 3655 225 3715 etiam
250 3662 389 3732 possunt.
433 3657 514 3735 lguis
533 3655 651 3737 (aiunt)
666 3675 729 3716 non
752 3656 845 3718 solvit
866 3662 1055 3736 argumenta.

133 3735 181 3798 Illi
213 3737 245 3797 in
275 3737 360 3798 Actis
398 3741 447 3804 17.
483 3758 545 3801 uon
582 3742 767 3802 exusserunt
804 3738 916 3821 libros,
955 3737 1056 3801 donec
