2392 4170
435 271 566 333 ministris
583 272 727 333 ecclesiae.
896 276 899 281 ’
992 272 1055 340 525

133 445 214 508 aliud
236 445 427 526 sacrificium,
451 465 542 525 quam
566 465 677 526 corpus
700 445 864 509 cuiuslibet
878 441 1051 523 Christiani,

132 549 193 591 non
217 549 310 610 posse
333 549 436 610 orare,
460 530 516 590 nisi
539 529 638 590 solum
663 529 892 610 Christianum,
916 545 976 586 non
1000 524 1052 586 de·
1137 597 1141 605 ¹

131 612 205 688 bere
223 613 360 675 iudicare
388 613 426 674 de
455 611 601 674 doctrinis
631 614 687 672 nisi
711 611 925 674 Christianum.
968 609 1054 670 Haec

132 703 234 758 autem
257 706 329 759 sunt
353 696 557 758 sacerdotalia
585 699 616 756 et
637 695 763 776 regalia.
808 696 869 756 Aut
896 712 970 774 ergo
992 691 1052 754 Pa·

111 775 191 861 pae
212 781 274 841 alia
296 778 407 867 officia„
420 779 614 842 sacerdotum
638 779 811 860 ostendant,
834 785 888 839 ant
909 775 1054 837 sacerdo-

132 861 205 924 tium
229 864 403 944 resignent,
424 883 543 942 rasura,
574 869 724 942 unctura,
747 864 893 923 vestitura
922 860 1054 941 aliisque

132 947 288 1009 hominurn
311 948 530 1027 superstitione
551 945 732 1006 introductis
761 946 867 1006 ritibus
893 943 967 1004 nihil
990 964 1054 1003 mo·
1142 952 1145 956 '

132 1050 254 1108 vamur,
285 1030 403 1091 etiamsi
426 1030 552 1111 angelus
575 1027 613 1090 de
641 1028 730 1090 coelo
754 1029 928 1112 tradiderit,
956 1027 1058 1087 multo

132 1115 252 1192 minus,
279 1114 304 1173 si
326 1115 468 1193 antiquus
491 1133 579 1191 usus,
614 1112 777 1174 multorum
802 1113 908 1193 opinio
950 1116 981 1171 et
1008 1130 1053 1171 re-

132 1209 222 1278 cepta
244 1198 391 1258 autoritas
413 1199 458 1258 sic
479 1197 601 1261 sentiat.

215 1313 262 1374 aa
285 1314 331 1374 his
354 1313 496 1375 omuibus
519 1313 613 1375 credo
638 1312 848 1374 confirmatum
885 1332 953 1374 esse
988 1330 1053 1393 eos,

133 1399 183 1477 qui
211 1399 409 1458 sacramentis
444 1407 473 1457 et
503 1398 596 1458 verbo
625 1399 704 1458 inter
734 1398 866 1478 populos
899 1404 1053 1477 praesunt,

133 1500 194 1542 noo
233 1498 326 1560 posse
363 1499 421 1541 nee
451 1481 562 1542 debere
595 1479 772 1542 sacerdotes
805 1483 918 1544 vocari.
962 1477 1053 1554 Quod

133 1571 233 1625 autern
257 1562 434 1627 sacerdotes
448 1573 606 1638 vocantur,
628 1563 658 1624 id
670 1565 717 1624 vel
741 1583 781 1624 ex
803 1563 961 1645 gentilium
986 1565 1053 1644 ritu,

132 1646 182 1708 vel
206 1666 245 1707 ex
266 1645 667 1727 Iudaicaegentisreliquiis
684 1654 839 1727 sumptum
863 1654 919 1727 est,
944 1644 1055 1706 deinde

134 1729 270 1791 maximo
291 1728 442 1791 eeclesiae
466 1727 665 1792 incommodo
694 1733 867 1810 probatum.
911 1729 1053 1808 Ceterum
1103 1740 1105 1744 '

132 1814 218 1874 iuxta
239 1813 434 1893 evangelicas
458 1813 559 1889 literas
576 1814 711 1891 Ministri,
734 1813 874 1894 Diaconi,
896 1813 1054 1894 Episcopi,
1152 1853 1153 1858 κ

108 1926 117 1974 J
132 1893 373 1976 Dispensatorss
396 1898 518 1957 rectius·
538 1897 777 1975 nominarentur,
801 1898 850 1977 qui
874 1901 904 1956 et
919 1897 958 1956 ob
972 1898 1058 1956 aetass

130 1987 191 2040 tem
217 1978 389 2061 Presbyteri
412 1981 535 2059 saepius
557 1985 715 2042 vocantur.
759 1980 811 2040 Sic
839 1981 921 2040 enim
943 1979 1053 2040 Paulus
1128 1987 1156 1997 ·’

95 2064 97 2069 ’
131 2063 158 2127 1.
182 2063 362 2128 Corinth.4
391 2063 478 2124 dicit:
523 2062 573 2124 Sic
612 2081 670 2123 nos
702 2064 855 2124 existimet
888 2063 981 2123 homo
1023 2069 1056 2143 ut
1133 2130 1137 2137 ,

131 2147 286 2208 ministros
309 2146 421 2208 Christi
444 2155 475 2207 et
496 2146 726 2226 dispensatores
748 2147 963 2227 mysteriorum
983 2146 1053 2229 Dei,

131 2246 193 2290 non
216 2231 267 2305 ait,
292 2236 325 2289 ut
347 2231 524 2292 sacerdotes
548 2229 675 2308 Christi,
704 2226 786 2310 quod
817 2249 929 2290 nomen
952 2242 1054 2291 sacer·
1136 2240 1162 2305 ἰ,

95 2338 97 2343 ’
131 2312 211 2375 dotis
243 2319 274 2373 et
309 2310 442 2372 officium
474 2315 565 2373 sciret
593 2314 735 2374 omnibus
778 2333 846 2374 esse
880 2332 1080 2388 commune„

130 2394 209 2458 Inds
230 2392 360 2457 celebris
381 2396 434 2479 illa
456 2414 517 2456 vox
541 2396 640 2456 Pauli:
674 2395 863 2476 dispensatio
881 2417 938 2458 seu
964 2415 1054 2458 oeco-
1104 2392 1130 2427 ·’

131 2479 473 2559 semiaministerium,
492 2479 637 2554 minister,
651 2499 767 2557 servus,
789 2482 890 2542 servio
902 2482 932 2541 in
951 2479 1054 2541 Evan-

132 2563 297 2644 gelioetc,
320 2571 354 2637 ut
364 2563 475 2641 ubique
491 2574 551 2623 non
565 2569 688 2639 statum,
699 2563 904 2640 ordinem,ius
922 2583 975 2624 seu
990 2563 1054 2643 diga

132 2648 258 2708 nitatem
272 2646 423 2727 quandam
449 2644 499 2728 (ut
519 2647 616 2707 nostri
639 2645 759 2726 volunt)
771 2649 911 2727 erigeret,
935 2646 988 2707 sed
1011 2648 1054 2708 oi-

119 2725 235 2812 'iicium
257 2738 288 2792 et
310 2740 388 2810 opus
412 2736 528 2791 tantum
553 2730 793 2809 commendaret,
816 2734 880 2791 iure
904 2738 934 2792 ct
956 2731 1070 2812 digni»
1153 2792 1155 2797 ,

92 2885 96 2892 p
132 2821 196 2884 tate
217 2813 380 2881 sacerdotii
404 2815 433 2874 in
458 2813 612 2874 communi
635 2812 755 2875 relictis.

200 2930 307 3007 ¹Quod
338 2933 361 2992 si
385 2932 514 2994 ministri
534 2937 653 2992 tantum
682 2937 775 3012 sunl,
806 2933 865 2993 iam
897 2933 976 3012 perit
1002 2931 1053 2991 iilo
1146 2970 1149 2975 -

133 3013 292 3077 character
320 3015 503 3094 indelibilis,
542 3021 573 3076 et
599 3017 762 3076 aeternitas
804 3014 856 3075 illa
871 3032 873 3037 ’
891 3015 1053 3091 sacerdotii

134 3097 217 3159 nulla
238 3098 296 3174 nisi
319 3097 391 3159 licta
413 3106 468 3177 est,
492 3098 546 3160 sed
568 3099 682 3180 deponi
701 3099 853 3167 ⁴minister·
875 3105 993 3180 potest,
1028 3101 1053 3160 si

109 3181 231 3243 -fldelis
254 3200 323 3243 esse
345 3179 474 3260 desinat,
497 3202 615 3243 rursum
644 3182 712 3243 ferri
734 3183 765 3242 in
789 3182 972 3260 ministerio,
1003 3181 1055 3253 do·
1083 3178 1086 3183 ’

128 3284 191 3325 ‘neo
214 3266 261 3326 nel
284 3265 429 3326 meruerit
451 3265 498 3325 vel
524 3266 712 3328 universitati
729 3266 879 3327 ecclesiae
897 3265 1054 3347 placuerit,
1138 3343 1142 3349 ἢ

134 3349 212 3408 sicut
233 3349 331 3427 quivis
353 3349 429 3408 alius
452 3348 700 3413 civiliumrerum
713 3351 792 3415 inter
814 3349 921 3412 iratres
945 3368 1097 3428 aequa-1>

135 3430 178 3492 les
202 3429 438 3506 administrator,
460 3432 522 3493 imo
546 3431 595 3504 hic
617 3434 753 3494 minister
770 3434 935 3514 spiritualis
958 3431 1063 3492 multo·

134 3521 181 3576 est
203 3513 363 3590 mobilior,
391 3532 482 3657 psam
506 3514 583 3575 ullus
604 3516 719 3597 civilis,
744 3524 858 3597 quanto
881 3515 1054 3578 intolerabi-

134 3598 192 3662 lior
212 3603 267 3679 est,
290 3597 316 3657 si
338 3594 391 3657 iofl
415 3596 470 3658 elis
498 3597 602 3679 fuerit,
625 3617 717 3679 quam
739 3600 862 3681 civilis,
891 3601 942 3682 qui
964 3599 1055 3677 rebus
1110 3641 1114 3645 -

131 3689 249 3750 mutum
272 3680 362 3745 huius
385 3681 466 3743 vitae
488 3698 601 3744 nocero
622 3687 748 3766 potest,
780 3684 828 3747 hic
860 3703 934 3749 vero
958 3694 1070 3747 astans
