2392 4170
353 233 498 293 inomni
518 237 775 308 calasrani.
964 223 1025 301 89'1

97 391 236 450 omnium
259 409 396 455 summus
419 401 449 455 et
471 396 623 455 maximus
644 396 818 476 imperarat,
842 392 941 471 (sieut
955 391 1026 452 dioi-

99 480 157 543 tur‚
181 492 318 534 summus
341 486 371 538 et
394 479 544 538 maximus
566 478 740 557 Pontifex).‚
762 479 793 538 in
816 477 1026 557 purgatorium

98 559 204 636 eoepit
226 576 335 618 manus
359 562 542 639 extendere,
574 561 628 622 sed
655 568 688 622 et
714 560 832 641 angelis
866 576 959 620 ausus
980 564 1029 619 ert

98 639 259 718 nudare,
282 649 312 700 et
333 643 365 705 in
388 647 524 705 omnium
549 646 754 706 eonaoieutiaa
777 646 901 721 irruere,
924 661 964 702 ne
985 642 1028 704 ni·

98 722 144 784 bil
164 731 257 799 asset,
280 727 364 803 quud
387 729 567 808 magnitudo
601 727 703 789 sordis
731 728 795 788 eins
817 745 880 788 nou
902 724 1029 786 auderet

99 806 256 869 invadere.
300 807 403 872 Vinoit
414 812 494 873 baso
505 811 694 873 abominatio
716 809 922 891 incogitabilis
936 809 1029 891 plane

99 890 238 951 omnium
261 901 394 971 nuptum,

490 1021 648 1103 Sequitur:

183 1129 229 1190 Et
260 1131 297 1189 in
321 1148 510 1190 sueoessu
537 1128 717 1190 vastabit
745 1127 944 1208 plurimos.

184 1247 367 1308 Bnouessum
391 1254 482 1306 voest
511 1265 610 1307 rerum
643 1247 778 1306 omniurn
809 1243 1029 1306 abundantiam

100 1332 155 1408 (nt
174 1336 279 1391 noster
292 1337 375 1390 reate
388 1329 509 1411 vertit),
532 1330 722 1390 oonouloatis
738 1330 818 1389 euim
831 1324 936 1406 verbo,
959 1325 1029 1407 uuo,

99 1413 264 1494 Scripturis
289 1421 319 1472 et
342 1413 477 1473 omniurn
502 1412 644 1474 omnibus
664 1411 721 1472 sibi
745 1409 906 1485 subieritis,
936 1410 1029 1491 plane

101 1495 244 1557 omnibus
267 1494 411 1556 abundat.
455 1495 532 1571 Quis
562 1498 641 1556 enim
665 1501 712 1555 tot
733 1513 825 1577 opes,
855 1499 902 1554 tot
922 1492 1030 1575 volup·

99 1587 190 1654 tates,
212 1586 259 1641 tot
282 1580 415 1640 honores
439 1579 540 1658 habet,
563 1585 596 1638 ut
612 1597 695 1660 papa
716 1586 746 1639 et
760 1571 1031 1659 papistinasebta?

100 1662 213 1725 Nonne
235 1664 338 1722 omnin
353 1661 512 1741 optimain
536 1661 651 1722 mundo
674 1659 898 1723 suntillornm?
920 1657 1031 1720 Nonne

101 1761 139 1806 ea
161 1746 355 1806 securissime
377 1745 561 1824 possident?
583 1744 694 1805 Nonne
716 1743 762 1804 bis
775 1743 950 1804 felicissime
972 1742 1030 1803 iru'·

101 1836 191 1889 untur
212 1830 243 1889 in
267 1848 390 1888 omnem
413 1847 570 1909 pompam,
582 1827 745 1906 luxuriam,
768 1824 890 1903 fastum
913 1824 1030 1904 etquid

99 1911 222 1972 diuam?
245 1913 374 1979 Mundus
398 1913 421 1970 si
445 1913 596 1992 papistioo
619 1929 716 1991 regno
739 1916 944 1991 comparetur,
968 1928 1031 1969 sor-

99 1994 163 2074 det,
186 2001 217 2054 et
238 2014 277 2054 ne
301 1991 432 2053 mundus
447 1995 568 2073 quidem
593 2014 661 2054 esse
683 1991 811 2059 videtur.
855 1991 936 2068 Quid
949 1992 1029 2051 enim

101 2069 184 2138 aliud
206 2076 330 2153 feneret,
355 2079 405 2138 nbi
428 2095 487 2136 neo
511 2077 603 2138 verbo
629 2095 686 2137 neo
698 2075 855 2157 Scriptura
867 2081 1031 2151 teneret-ur,

103 2168 134 2222 et
155 2161 298 2221 omnibus
322 2163 425 2221 omnia
447 2180 502 2240 pro
525 2162 571 2220 sui
588 2179 698 2220 sensus
720 2159 845 2221 libidine
865 2160 1032 2239 imperaret

103 2251 133 2304 et
155 2243 426 2324 interpretaretur?
454 2242 512 2318 Qui
535 2241 640 2324 suntl)
670 2242 712 2303 illi
736 2243 838 2320 multi,
867 2261 944 2322 quos
966 2258 1032 2301 suo·

103 2345 209 2388 nessus
231 2327 341 2407 perdat
363 2333 393 2386 et
416 2333 606 2407 corrumpat,
638 2325 722 2386 malo
747 2328 894 2405 cuiusque
915 2323 1031 2384 iudiolo

101 2409 285 2490 relinquere,
309 2428 399 2489 quam
423 2411 490 2490 ipse
511 2410 663 2490 persequi.
708 2408 916 2470 Gurdinalium
939 2408 1031 2478 eninr,

102 2495 331 2575 episeopornm‚
348 2491 581 2571 monachorum,
603 2491 798 2552 sacerdotnm
824 2490 934 2572 vulgus
958 2489 1031 2569 quid

103 2586 151 2637 ast
173 2576 256 2637 alind
278 2592 371 2655 quam
393 2575 525 2657 populus
547 2592 664 2655 papae,
698 2577 779 2653 otio,
804 2573 930 2654 opibus,
953 2581 1032 2633 satu·

102 2662 210 2738 litote,
232 2661 406 2739 securitate,
429 2660 519 2735 luxu,
541 2656 667 2717 libidine
688 2657 841 2737 perditus,
872 2658 938 2717 sibe
960 2655 1032 2736 ilde,

104 2744 171 2803 sine
193 2742 305 2820 verbo,
335 2743 400 2802 sine
423 2741 603 2821 seripturis,
626 2742 693 2801 sine
714 2740 841 2820 labore,
872 2742 938 2799 sine
960 2757 1033 2800 eura

104 2827 198 2886 vitain
221 2827 311 2886 istam
334 2827 434 2885 earnis
455 2823 609 2905 perdens?
632 2822 695 2885 Hos
709 2825 791 2885 enim
813 2825 844 2882 in
858 2825 919 2882 suis
942 2832 1034 2899 quot-

104 2928 165 2990 que
193 2903 350 2970 ordinibus
383 2909 469 2970 lovst
495 2914 526 2967 et
558 2914 651 2987 auget
686 2905 867 2988 magnificus
896 2907 954 2964 iste
977 2924 1033 2965 rex

104 2993 250 3053 labienum
296 2991 375 3052 dolis
412 2999 442 3052 et
484 2990 666 3070 mendaciis,
712 3010 729 3050 e
759 2987 965 3071 spiritualibus
1003 2994 1034 3048 et

104 3074 322 3137 ecelesiastiois
344 3074 460 3135 faciens
489 3074 602 3154 septies
633 3073 773 3134 bannales
796 3082 826 3134 et
849 3070 1032 3149 mundanos,

104 3157 162 3220 snb
185 3160 288 3240 speeie
310 3159 432 3238 pietatis
455 3164 486 3218 et
507 3157 665 3237 religionis
687 3156 875 3219 insedentes.

493 3312 649 3399 Sequitur:

158 3438 203 3500 Et
225 3444 359 3498 eontra
381 3438 579 3517 pinnipem
602 3433 823 3518 principum
845 3433 982 3504 stabit.

189 3567 275 3628 Haeo
297 3573 344 3625 est
366 3585 486 3626 summa
502 3584 698 3643 summarum,
721 3563 803 3648 quud
820 3563 940 3626 Christo
964 3564 1035 3632 resi·

162 3743 194 3809 1)
216 3739 248 3798 ln
266 3738 310 3799 ed.
330 3690 491 3798 deuastat.
