2392 4170
414 273 593 332 DoctMart.
611 268 693 330 Loth.
956 250 1019 333 249

98 445 275 525 praecepte,
297 447 330 501 ut
350 439 455 504 luban.
483 444 507 504 t.
534 439 620 500 dicit:
664 438 728 500 Lex
750 454 805 519 per
821 434 928 507 Mosen
947 435 1022 523 data

100 533 156 606 est,
180 523 382 605 Evangeiinm
423 524 515 586 habet
536 522 683 604 gratiam,
715 523 794 584 sicut
826 520 905 584 idem
931 520 1018 586 dicit:

100 608 207 672 Gratia
228 614 259 670 et
282 609 392 669 veritas
414 627 471 689 per
493 605 594 669 iesum
610 605 760 668 Christum
782 605 865 667 facte
887 613 941 670 est.
971 606 1023 677 Vi-

99 693 225 754 desmus
246 692 366 773 itaque,
388 693 439 771 qui
462 693 500 752 sit
522 710 682 752 successus
705 710 826 768 corum,
863 690 913 769 qui
943 691 1021 751 ultra

100 775 252 839 Christum
274 775 380 836 volare
402 781 617 855 praesumunt,
646 793 707 855 quo
730 792 784 835 eos
807 778 887 834 rotet
908 775 1020 853 impiae
1063 782 1067 786 ’
1135 847 1137 852 ,
1171 745 1174 750 ¹

100 858 356 942 praesumptionis
384 877 476 921 error.
521 858 554 922 Si
584 859 664 919 enim
686 857 818 940 probare
852 858 1021 937 poterimus

102 962 163 1004 non
185 961 253 1003 esse
276 942 416 1023 consilia,
438 962 518 1022 quae
539 942 708 1003 iiiiiactnnt
721 949 750 1003 et
771 947 896 1018 vovent,
918 958 1021 1002 nonne

100 1026 364 1106 deprehendemus
396 1045 450 1087 eos
488 1024 703 1087 damnabiliter
723 1042 841 1101 errare,
873 1032 904 1086 et
931 1043 1023 1106 super

100 1109 263 1171 mendacia
283 1109 447 1190 impietatis
470 1112 523 1171 niti
535 1128 640 1183 eorum
655 1109 750 1171 vote?
791 1107 869 1168 Nem
884 1127 1022 1170 asserere
1050 1164 1053 1169 .

100 1193 240 1272 consilia,
262 1212 342 1272 quae
364 1193 493 1254 consilia
513 1212 574 1255 non
590 1184 677 1275 ¹sunt,
699 1201 730 1253 et
753 1192 855 1253 divine
876 1191 1022 1253 mandata

100 1277 238 1358 solvere,
261 1276 333 1355 quid
356 1283 402 1337 est
425 1278 482 1338 nisi
505 1279 665 1338 veritatem
688 1277 744 1359 Dei
766 1294 898 1357 negare,
939 1282 970 1336 ει
989 1276 1021 1336 in

100 1359 293 1421 mendacium
316 1367 443 1437 mutare,
466 1361 527 1422 imo
551 1367 581 1421 et
593 1358 691 1422 Deum
706 1357 943 1437 blasphemare?
972 1357 1021 1420 An

99 1463 161 1505 uon
185 1451 232 1505 est
254 1442 454 1524 blasphemis,
478 1444 502 1504 si
526 1445 608 1504 Dens
631 1443 728 1505 dicat:
765 1442 835 1504 Hoc
857 1449 904 1504 est
921 1460 1022 1502 meum

100 1535 310 1608 praeceptum,
334 1535 364 1588 ει
386 1527 429 1587 iiii
452 1527 554 1588 dicant
575 1529 606 1588 in
629 1529 754 1589 nomine
767 1527 890 1587 Domini
915 1531 1024 1586 contra

100 1630 184 1671 euru:
226 1610 296 1671 Non
319 1617 367 1671 εει
388 1617 603 1693 praeceptum,
627 1610 681 1672 sed
704 1609 886 1671 consilium?
932 1608 972 1669 Ει
992 1609 1023 1668 in

100 1695 158 1754 bac
181 1699 211 1754 et
233 1711 324 1774 super
346 1694 404 1754 hac
427 1694 617 1774 blasphemia
631 1694 754 1755 tandem
778 1712 893 1755 vovere
916 1710 1022 1753 mona·

100 1778 213 1856 sticen,
245 1784 276 1838 et
299 1777 389 1838 stibio
413 1778 521 1839 oculos
543 1779 678 1858 pingere,
702 1796 798 1856 osque
819 1782 956 1854 tergere,
993 1782 1023 1836 et

100 1860 216 1920 dicere:
261 1861 329 1922 Nou
364 1861 423 1922 feci
446 1861 575 1939 maium,
612 1862 665 1922 sed
695 1860 819 1922 bonum.
862 1858 940 1919 Nam
963 1858 1023 1919 hac

100 1943 250 2024 sacrilege
282 1950 313 2005 et
341 1943 521 2025 blasphema
550 1945 739 2006 conscientia
768 1962 881 2004 vovere
904 1954 1028 2017 omues,

101 2028 149 2106 qui
174 2028 303 2088 consitis
325 2046 393 2089 esse
416 2029 550 2089 sentiunt
569 2035 736 2109 praecepte
761 2026 836 2105 Dei,
869 2026 936 2105 quis
958 2044 1022 2086 non

100 2109 261 2191 inteiligit?
306 2110 439 2173 Attalis
467 2118 538 2172 sunt
567 2119 650 2173 certe
675 2130 757 2172 nunc
786 2110 920 2170 omnium
942 2108 1022 2170 Reli-

100 2196 256 2273 giosorum
289 2201 377 2273 vota,
401 2195 509 2273 quibus
533 2214 680 2275 persuasa
703 2201 750 2254 est
771 2193 849 2254 haec
871 2192 1020 2273 sacrilega

101 2284 132 2335 ει
153 2274 333 2354 blasphema
354 2279 508 2339 sententia
531 2278 569 2339 de
591 2278 727 2340 consiliis
746 2285 775 2338 et
796 2277 980 2358 praeceptis.
1008 2286 1021 2299 ·

183 2358 349 2436 Pergamus
381 2360 485 2438 itaque
520 2360 600 2422 banc
643 2363 830 2442 impietatem
874 2357 1022 2423 revelare.

101 2440 246 2514 Consilia,
271 2460 350 2520 qnae
371 2441 413 2501 illi
427 2442 557 2522 tingunt,
578 2443 675 2503 ferme
688 2449 768 2519 sunt,
791 2461 869 2523 quse
884 2441 1022 2503 Christus

100 2524 205 2584 Matth.
230 2523 258 2588 5.
282 2525 382 2601 docet,
405 2542 548 2587 nonessc
567 2524 793 2601 vindicandum,
815 2542 877 2585 non
894 2523 1022 2584 redden·

101 2609 172 2668 dnm
196 2608 309 2668 malum
332 2626 387 2687 pro
410 2608 507 2688 meio,
537 2627 600 2668 uon
630 2607 876 2669 contendendum
899 2606 1023 2686 indicio,

101 2690 311 2751 dimittendum
343 2698 373 2751 ει
393 2691 518 2772 pallium
544 2690 648 2752 ablat—a
669 2691 791 2766 tunica,
813 2688 1022 2770 praebendam

101 2774 228 2834 alteram
251 2774 419 2854 maxillam,
442 2776 564 2856 cogenti
588 2773 626 2836 ad
648 2793 742 2835 uuum
756 2773 874 2834 miliare
890 2771 1023 2832 eundum

100 2866 130 2916 et
152 2856 213 2916 alia
235 2857 295 2918 dno
327 2877 395 2918 eum
420 2876 472 2937 eo,
507 2856 538 2918 ei
572 2858 697 2918 omnino
731 2875 793 2918 non
821 2854 1023 2917 resistendum

101 2940 193 3015 malo,
213 2946 244 3001 et
267 2940 449 3001 benevolum
472 2961 542 3002 esse
562 2940 738 3002 adversario
760 2941 790 3001 in
815 2941 873 3019 via,
894 2939 967 2997 item
981 2937 1023 2998 di·

101 3023 242 3103 ligendos
269 3043 338 3084 esse
364 3024 520 3103 inimicos,
557 3022 810 3086 benefaciendum
839 3019 1023 3104 odientibus,
1080 3043 1082 3047 ’

100 3107 249 3166 orandum
271 3127 327 3187 pro
339 3107 592 3189 persequentibus
614 3113 646 3169 et
658 3104 928 3183 calumniantibus,
950 3103 1022 3164 item

101 3188 234 3264 dandum
270 3192 365 3270 gratis
398 3192 481 3252 omui
516 3193 632 3272 petenti
669 3197 700 3251 ει
730 3197 866 3252 mutuum
890 3185 1022 3247 dandum
1117 3230 1125 3245 ε

101 3274 205 3353 gratis,
230 3273 390 3334 vendenda
407 3281 437 3335 et
447 3273 648 3355 relinquenda
661 3275 774 3353 omnis,
797 3279 827 3333 et
839 3268 1022 3332 veniendum

100 3363 172 3436 post
194 3356 356 3433 Christum,
379 3357 520 3418 omnibns
544 3376 613 3419 sese
630 3358 807 3419 submittere
820 3355 912 3416 etiam
924 3353 1022 3434 indig-

101 3438 246 3503 nioribus.
300 3439 353 3499 His
386 3439 465 3501 adde
496 3441 700 3521 virginitatem
739 3447 770 3502 ει
792 3439 1023 3513 continentiam,

102 3531 171 3582 sunt
193 3523 243 3601 qui
264 3522 323 3582 huc
345 3529 530 3584 accenseant
551 3528 583 3585 ct
603 3523 808 3586 beatitudines
830 3517 1023 3583 octoManh.

101 3610 130 3676 5,
153 3623 191 3665 ne
213 3623 275 3666 nou
306 3606 487 3667 omnia³Dei
519 3606 664 3667 mandata
693 3607 816 3666 solvant
846 3610 877 3664 ει
897 3606 1022 3682 negent.

102 3688 152 3830 Dpl
170 3689 312 3750 castitate
346 3696 378 3750 nt
400 3690 440 3749 sit
461 3689 637 3762 consilium,
653 3696 781 3771 postea,
803 3705 885 3747 nuuc
906 3685 1024 3765 reliqna

101 3789 270 3834 visamus.
