2392 4170
448 252 530 311 Dect.
549 251 627 310 Mart.
646 248 727 310 Luta
990 248 1053 341 269

132 417 358 499 provenientes.
387 418 559 496 Memento,
581 417 723 496 inquam,
745 416 872 497 horum,
904 435 975 478 nem
1004 415 1054 478 hic

132 507 181 562 est
202 501 386 584 spiritus*),
408 502 459 580 qni
481 499 567 562 flavit
586 502 618 561 in
640 500 764 583 foenum
787 506 929 563 votorum
950 506 982 561 et
999 497 1053 562 flc-

131 603 196 646 rem
219 602 336 664 eorum,
358 594 391 646 et
412 583 581 646 exsiccabit
597 583 631 664 ξ)
653 583 795 663 foenum,
824 591 856 645 et
877 581 968 644 cadet
994 580 1053 644 flos

132 686 247 731 cornus.
290 666 361 729 Non
383 668 527 747 humone,
549 666 603 727 sed
627 666 730 728 divina
751 675 832 747 sunt,
855 666 964 746 quibus
986 667 1052 727 niti·

133 772 206 814 mur.
251 750 318 812 Stet
340 753 431 834 enim,
453 761 524 813 ante
546 749 637 811 fldem
662 756 693 812 et
714 751 780 811 sine
797 749 858 812 fide
880 749 1054 812 Christiane

133 833 309 896 vivificante
330 835 383 895 iiia
411 842 441 895 et
475 836 594 914 optima
625 851 688 894 non
718 832 811 895 modo
840 835 1053 895 remissionem

131 925 326 999 peccatorum
349 924 402 979 aut
423 917 642 978 conscientiam
666 916 779 979 bonam
802 904 966 998 per‘cpera
1000 923 1054 979 aut

134 1011 206 1061 vcta
227 999 293 1061 fieri
315 1020 378 1062 non
400 1020 504 1082 posse,
538 1000 592 1061 sed
614 1003 790 1062 necessario
820 1007 950 1081 peccata
980 1018 1049 1061 esse

153 1102 211 1146 uae
232 1082 317 1145 finnt.

131 1103 150 1164 q
214 1166 271 1227 Hic
292 1168 352 1228 iem
375 1166 503 1248 videbis,
526 1185 586 1245 qna
607 1167 721 1247 pietate
748 1169 798 1229 isti
827 1174 963 1229 voveant
995 1186 1052 1229 suc

134 1257 218 1327 vote,
245 1258 276 1311 et
297 1268 376 1330 quae
398 1252 437 1311 eit
458 1249 535 1311 fides
558 1268 664 1321 eorum
691 1250 860 1330 generalis,
875 1251 1051 1333 ,acquisita

24 1386 26 1392 .
133 1334 248 1410 infusa,
277 1335 307 1394 in
331 1353 392 1413 qua
412 1332 830 1412 vovent,en1udaeosvel
861 1333 1051 1396 Christianos

134 1436 188 1477 ece
216 1418 392 1478 existimare
413 1416 536 1479 debeas.
584 1417 696 1478 Penius
722 1415 793 1477 dicit
822 1416 861 1477 ed
891 1414 992 1482 Galat.
1015 1419 1050 1485 3:

75 1562 83 1575 ,
132 1499 195 1560 Lex
228 1519 289 1560 non
318 1507 365 1561 eet
391 1520 431 1561 ex
460 1499 538 1578 fide,
568 1508 598 1560 et
626 1497 814 1583 iterum**):
836 1499 885 1560 Ex
908 1500 1053 1580 operibus

83 1612 88 1621 ·
134 1583 211 1662 legis
234 1601 295 1644 non
318 1582 499 1645 iustificetur
532 1585 631 1644 omnis
666 1602 738 1645 cero
769 1602 873 1645 coram
906 1584 970 1647 iiic.
1013 1582 1054 1645 Et

133 1669 184 1747 qni
206 1667 351 1728 iustitiam
375 1668 450 1746 legis
473 1673 637 1745 sectantur,
658 1668 689 1727 iu
711 1667 858 1737 iustitiam
882 1666 959 1746 legis
987 1685 1049 1727 non

133 1751 322 1830 perveniunt.
366 1749 454 1826 Quae
479 1751 583 1810 omnia
609 1767 679 1810 cnm
707 1748 961 1829 praecedentibus
992 1749 1052 1811 hcc

133 1833 293 1894 definiunt:
327 1831 386 1908 Qui
408 1834 637 1910 remissionem,
670 1833 911 1894 satisfactionem
941 1852 1049 1914 pecca·

133 1925 249 1997 torum,
271 1917 517 1978 testificationem
542 1917 629 1977 elteri
651 1933 741 1995 quem
764 1915 836 1976 fidei
857 1916 915 1977 soli
940 1917 1051 1978 tribue·

132 2001 179 2078 rit,
201 2007 233 2061 et
253 2000 375 2063 aliunde
397 2019 489 2081 qnam
510 1998 679 2080 perfidem
701 2001 881 2079 quaesierit,
899 1999 948 2060 hic
965 1998 1052 2063 Chri-

132 2087 212 2146 stum
235 2086 369 2164 negavit,
391 2085 520 2166 gratiam
544 2080 674 2164 abiecit,
697 2090 728 2144 et
750 2083 950 2166 Evangeiium
982 2083 1051 2145 reii-

133 2169 197 2246 quit
213 2174 366 2247 apostate.
420 2167 471 2229 Sic
507 2168 587 2228 enirn
621 2167 733 2227 Paulus
766 2165 885 2228 Galatis
916 2169 1050 2248 intonat,

134 2250 280 2329 Agnetis
304 2248 471 2328 excidistis,
504 2253 619 2330 quiex
651 2250 719 2331 lege
750 2249 965 2319 instificemini.
1010 2255 1052 2312 At

134 2339 206 2392 rote
227 2339 259 2392 et
280 2350 376 2412 opera
397 2342 537 2394 votorum
560 2332 611 2394 lex
633 2341 664 2394 et
686 2352 782 2415 opera
796 2343 876 2415 sunt,
898 2334 1051 2398 confides

131 2434 190 2475 nec
211 2434 251 2475 ex
273 2413 343 2481 fide.
387 2414 468 2491 Quid
489 2423 536 2477 est
557 2417 638 2477 enim
659 2427 765 2479 votum
788 2420 846 2480 nisi
874 2419 925 2480 lex
957 2437 1051 2500 quae-

133 2498 226 2560 dem?
249 2504 326 2559 teste
347 2499 548 2579 ipsorummet
569 2517 656 2580 voce,
677 2519 738 2580 qna
759 2499 880 2563 dicunt:
913 2499 949 2564 Id
967 2502 1051 2584 quod

133 2591 205 2644 ante
228 2587 332 2644 vetum
356 2582 484 2644 liberum
506 2590 585 2659 eret,
607 2591 679 2662 post
702 2591 808 2644 votum
843 2588 1050 2648 necessarium

133 2679 196 2747 ear,
226 2675 256 2728 et
287 2668 348 2727 iem
381 2684 443 2728 non
475 2665 650 2747 consilinm,
682 2665 737 2728 sed
767 2676 964 2749 praeceptum
992 2676 1050 2734 est.

133 2749 192 2826 Qui
214 2769 288 2832 ergo
312 2769 350 2812 ee
370 2751 517 2832 opinione
538 2757 664 2832 vovent,
687 2761 720 2812 ut
740 2769 796 2832 per
817 2751 877 2813 hoc
898 2752 979 2813 vitae
999 2772 1050 2835 ge·

135 2853 191 2894 nus
214 2833 287 2895 boni
309 2841 340 2895 et
361 2834 439 2895 salvi
460 2833 710 2914 fiant,.pecceta
742 2834 864 2895 deleant
901 2843 931 2896 et
952 2837 1051 2916 operi·

134 2917 189 2978 bue
213 2916 302 2978 bonis
325 2918 491 2996 ditescant,
524 2936 628 2979 nonne
649 2918 842 2980 menifestum
860 2926 916 2997 est,
938 2919 1049 3001 impios

132 3007 163 3061 et
184 3001 316 3063 Iudaees
338 3020 418 3081 esse,
440 3021 459 3062 a
481 3001 542 3062 flde
564 3011 750 3082 apostatare,
771 3004 834 3064 imo
855 3001 946 3063 fidem
970 3001 1048 3066 bles·

131 3085 277 3166 phemere
297 3094 328 3146 et
348 3084 525 3166 abnegare?
547 3083 618 3145 dum
641 3086 702 3147 hcc
721 3085 857 3148 tribuunt
879 3086 997 3168 iegibus
1018 3094 1052 3148 et

132 3168 275 3248 operibus
299 3170 376 3251 suis,
399 3170 480 3249 quod
503 3170 628 3250 proprie
660 3170 755 3231 solius
789 3169 860 3231 fidei
892 3180 946 3232 est.
1001 3169 1050 3234 De

132 3251 241 3330 quibus
265 3255 388 3333 egregie
410 3253 521 3314 Paulus
543 3252 696 3334 praedixit
708 3251 794 3334 *Ἧι
817 3253 853 3316 In
875 3254 1050 3316 novissimis

132 3336 238 3396 diebus
260 3335 419 3396 discedent
440 3335 563 3416 quidam
585 3356 604 3397 a
625 3335 696 3416 fide,
717 3336 909 3399 attendentes
939 3339 1051 3418 spiriti·

132 3418 188 3480 bus
211 3419 320 3482 erroris
343 3426 373 3481 et
395 3419 541 3481 doctrinis
564 3419 811 3500 daemoniorum,
833 3423 863 3482 in
892 3422 1050 3503 hypocrisi

132 3502 321 3584 loquentium
363 3504 565 3567 mendesium.
623 3500 721 3567 Istam
758 3504 979 3567 discessionem
1019 3511 1049 3567 et

203 3713 234 3781 ·)
252 3711 316 3766 Eae.
327 3711 372 3767 40.
400 3713 430 3773 tt
443 3711 474 3765 In
484 3710 527 3766 ed.
539 3710 645 3781 priore:
658 3709 850 3770 exsiccabitur.
872 3712 919 3782 ⁰]
932 3713 1011 3773 Rom.
1023 3716 1049 3772 3·

132 3782 199 3855 w)
223 3787 246 3841 1.
265 3783 333 3839 Tim.
355 3783 381 3840 4.
