2392 4170
448 259 628 325 noctuam
648 268 729 324 cuth.
988 268 1049 334 431

134 428 286 490 ecclesiae
308 429 482 503 Romanae,
511 429 557 490 bis
583 430 821 508 Thomiatioum,
853 434 885 490 et
912 429 1052 490 omnibus

132 512 330 591 indulgentiis
350 515 454 594 Papae
477 514 569 595 longe
591 512 809 593 dignissimum.
852 511 976 590 Ignosci
998 532 1051 592 po·

133 602 220 672 terat,
243 597 268 654 si
289 598 449 657 transisset
470 597 531 656 hoc
551 596 644 656 robur
666 615 767 655 meum
789 595 904 673 silens,
927 601 959 656 at
980 614 1051 675 pro-

133 679 237 737 testari
259 698 328 739 sese
345 681 551 758 transiturum,
574 680 625 758 qni
636 679 740 738 audiat
753 680 782 736 in
807 679 867 748 boc
889 698 938 738 me
961 680 1050 738 unice

132 768 163 820 et
185 762 318 822 maxime
338 762 454 841 fidere,
488 770 517 822 et
545 763 618 822 iude
650 761 754 822 omnia
777 760 856 821 illius
885 760 1050 842 profligari,

133 844 193 903 boc
215 846 260 902 sic
281 845 440 905 ridiculum
464 852 495 905 et
517 845 641 905 stultum
665 852 721 920 est,
745 847 776 904 ut
799 844 873 902 nibil
896 843 998 924 snpra.
1034 909 1036 913 ,

215 925 312 1006 Igitur
345 929 383 988 de
411 924 574 988 clementia
610 929 704 1007 Regis
738 929 899 987 assertoris
927 925 1051 1006 speciali

135 1007 192 1090 (ue
214 1010 322 1070 iterum
346 1013 401 1070 sim
426 1016 579 1091 ingratus)
605 1029 710 1071 assero
727 1019 756 1070 et
778 1011 959 1090 pronuncio,
983 1009 1051 1068 Mis-

133 1111 197 1152 sam
221 1112 321 1172 neque
344 1114 421 1174 opus
440 1113 540 1174 neque
562 1092 834 1172 sacrificiumesse,
859 1092 958 1152 donec
973 1093 1051 1152 alius
1116 1093 1118 1096 ’

132 1176 243 1253 veniat,
267 1186 296 1236 et
319 1179 428 1257 probet
449 1183 663 1239 testamentum
687 1183 717 1236 et
740 1178 974 1256 promissionem
993 1176 1051 1235 Dei

133 1277 201 1318 esse
225 1278 303 1339 opus
324 1269 377 1321 aut
398 1259 580 1325 sacrificium
604 1279 709 1340 posse.
742 1258 785 1320 At
805 1258 929 1338 quando
953 1261 978 1319 is
1001 1278 1050 1319 ve-

132 1341 216 1402 niet?
259 1343 326 1404 Rex
347 1345 414 1424 ipse
437 1365 511 1406 sane
534 1345 624 1425 vidit,
648 1351 808 1405 venturum
832 1361 900 1402 esse
929 1340 1051 1404 adKa·

133 1424 239 1484 lendes
262 1446 400 1506 graecas,
422 1429 491 1490 ideo
517 1447 641 1489 securus
665 1427 787 1504 reliquit
807 1427 969 1505 intactum,
995 1427 1051 1487 mi·
1144 1479 1146 1484 .

133 1511 257 1569 serrime
286 1510 493 1572 conficiendas
526 1520 557 1572 et
579 1511 803 1585 conterendus,
837 1511 861 1569 si
892 1510 1050 1591 tetigisset.

133 1591 280 1653 Crederes
305 1594 354 1654 hic
376 1597 491 1676 Regem
515 1602 630 1655 tantum
645 1603 698 1654 aut
719 1593 980 1654 verissimolaeso
1003 1612 1051 1652 ce·

132 1675 220 1735 rebro
242 1678 384 1749 insanire
408 1689 459 1739 aut
482 1679 605 1738 hostem.
624 1678 755 1755 aliquem
778 1677 808 1734 in
832 1677 896 1735 cius
918 1677 1050 1757 ignomi-

133 1761 213 1817 niam
249 1758 330 1818 buno
368 1761 501 1820 libellum
535 1762 590 1822 sub
624 1763 709 1840 regio
751 1759 876 1818 nomine
911 1759 1051 1822 edidisse.

133 1839 208 1913 Quis
232 1844 310 1901 enim
335 1842 392 1902 hac
414 1846 534 1904 insania
564 1845 709 1903 maiorem
734 1842 828 1919 vidit,
861 1859 952 1919 quarn
976 1843 1053 1900 haec

133 1934 188 1998 est,
212 1924 261 1984 ubi
285 1927 369 2004 regia
390 1928 535 1986 iactantia
557 1926 704 1985 adversus
726 1926 888 1987 bulherum
901 1925 1050 2002 scribitur,

132 2010 213 2066 etin
239 2011 306 2088 ipso
340 2028 434 2088 opere
456 2009 568 2070 robora
602 2028 639 2068 ac
660 2007 853 2067 firmamenta
892 2009 955 2065 eins
989 2024 1051 2066 non

83 2114 85 2120 ’
133 2092 225 2150 modo
249 2094 485 2174 dissimulantur,
509 2093 563 2153 sed
587 2094 699 2170 apertis
723 2090 823 2150 verbis
845 2088 974 2148 sinenda
996 2089 1053 2149 sibi

133 2192 201 2231 esse
225 2178 451 2252 pronunciatur.

216 2257 380 2335 Postquam
414 2279 487 2320 vero
523 2260 672 2338 Dominus
713 2256 862 2315 Henricus
894 2254 1054 2314 ‘l'homista

134 2345 238 2397 noster
259 2339 317 2398 hac
339 2350 486 2418 argentea
508 2350 538 2401 et
559 2360 653 2400 aurea
673 2342 791 2399 ratione
807 2339 961 2418 probarat,
985 2337 1053 2396 nis-

134 2440 198 2480 sam
222 2441 289 2481 esse
312 2441 399 2501 opus,
424 2427 521 2503 pergit
543 2426 573 2482 in
595 2423 773 2493 fortitudine
802 2442 858 2481 sua
880 2422 971 2479 etiam
994 2420 1051 2479 Lu-

134 2505 211 2564 theri
233 2506 368 2566 rationes
398 2506 537 2586 diluere,
576 2514 608 2565 et
641 2506 740 2588 primo
770 2505 995 2565 thomisticatur
1020 2506 1050 2562 in

133 2591 214 2648 huno
238 2588 381 2650 modum:

216 2671 274 2745 Qui
297 2672 412 2750 lignum
447 2669 567 2749 caedit,
588 2670 661 2730 facit
683 2689 770 2749 opus,
793 2686 884 2748 erge,
907 2668 956 2746 qui
980 2686 1051 2727 cou-

133 2764 241 2831 secrat,
263 2755 337 2815 facit
358 2774 457 2832 opus,
480 2772 574 2831 quare
596 2754 689 2812 Missa
717 2753 808 2811 etiam
833 2770 910 2830 opus
933 2752 1004 2828 erit,
1027 2751 1051 2829 si

134 2847 234 2899 autem
259 2849 306 2898 est
328 2858 415 2918 opus,
438 2855 500 2897 non
523 2846 570 2896 est
592 2835 715 2910 malum,
737 2852 812 2919 ergo
836 2833 960 2893 bonum.
1031 2855 1033 2858 ⁴

158 2969 161 2973 <
215 2922 300 2981 Haec
331 2922 383 2981 ille
418 2921 571 3001 gloriosus
603 2926 739 2979 assertor
772 2917 1052 2984 sacramentorum,

133 3005 190 3064 Hic
213 3007 292 3064 iacet
314 3023 435 3084 quoque
454 3003 600 3063 Lutharus
624 3006 804 3081 prostratus.
838 2998 947 3058 Fateor
959 2998 1051 3077 plane

135 3108 182 3147 me
205 3091 340 3168 superari
363 3089 570 3147 Thomisticae
587 3082 779 3145 hebetudinis
800 3083 999 3157 immanitate,
1021 3088 1052 3138 et

134 3171 240 3230 laboro
263 3173 305 3230 sic
328 3172 427 3248 loqui,
449 3180 480 3228 ut
504 3189 552 3228 me
574 3169 676 3245 aliqua
698 3173 785 3245 parte
805 3165 978 3242 intelligant
999 3163 1051 3221 mi·
1094 3216 1096 3222 .

133 3254 278 3314 serabiles
302 3255 449 3312 homines.
497 3253 573 3311 Dico
603 3269 694 3330 ergo,
717 3249 841 3308 Missam
871 3246 969 3323 accipi
999 3245 1053 3304 du-'

133 3338 268 3416 pliciter,
299 3355 360 3395 uno
384 3336 476 3395 modo
499 3334 705 3394 Henricaliter'
734 3339 766 3391 et
785 3328 1051 3403 Themisticaliter,

134 3423 193 3479 hoc
216 3418 318 3495 modo,
342 3425 374 3476 ut
395 3419 444 3476 hic
467 3417 551 3476 vides
573 3418 602 3475 in
628 3415 731 3476 libello
755 3414 866 3491 Regis,
889 3411 983 3471 Missa
1005 3416 1052 3470 est

132 3503 212 3562 idem
237 3501 319 3580 quod
343 3518 524 3560 consecrare
546 3519 599 3558 seu
622 3494 867 3579 proferreverba
889 3513 1051 3554 consecra-

134 3587 234 3647 tionis.
277 3583 345 3643 Hoo
373 3592 474 3642 autern
503 3601 573 3640 esse
600 3588 736 3640 nostrum
766 3598 842 3660 opus
866 3597 904 3636 ne
927 3575 1052 3636 Thorni-

133 3677 245 3729 starum
260 3666 381 3746 quidem
395 3664 548 3724 hebetudo
566 3681 679 3742 negare
695 3670 808 3742 potest,
825 3667 940 3720 tantum
954 3659 1051 3738 abest,

135 3759 168 3814 ut
189 3751 239 3811 hio
252 3752 361 3811 vicisse
372 3748 537 3810 Henrioum
549 3745 715 3809 nostre-lem
727 3741 907 3824 Magistrum
930 3760 1052 3824 negem.
