2392 4170
232 1346 1075 1503 haupt-rhamnunte&-

149 1502 594 1584 mlpraetaatlerevotu
615 1507 1008 1586 paopetatb,ettam
1035 1523 1075 1565 ao

148 1586 220 1667 ipro
239 1605 550 1667 quaereremur
576 1591 763 1650 atotioaan
788 1590 1076 1668 aopianaoaata-

149 1668 283 1743 mutem,
302 1671 407 1733 aliena
425 1692 519 1733 mann
539 1682 572 1732 et
592 1680 714 1753 partam
732 1680 767 1732 et
785 1673 1003 1751 nini-natam,
1022 1670 1074 1732 ulti

150 1751 346 1815 attttninm
373 1762 442 1829 eat,
472 1772 568 1834 quan
593 1774 687 1836 egere
720 1762 777 1815 aut
803 1772 1074 1834 pauperanona

149 1835 199 1895 Aa
219 1836 367 1917 ignorare
386 1856 445 1898 noa
465 1839 584 1909 volunt,
602 1838 677 1918 qnid
698 1840 739 1898 ait
751 1846 809 1898 aot
827 1837 983 1917 signifieat
1001 1856 1075 1919 pu-

148 1917 278 1998 partaa?
318 1922 368 1981 An
394 1928 428 1980 et
447 1921 608 1982 ruaabalia
634 1941 709 1981 anau
734 1920 980 2002 signilloalionaa
1013 1922 1074 1983 eri·

148 2001 298 2063 mut?
327 2002 473 2065 Ouinium
493 2023 598 2083 aenan,
619 2007 758 2066 omnium
778 2005 1008 2081 nam-omnio·
1027 2004 1074 2065 lo-

148 2083 241 2164 qaut·
268 2094 437 2166 paupertas
469 2088 641 2168 aorpontia
671 2086 830 2168 aignilioat
860 2089 1024 2168 penuria·
1042 2096 1075 2148 et

148 2174 319 2247 egestatem
341 2171 372 2227 iu
394 2171 475 2229 riotn
496 2180 527 2230 et
560 2173 685 2230 amictu.
727 2169 804 2245 Quia
831 2189 966 2249 unquam
988 2170 1073 2231 autli-

147 2250 192 2309 rit
227 2260 440 2330 paupertatem
469 2253 549 2328 diui,
599 2255 674 2316 nihil
713 2255 869 2333 proprium
914 2254 1075 2333 possidere

147 2339 180 2393 et
199 2331 240 2393 tle
259 2338 415 2395 communi
447 2336 633 2397 abundare?
674 2336 703 2398 0
733 2337 875 2397 illusores
907 2348 941 2396 ot
961 2336 1070 2418 denep-

146 2422 251 2495 lorea,
280 2419 332 2496 qui
359 2417 439 2478 flutio
460 2421 561 2479 verbis
588 2422 620 2479 in
649 2421 779 2480 avaritia
799 2419 934 2499 populos
955 2438 1071 2500 oaupo

146 2499 272 2578 namiui,
296 2511 329 2561 ut
350 2501 504 2578 Petrua*)
528 2503 692 2582 praedixit.
728 2503 825 2582 igitur
845 2505 937 2562 etiarn
959 2505 993 2562 in
1005 2522 1072 2564 nor·

145 2581 284 2660 poralem
317 2592 530 2664 paupertatem
565 2589 753 2646 mentiuntur
784 2594 936 2645 voventes
965 2605 1071 2647 mona·

144 2666 253 2743 moen,
275 2673 362 2727 utet
385 2669 470 2747 impii
491 2670 554 2727 aiut
574 2670 605 2729 in
624 2669 815 2749 spiritualem
838 2678 870 2729 et
902 2670 1070 2730 mendaaua

144 2748 176 2808 iu
204 2750 400 2828 oorporalem
435 2759 660 2830 paupertatem.
673 2760 688 2779 ⁴
702 2753 743 2812 lit
777 2753 838 2812 hoo
868 2750 1011 2813 fictitium
1039 2760 1071 2813 et

144 2829 281 2892 mendax
310 2840 415 2892 votum
443 2843 477 2893 tu
508 2834 703 2896 arbitraberis
735 2854 805 2896 eoae
835 2843 956 2914 gratnm
981 2834 1069 2896 lieo?

144 2922 229 2975 uerte
249 2912 382 2975 Sauotoa
403 2923 526 2997 oportet
553 2920 584 2977 in
612 2918 674 2978 hou
695 2928 770 2979 voto
792 2918 875 2978 aliud
898 2929 1068 2998 opeotaaae.

144 2994 261 3057 Natura
281 3000 345 3059 ruti
367 3007 425 3076 eat,
447 3002 528 3060 siout
549 3000 694 3081 diximus,
718 3001 862 3083 mendax,
883 3003 993 3082 impia,
1021 3021 1067 3063 aa·

144 3078 260 3159 urilega
280 3087 313 3140 et
332 3080 522 3161 blasphema

226 3161 287 3222 flet
309 3165 441 3243 ampliua
462 3165 566 3245 linge,
594 3167 674 3227 haeu
706 3168 803 3246 impia
826 3176 899 3227 vota
925 3185 997 3227 ease
1017 3169 1069 3248 pia

143 3250 176 3303 et
195 3252 297 3323 mata,
320 3257 352 3307 et
372 3248 545 3326 appelletur
565 3250 627 3309 hoo
647 3259 834 3330 paupertas,
864 3249 948 3329 quod
970 3251 1068 3311 abun·

143 3324 248 3387 dantia
266 3330 460 3390 aeonriaoima
482 3340 537 3394 eut.
583 3331 663 3407 Quid
687 3333 789 3394 dioent
810 3333 849 3392 de
870 3336 930 3409 iio,
953 3335 1006 3412 qui
1027 3353 1067 3394 ex

142 3412 339 3471 monaateriia
361 3416 474 3493 sumpti
496 3418 618 3474 suntin
643 3415 802 3496 Papatnm,
824 3415 1067 3493 cardinalatum,

140 3489 379 3573 Epiampatum,
400 3504 431 3555 et
452 3497 530 3557 aliae
552 3497 694 3560 dioneaeo
715 3519 832 3574 rerum,
847 3499 906 3560 nbi
929 3510 1015 3561 oerta
1035 3502 1065 3561 in

140 3592 191 3635 raa
212 3578 352 3657 proprian
383 3590 496 3640 eruto
519 3589 592 3642 aaut
624 3583 772 3643 translati.
815 3581 925 3663 Neque
948 3584 1001 3644 hio
1020 3584 1066 3645 tli-

214 3753 247 3826 ⁸)
270 3757 293 3810 t.
310 3753 386 3813 Patr.
405 3760 432 3817 2.
