2392 4170
177 250 240 314 244
481 250 657 319 Responsum
677 247 815 303 Frideriei'

178 405 298 465 Lutberi
321 403 507 479 eruditione,
538 410 570 462 ut
597 407 647 482 qui
672 403 767 464 multo
790 406 896 483 peiora
918 409 950 464 et
969 403 1108 465 lobauue

179 488 282 548 Husso
311 495 340 547 et
370 487 558 566 Hieronymo
589 486 626 545 de
648 486 747 566 Praga
775 485 984 567 profiteretur,
1015 496 1108 565 atque

179 572 236 631 nisi
259 569 358 630 eidem
379 568 576 649 Reipublicae
599 569 749 630 laboranti
773 581 891 630 maturo
914 576 1109 630 succurratur

180 653 329 730 consilio,
358 672 431 713 mox
463 659 563 712 actum
594 673 662 712 esse
696 653 733 712 de
755 653 886 732 imperio
908 653 997 712 Rom.
1026 651 1107 713 Nam

179 735 252 796 illud
276 735 348 796 olim
371 737 414 796 ita
429 733 566 795 Graecos
589 737 737 809 amisisse,
761 736 831 795 dum
854 733 1033 795 aPontilice
1057 733 1108 794 de·

181 819 315 880 lacerant
338 819 427 880 Rom.

264 902 358 962 blulta
379 904 411 962 in
433 900 562 960 eandem
577 904 760 962 sententiam
783 902 939 980 loquutus,
961 899 1024 960 duo
1041 907 1106 961 tan·

180 985 248 1045 dem
272 1005 291 1044 a
306 984 446 1065 Principe
469 992 574 1044 nostro
598 986 704 1064 petivit
716 984 805 1046 Rom.
831 981 988 1044 Pontificis
1011 984 1108 1042 nomi-

180 1089 229 1146 ne,
251 1070 350 1147 primo
373 1076 406 1127 ut
439 1077 557 1127 curaret.
592 1067 820 1127 lucubrationes
844 1067 964 1126 Martini
984 1065 1108 1127 Lutheri

181 1170 288 1212 omnes
312 1149 552 1225 comburendas,
570 1151 723 1228 secundo,
746 1160 778 1209 ut
801 1151 839 1209 de
860 1168 898 1210 eo
922 1150 1107 1230 supplicium

180 1242 314 1294 sumeret
337 1235 384 1294 vel
408 1243 531 1313 caperet
554 1244 738 1313 captumque
760 1237 920 1309 retineret,
943 1238 996 1293 aut
1016 1231 1107 1296 Rom

181 1316 321 1378 Pontifici
350 1319 577 1380 transmitteret.
617 1317 723 1395 Neque
754 1318 915 1376 verebatur
944 1314 1108 1392 affirmare,

183 1409 213 1460 et
235 1400 399 1461 Caesarem
424 1398 588 1472 Dareium,
622 1410 651 1458 et
679 1402 852 1479 quicunque
875 1399 963 1460 Rom.
984 1398 1108 1478 Imperii

181 1484 336 1564 Principes
358 1483 419 1543 boc
441 1484 565 1542 nomine
587 1491 690 1543 essent
702 1483 783 1558 aditi,
807 1483 1006 1562 praestitisse,
1027 1499 1108 1560 quae

179 1566 348 1647 postularet
357 1566 446 1626 Rom.
457 1565 608 1641 Pontifex,
622 1584 680 1626 nec
692 1565 841 1644 reliquum
853 1585 921 1625 esse
933 1566 992 1625 uisi
1013 1583 1107 1634 unum

181 1650 349 1729 Principem
373 1657 520 1709 nostrum.

264 1731 408 1813 Princeps
430 1751 504 1792 vero
528 1738 647 1809 noster,
678 1733 842 1812 interprete
864 1731 1020 1811 Episcopo
1042 1728 1107 1791 urt-

181 1815 324 1896 dsntinq,
352 1815 525 1896 respondit,
557 1833 682 1875 causam
711 1833 780 1874 esse
802 1816 925 1875 maioris
949 1814 1107 1892 momenti,

181 1915 272 1978 quam
302 1906 335 1958 ut
370 1900 401 1957 in
428 1899 669 1978 praesentiarum
705 1900 882 1958 conveniret
908 1896 1107 1977 respondere.
1149 1914 1152 1918 ’

180 1982 328 2042 Daturum
349 1982 442 2060 igitur
464 1999 604 2061 operam,
632 1987 665 2041 ut
690 1999 746 2061 pro
770 1982 999 2061 opportunitate
1020 1977 1109 2040 daret

181 2083 374 2144 responsum.
414 2063 528 2124 Verum
565 2063 615 2123 ubi
647 2082 702 2143 per
733 2065 954 2144 occupationes
974 2063 1109 2124 Prinoii

182 2155 287 2208 nostro
311 2148 396 2207 ocius
418 2146 604 2225 respondere
628 2166 689 2207 non
713 2147 855 2225 licuerat,
877 2146 1000 2207 tandem
1023 2147 1109 2207 deit

182 2231 340 2311 negotium
362 2230 516 2289 nonnullis
540 2232 601 2289 suis
625 2230 813 2292 consiliariis
844 2240 875 2290 et
896 2231 1041 2290 ministris
1063 2249 1108 2290 re-

181 2311 353 2393 spondendi
376 2312 493 2372 blarino
523 2322 553 2372 et
575 2314 729 2373 Alcandro
753 2316 781 2372 in
806 2314 913 2374 eodem
944 2314 1108 2375 coenobio.

183 2395 298 2471 Quarta
320 2395 394 2456 feria
416 2397 632 2475 postomnium
652 2396 833 2458 Sanctorum
847 2407 918 2477 post
939 2396 1108 2472 meridiem,
1170 2389 1176 2401 ’

182 2484 344 2561 praesente
368 2478 523 2560 Episcopo
545 2479 733 2557 Tridentino,

407 2644 644 2725 Responsum
667 2646 739 2706 iuit
760 2646 874 2721 ita¹):

266 2785 348 2846 Nihil
371 2786 470 2846 minus
490 2787 601 2846 veritus
624 2796 670 2848 est
692 2788 822 2848 futurum
852 2788 1003 2848 illustriss.
1025 2788 1108 2855 Prin·

182 2886 256 2948 oeps
279 2876 384 2929 noster
407 2866 575 2928 Fridericus
597 2876 666 2947 etc,
691 2872 744 2930 viri
768 2869 936 2951 magnifici,
960 2889 1053 2950 quam
1076 2878 1109 2932 ut

182 2952 242 3012 tale
251 2953 405 3031 quippiam
419 2952 628 3013 sanctissimus
638 2954 786 3015 Dominus
798 2965 902 3015 noster·
914 2953 975 3013 Leo
984 2952 1108 3016 X.Pou·

183 3035 257 3095 tifex
268 3034 424 3095 Romanus
439 3034 486 3094 vel
499 3043 625 3114 peteret,
648 3037 696 3096 vel
709 3038 886 3117 postularet.
909 3035 1001 3097 Dedit
1015 3040 1108 3114 enim,

183 3117 266 3197 quod
279 3119 353 3179 citra
376 3120 550 3179 iactantiam
563 3129 593 3178 et
604 3120 747 3180 invidiam
767 3121 878 3180 dictum
892 3121 940 3199 sit,
956 3128 1106 3201 perpetuo

181 3219 320 3280 oporam,
343 3208 375 3262 ut
397 3201 555 3282 praeclara
573 3201 734 3264 Parentum
757 3214 786 3264 et
810 3206 957 3264 maiorum
981 3222 1107 3266 suorum

183 3283 273 3344 beata
294 3285 514 3346 recordationis
539 3288 668 3366 vestigia
689 3295 821 3368 secutus,
845 3286 918 3346 nibil
941 3286 988 3346 vel
1011 3288 1106 3366 genti·

181 3367 251 3428 licia
274 3367 475 3446 claritudine,
508 3367 557 3427 vel
579 3389 634 3428 sua
657 3389 789 3450 persona
819 3370 975 3449 iudignum
999 3368 1107 3431 admit·

182 3458 268 3530 teret,
291 3451 550 3530 quemadmodum
573 3462 700 3531 uterque
721 3461 854 3514 vestrum
883 3456 966 3513 iussu
990 3452 1106 3514 Sancti-

181 3534 251 3596 tstis
274 3534 469 3614 Pontificiae,
499 3533 608 3596 Brevia
632 3536 696 3596 eius
717 3535 897 3616 reddentes,
920 3554 1107 3598 commemo·

188 3707 466 3720 ——u—-—-·———-
470 3708 555 3717 -a———n—

288 3760 322 3828 1)
342 3760 373 3836 lu
394 3762 458 3816 edit.
476 3760 540 3817 Jeu.
578 3761 676 3816 desunt
695 3760 764 3815 haec
793 3761 890 3816 verba:
928 3760 1106 3827 Responsum
