2392 4170
137 250 202 323 456
403 244 797 312 semotostmtsst

140 427 338 494 cucurrericl
389 424 439 510 (in
469 425 530 489 boc
558 425 640 488 seim
669 421 813 488 differunt
840 423 924 488 stulti
953 432 984 487 et
1013 443 1061 488 ss·

139 515 271 598 pientes,
293 427 376 575 stubi
398 510 506 573 volunt
526 527 561 571 se
586 509 712 592 proprio
735 527 832 591 opere
851 511 974 590 quietos
995 509 1061 573 red·

140 598 224 678 dere,
246 604 319 659 ante
339 594 465 658 verbum
488 600 519 655 et
539 591 632 655 fldem
654 593 748 670 eius,
773 595 930 676 sapientes
959 600 1061 656 eutem

141 681 264 762 proprie
293 679 418 742 verbum
451 672 663 759 proiciesionis
704 683 736 738 et
767 676 860 740 iidem
892 677 1062 759 approbes·

140 762 258 837 dunt2)
291 769 323 826 et
343 763 373 824 in
396 761 457 825 hoc
478 779 513 822 se
540 767 624 824 tutos
646 769 816 841 reponunt,
853 759 967 823 deinde
990 781 1061 844 ope·

141 855 246 910 rentur
274 846 394 924 bons),
427 843 611 920 invenisti⁸J
640 843 742 906 iocum
769 846 955 909 tutissimum
976 847 1063 928 pacis

144 945 175 993 et
205 930 356 993 laetitiae:
389 929 461 1010 quia
490 928 576 990 Deus
610 945 673 990 non
706 928 784 992 ieilit
818 948 877 991 rec
907 930 1063 1009 mentitur,

142 1012 236 1078 modo
259 1021 291 1077 tu
313 1012 424 1076 eredas
448 1012 574 1074 firmiter
595 1012 662 1073 eius
682 1013 888 1095 promissioni.
931 1010 996 1075 late
1017 1022 1065 1075 est

142 1098 231 1161 iocus
252 1096 373 1180 refugii,
394 1096 434 1158 de
455 1114 518 1176 quo
531 1095 645 1159 Psclm.
657 1099 715 1160 712
737 1096 815 1159 Esto
829 1095 902 1157 mihi
915 1095 947 1157 in
963 1095 1062 1159 Deum

162 1184 349 1244 rotectorem
384 1187 414 1242 et
442 1179 473 1241 in
504 1177 629 1242 domum
650 1178 775 1263 refugii,
809 1188 844 1241 ut
871 1179 994 1241 salvum
1014 1201 1064 1242 me

141 1201 238 1327 boias
260 1269 341 1329 etc..
364 1263 446 1340 Quis
468 1263 522 1339 (ut
542 1261 623 1342 dixi)
648 1261 747 1326 Deum
771 1262 885 1327 habere
906 1283 971 1325 ooo
994 1283 1064 1345 pos·

142 1367 258 1428 sumus,
281 1367 351 1410 com
373 1349 414 1409 sit
433 1346 611 1424 invisibilis,
633 1346 693 1407 nisi
713 1349 744 1408 in
767 1347 861 1409 verbo
884 1347 1061 1429 promissio·

142 1432 190 1493 nis
212 1451 295 1496 suae.
339 1429 459 1511 Nempe
482 1428 564 1510 quod
586 1431 654 1511 ipse
681 1438 729 1492 est
738 1429 768 1511 ⁴)
790 1431 943 1512 protectio
967 1437 999 1492 et
1019 1450 1062 1493 rc

141 1514 257 1595 fugium
280 1521 429 1578 nostrum.

225 1598 258 1661 si
280 1617 355 1680 ergo
388 1602 419 1660 te
442 1615 525 1660 mors
558 1602 612 1657 sut
661 1599 806 1661 ericulum
836 1599 943 1661 mortis
966 1605 1063 1681 urget,

142 1616 715 1829 iiiii.⁰e¹¹0iziitiit
738 1682 871 1829 tii-‘i
908 1681 1064 1827 tit:

141 1814 345 1994 irrisi
362 1783 1063 2017 retribuit

142 2015 286 2078 tenderis
310 2021 342 2078 et
361 2015 514 2077 christum
536 1979 614 2077 rere,
645 2014 762 2080 dixisse
781 2016 949 2079 credideris
971 2022 1003 2078 et
1021 2016 1064 2079 ir·

142 2100 311 2164 vocaveris.
355 2096 447 2175 Quod
468 2100 493 2161 si
515 2118 578 2160 non
600 2097 720 2180 feceris,
743 2101 848 2163 omnia
870 2099 932 2162 alis
954 2100 1063 2162 frustra

141 2181 218 2243 iscis
241 2187 273 2244 et
294 2180 416 2264 peribis.

224 2265 276 2327 Sic
296 2266 322 2326 si
344 2271 375 2325 te
396 2265 500 2347 aliqua
523 2264 678 2329 tribulatio
710 2275 827 2344 onerat,
861 2286 1063 2348 quaecunque

140 2349 193 2409 illa
216 2350 264 2425 sit,
287 2347 383 2410 hebes
406 2349 532 2413 verbum
545 2349 656 2412 Christi
678 2350 785 2415 Matth.
810 2355 864 2414 11:
889 2351 1003 2413 Venite
1026 2349 1062 2412 ed

142 2450 190 2492 me
212 2451 330 2511 omnes,
353 2432 403 2511 qui
425 2431 643 2495 laboratisetc.
676 2435 709 2496 ln
733 2454 794 2515 quo
817 2434 888 2495 loco
911 2434 1062 2496 sicferrce

140 2533 250 2596 pscem
272 2523 304 2576 et
325 2533 418 2577 omne
439 2515 553 2577 bonum
568 2516 717 2599 invenies,
739 2519 765 2578 si
781 2516 959 2592 credideris,
982 2517 1062 2579 chri·

140 2605 220 2660 stom
243 2617 315 2660 vere
336 2599 390 2660 tibi
420 2618 458 2660 es
486 2599 580 2662 verba
612 2601 737 2663 dixisse.
778 2600 827 2664 Its
848 2600 979 2662 omnino
1002 2620 1060 2662 non

64 2729 70 2737 .
140 2688 188 2743 est
209 2701 281 2764 pax,
302 2701 365 2743 non
388 2689 435 2742 est
446 2682 540 2761 salus,
563 2704 624 2746 non
648 2691 695 2746 est
715 2684 901 2745 laetitienisi
914 2684 947 2744 in
970 2683 1061 2746 verbo

142 2764 197 2826 Dei
219 2766 424 2846 promittentis
445 2765 528 2827 bons
557 2786 622 2831 sua.
665 2768 734 2828 Duo
764 2775 834 2828 sunt
861 2786 936 2847 ergo
961 2786 1062 2829 neees-

139 2849 220 2908 sarie
249 2848 288 2909 ad
318 2848 505 2929 spiritualem
534 2850 698 2932 laetitiam,
730 2870 821 2931 quem
850 2849 881 2913 S.
909 2851 1062 2912 Antonius

140 2933 263 3012 egregie
287 2931 525 2997 commendavit.
559 2933 692 2995 Primum
716 2941 763 2994 est
783 2932 910 2994 verbum
933 2934 1061 3014 promis·

139 3016 252 3092 sionis,
285 3014 396 3076 deinde
427 3014 504 3076 fides
532 3017 563 3077 in
591 3015 684 3078 idem.
728 3016 813 3079 Siout
834 3015 872 3077 cd
897 3019 1061 3078 sanitctem

139 3097 332 3180 corporslem
358 3096 419 3159 duo
441 3100 650 3178 requiruntur,
682 3101 812 3181 primum
847 3100 935 3161 locus
958 3099 1063 3161 firmus

138 3200 175 3240 ac
196 3187 279 3243 tutus
301 3180 412 3259 standi,
435 3182 577 3244 introitus
600 3189 631 3244 et
653 3185 792 3264 receptio
814 3182 952 3247 ineundi.

222 3263 279 3325 Hic
299 3270 401 3325 sutem
425 3264 565 3327 diabolus
588 3266 683 3328 multa
705 3266 945 3328 arteinsidistur
964 3266 1062 3329 nobis.

138 3346 247 3429 Primo
267 3357 397 3408 conatur
426 3346 477 3409 hic
507 3349 690 3427 distrahere,
727 3369 767 3411 ne
794 3351 824 3411 in
853 3350 1001 3430 periculis
1034 3355 1063 3410 et

138 3429 226 3489 melis
249 3431 312 3489 suis
332 3431 510 3493 recordetur
531 3440 584 3493 aut
613 3434 751 3494 inveniat
779 3431 906 3494 verbum
930 3435 1062 3513 promis·

187 3618 216 3686 1)
234 3617 266 3672 In
285 3615 329 3673 ed.
348 3615 432 3687 origo
462 3620 579 3676 curreris
598 3636 671 3676 vere.
713 3610 747 3690 2)
767 3619 887 3676 Ibidem:
908 3620 1063 3691 apprehen·

130 3687 239 3745 derunt.
295 3691 329 3752 3)
350 3686 473 3745 Ibidem:
502 3691 543 3750 sic
560 3691 700 3757 invenisti.
754 3693 788 3766 4)
807 3690 929 3752 Ibidem:
959 3694 1064 3769 Nempe

133 3759 196 3840 ipss
216 3764 261 3823 cst
279 3759 426 3839 protectio.
