2392 4170
438 246 569 303 ministris
588 243 732 303 ecciesiae.
954 260 971 285 ⁶
998 238 1060 309 527

137 432 189 473 sus
223 409 293 471 fidel
325 408 441 473 suadet.
492 408 570 468 Nom
605 429 673 471 cum
702 407 833 469 ecclesie
868 406 963 488 verbo
996 405 1054 467 Dei

136 500 289 572 nascatur,
311 493 426 571 alatur,
448 500 586 552 servetur
608 500 639 572 et
659 491 833 571 roboretur,
860 489 961 570 palem
998 496 1060 571 est,¹

137 596 204 640 eam
227 579 294 638 eine
317 576 410 638 verbo
433 593 502 636 esse
523 594 588 641 non
607 595 716 656 posse,
744 580 797 636 eut
824 575 849 635 si
871 573 937 634 sine
960 569 1053 656 verbo

137 663 185 740 sit,
207 660 369 722 ecclesiam
393 677 461 719 esse
483 657 633 719 desinere.
678 656 797 719 Deinde
836 676 904 717 cum
928 655 1059 738 quilibet¹

136 745 175 807 sit
197 742 235 805 ed
258 742 342 804 verbi
365 741 564 803 ministerium
588 748 676 804 uetus
699 760 717 802 e
739 741 963 821 baptismo‚=et
989 739 1055 820 epi·

136 829 222 909 esopi
245 827 371 908 papales
393 825 491 886 nolint
512 823 584 885 dore
600 824 682 886 verbi
705 825 869 899 ministros,
891 823 948 885 nisi
966 822 1062 903 tales,-

136 911 187 991 qni
216 910 341 970 verbum
375 909 431 969 Dei
463 907 609 969 aboleant
644 916 674 969 et
711 907 874 968 ecclesiam
911 903 1052 987 perdant,

136 993 285 1072 reliquum
318 1001 365 1053 est
398 1000 450 1053 aut
479 992 652 1071 permittere
681 991 843 1052 ecclesiam
867 990 922 1055 Dei
955 990 1054 1070 perire

136 1078 202 1138 sine
232 1074 325 1139 verbo
353 1084 405 1137 aut
426 1083 569 1155 oportere
593 1082 746 1136 conventu
775 1075 857 1136 fecto
888 1074 1055 1136 communi·

136 1161 191 1220 bus
214 1160 365 1242 suffragiis
402 1179 441 1219 ex
464 1177 520 1218 suo
556 1159 675 1240 gremio
709 1157 821 1236 eligere
856 1177 972 1236 unum,
1005 1157 1053 1218 vel

136 1253 285 1324 quotquot
308 1262 385 1322 opus
408 1243 505 1321 luerit,
527 1240 658 1303 idoneos
669 1249 701 1301 et
722 1240 910 1302 orationibus
932 1259 970 1301 ao
990 1260 1051 1300 ma·

136 1347 229 1394 nuum
266 1325 512 1405 impositionibus
547 1324 735 1385 universitati
774 1323 990 1385 commendere
1024 1332 1054 1384 et

136 1409 340 1486 confirmare,
363 1416 455 1487 atque
478 1427 532 1469 soe
560 1414 622 1489 tum
646 1426 701 1488 pro
724 1407 867 1488 legitimis
898 1408 1053 1487 episcopis

136 1500 167 1552 et
194 1492 338 1552 ministris
364 1491 449 1551 verbi
471 1509 642 1570 agnoscere
672 1499 703 1552 et
728 1492 847 1572 colere,
881 1489 1054 1552 indubitato

135 1574 195 1636 tide
216 1573 381 1652 credendo,
403 1592 422 1633 n
444 1573 511 1635 Deo
533 1582 652 1655 gestum
676 1580 712 1634 et>
728 1574 840 1635 factum
864 1592 948 1653 esse,
971 1571 1053 1652 quod

136 1659 194 1724 hee
214 1658 333 1720 ratione
353 1657 485 1737 gesserit
506 1665 540 1717 et
557 1657 662 1717 fecerit
689 1675 858 1719 consensus
881 1656 1052 1718 communis

135 1740 280 1819 fidelium,
301 1739 504 1820 Evangelium
526 1742 758 1820 agnoscentium
782 1759 820 1818 ac
836 1739 1052 1821 profitentium.

218 1859 320 1938 Atque
341 1858 366 1917 si
388 1857 467 1917 haee
488 1856 563 1918 nihil
586 1856 804 1919 concluderent
826 1856 983 1936 praedicto
1005 1857 1052 1917 llr·
1130 1890 1133 1895 ·

134 1947 298 2017 memento,
321 1939 442 2003 abunde
464 1946 566 2000 tamen
589 1941 663 2001 setis
679 1940 792 2000 horteri
817 1949 848 2000 et
867 1938 979 2000 firmari
1003 1940 1052 2001 ue

134 2025 239 2104 beret,
267 2025 296 2085 id
326 2022 408 2106 quod
441 2022 578 2084 Christus
606 2022 710 2084 matth.
737 2026 775 2088 18
809 2023 897 2086 dicit:
925 2022 959 2084 Si
991 2024 1059 2085 duo·

134 2111 345 2170 oonsesserint
366 2115 589 2190 superterram
614 2106 653 2166 de
674 2108 757 2166 omni
773 2126 815 2182 re,
838 2124 1053 2186 quamcunque

134 2193 297 2270 petierint,
329 2191 383 2253 liet
400 2184 448 2252 *eis
471 2210 488 2252 a
512 2190 600 2251 Patre
623 2209 713 2272 meo,
752 2191 802 2270 qui
825 2191 923 2251 estin
947 2191 1053 2257 coelis.

137 2272 298 2335 Ubi-*enim
327 2283 395 2333 sunt
422 2274 487 2334 duo
514 2274 698 2335 veltresin
722 2274 845 2334 nomine
884 2293 953 2334 meo
980 2292 1052 2334 con·

133 2358 261 2440 gregati,
284 2355 324 2416 ibi
347 2358 464 2416 eumin
499 2356 601 2418 medio
626 2376 744 2418 eorum
783 2357 818 2420 Si
845 2359 937 2439 igitur
963 2359 1051 2418 trium

134 2439 186 2502 aut
219 2440 347 2500 duorum
378 2457 547 2502 consensus
574 2442 604 2499 in
634 2440 759 2500 nomine
793 2441 915 2501 Domini
948 2443 1053 2503 omnia

132 2531 245 2606 potest,
268 2530 299 2584 et
320 2523 457 2585 Christus
479 2524 621 2603 agnoscit
640 2542 710 2585 sese
736 2541 805 2590 esse
825 2535 964 2596 autorem
988 2527 1052 2586 eius

134 2608 228 2687 loeti„
262 2606 345 2686 quod
376 2605 453 2667 tales
482 2604 613 2681 lanium,
642 2609 878 2688 quantomagis
906 2607 959 2669 illo
983 2629 1051 2688 pro-

134 2690 225 2751 bante
247 2698 278 2751 et
305 2694 454 2770 operante
485 2687 550 2763 ligeri
579 2694 611 2749 et
632 2690 745 2751 fectum
774 2710 843 2751 esse
865 2690 1051 2752 credendum

134 2783 190 2853 est,
211 2775 237 2834 si
259 2775 290 2836 in
313 2773 438 2833 nomine
459 2773 524 2831 eius
546 2789 779 2854 congregemur,
802 2794 924 2835 oremus
947 2783 975 2834 et
999 2775 1052 2834 eli·

133 2876 241 2937 gamus
272 2858 438 2938 episcopos
460 2860 492 2915 et
513 2855 667 2915 ministros
688 2857 772 2917 verbi
795 2878 833 2917 ex
856 2857 945 2918 nobis
967 2859 1052 2939 ipsis,

133 2941 192 3020 qui,
204 2941 265 2999 iem
287 2941 354 3000 sine
376 2939 534 3000 electione
542 2938 692 3000 eiusmodi
715 2958 769 3020 per
786 2940 968 3022 baptismum
987 2943 1048 3003 nati

133 3032 163 3083 et
185 3025 286 3094 vocati
309 3041 415 3083 sumus
437 3020 475 3082 ad
499 3020 649 3082 eiusmodi
673 3024 880 3085 ministerium.

215 3139 306 3217 Quod
345 3140 371 3202 si
408 3139 584 3219 exemplum
620 3134 773 3221 petimus,
812 3140 902 3205 adest
938 3144 1051 3225 Apollo

132 3226 200 3287 Act.
227 3227 274 3290 te.
298 3243 388 3304 quem
417 3223 548 3305 legimus
570 3223 661 3304 plene
694 3223 857 3298 siuefulla
885 3214 1052 3289 vocatione

132 3307 161 3368 et
196 3304 390 3369 ordinatione
413 3307 567 3388 Ephesum
603 3307 725 3369 venisse
757 3316 788 3368 et
816 3299 968 3385 ferventer
998 3310 1050 3372 do·

133 3391 249 3468 coisse,
280 3387 474 3471 Iudaeoeque
507 3388 651 3473 potenter
682 3390 836 3452 revisisse.
880 3388 949 3471 on
976 3393 1051 3475 iure,

132 3490 264 3552 quaeso,
285 3474 343 3534 iste
364 3466 498 3555 iungitur
519 3474 685 3534 ministerio
710 3473 813 3535 verbi?
835 3474 971 3538 nisi'illo
1000 3474 1055 3557 ge?

132 3556 227 3616 nerali
250 3564 281 3616 et
303 3560 456 3617 communi
484 3562 508 3621 l.
525 3557 662 3624 Corinth.
689 3559 741 3622 ld:
769 3557 799 3620 Si
822 3557 940 3618 sedenti
964 3578 1050 3620 reve·

132 3640 227 3733 letum
250 3639 349 3720 luerit,
371 3640 454 3723 prior
478 3647 589 3720 taccat,
611 3649 641 3705 et
666 3647 692 3708 1.
708 3641 786 3709 Petr.
810 3643 844 3706 2:
870 3640 909 3730 Ut
924 3643 1049 3709 virtutes
