2340 4162
131 242 193 306 512?
422 244 584 297 eontentio
603 244 772 297 barberina

131 418 240 459 eonem
263 398 402 475 fidelem,
437 401 547 479 repetit
578 414 610 458 et
629 399 763 458 ineuloat
784 398 950 478 diligenter
970 396 1053 457 velut

131 484 228 563 digito
244 496 418 543 monstrans
440 482 514 541 illud
531 483 675 543 verbum:
697 482 729 542 Si
743 496 846 542 autem
863 482 948 561 quod
969 480 1052 555 uolo,

131 568 365 646 quiasuperius
388 566 548 626 ridebatur
569 564 728 625 obscurius
752 567 887 639 dictum,
911 565 961 624 ubi
983 581 1052 623 eunr

131 651 259 709 dixisset
280 648 433 709 similiter:
464 647 497 709 Si
519 658 620 709 autem
643 649 727 726 quod
756 649 846 725 nolo,
882 649 943 707 boe
961 647 1052 717 lario,

131 743 297 811 antequam
314 732 450 792 inlerret:
472 732 535 791 lam
559 751 621 791 uon
635 750 695 810 ego
711 750 833 811 operor,
854 730 1051 810 interposuit:

131 816 395 895 ConaeutioLegi,
416 817 561 895 quoniam
585 814 666 875 bona
684 830 740 874 eat.
772 815 829 875 llio
850 826 954 875 autem
979 830 1051 872 mox

130 900 234 959 inlert:
257 898 290 959 Si
312 918 372 978 ego
394 899 502 959 nolens
524 898 615 973 lucio,
636 910 718 957 certe
743 898 805 958 hoe
826 898 910 959 nolle
932 895 1052 976 probat,

130 982 214 1062 quod
237 1001 298 1043 non
322 1000 383 1061 ego
404 983 465 1041 iam
481 1000 592 1061 operor
605 981 689 1057 illud,
713 990 743 1041 et
758 996 860 1042 tamen
882 979 918 1040 lit
939 983 970 1039 in
993 998 1051 1059 me,

130 1085 206 1145 ergo
228 1066 404 1126 necessario
421 1078 592 1145 peecatum,
614 1065 697 1142 quoti
711 1065 873 1124 habitatin
897 1082 957 1133 me,
979 1062 1051 1122 illud

131 1160 285 1229 operatur,
308 1160 340 1207 ut
360 1167 451 1209 nemo
474 1151 572 1228 possit
593 1148 676 1206 buno
695 1148 799 1208 locum
823 1151 879 1206 uisi
903 1146 942 1205 tle
964 1146 1051 1225 epiri·

131 1234 203 1293 tuali
226 1234 350 1293 lrorniue
369 1230 556 1310 intelligere,
588 1249 688 1309 neque
718 1231 756 1291 de
784 1233 837 1307 iia,
869 1232 921 1310 qui
945 1248 1051 1309 perpe

130 1324 211 1378 truut
233 1334 329 1395 opera
350 1313 440 1375 mele.
484 1314 621 1374 Alterum
648 1316 729 1373 enim
755 1314 806 1374 bie
838 1314 911 1374 dicit
932 1331 991 1392 per
1011 1312 1051 1371 al-

128 1410 226 1459 terum
249 1398 399 1477 irupruliri,
418 1399 463 1456 rio
486 1404 588 1458 tamen
611 1406 644 1456 ut
664 1399 787 1479 apiritua
810 1395 1000 1477 praevaleat,
1022 1404 1051 1453 et

130 1482 171 1542 illi
196 1480 344 1543 tribuatur
366 1480 448 1559 quod
472 1500 533 1540 uon
556 1489 716 1560 operetur,
746 1499 807 1540 non
831 1480 903 1539 velit
927 1477 1049 1538 malum.

128 1566 198 1627 Nou
222 1564 301 1623 euim
326 1565 415 1623 vertit
436 1565 638 1637 sententiam,
661 1571 693 1621 ut
714 1563 843 1622 diceret:
875 1562 945 1623 Nou
970 1563 1049 1622 enim

130 1648 243 1707 malum
267 1646 349 1725 quod
373 1646 455 1721 volo,
477 1647 537 1708 boo
558 1647 649 1723 lanio,
671 1647 725 1706 aed
743 1647 856 1706 bouum
880 1644 965 1724 quod
989 1662 1050 1704 non

131 1731 201 1791 uolo
223 1729 284 1789 boo
311 1730 410 1807 liroio,
444 1732 470 1789 ei
503 1740 605 1791 eutem
640 1730 722 1809 quod
751 1729 824 1790 nolo
853 1729 969 1789 bonum
991 1727 1050 1787 boe

129 1814 225 1890 inuio,
247 1814 307 1871 iam
330 1829 392 1873 nou
415 1832 474 1891 ego
497 1832 609 1893 operor
635 1812 726 1889 illud,
747 1813 801 1872 aad
823 1814 940 1892 gratia,
973 1830 1051 1890 quae

129 1896 297 1956 habitatin
321 1914 379 1956 me.
405 1894 490 1955 Haeo
514 1899 595 1957 enim
620 1914 692 1956 earo
715 1896 839 1971 diceret,
860 1897 887 1954 ei
908 1902 1051 1974 regnaret

127 1998 220 2059 auper
248 1979 386 2057 spiritum
414 1978 470 2037 eibi
500 1980 657 2041 rebellem.
705 1979 793 2039 Nune
826 1996 896 2038 eum
919 1977 1051 2057 spiritur

128 2059 302 2141 queruletur
323 2068 354 2120 et
370 2068 495 2120 aeouaet
516 2081 650 2140 earnem,
672 2070 766 2142 patet,
788 2062 871 2141 quod
889 2080 953 2121 non
977 2080 1049 2120 earo

127 2144 313 2210 dominetur,
335 2142 389 2201 sed
412 2142 580 2204 dominanti
604 2145 728 2225 Spiritui
750 2147 879 2206 molesta
902 2160 933 2204 et
953 2143 1048 2204 rebel·

126 2228 163 2287 lia
186 2228 233 2288 sit.
277 2224 358 2285 Nihil
388 2227 469 2285 enim
492 2247 547 2305 pro
571 2247 678 2309 earne,
712 2230 765 2289 aed
792 2236 901 2289 eontra
925 2246 1048 2287 earnem

128 2310 276 2389 loquitur,
311 2308 394 2386 quod
424 2327 485 2369 nou
508 2311 582 2370 l'eeit
602 2313 696 2372 homo
720 2311 850 2371 earnalia
872 2320 963 2371 extre
983 2330 1049 2390 gra·

127 2395 200 2453 tiam
233 2394 425 2455 constitutus.
468 2393 538 2454 Non
567 2414 642 2474 ergo
675 2398 747 2455 sinit
778 2397 878 2475 gretie
899 2395 958 2455 Dei
989 2395 1048 2453 boe

127 2495 206 2556 opus
227 2476 347 2554 peceati
370 2476 428 2534 eibi
449 2478 609 2557 imputari,
640 2481 711 2558 quie
734 2497 839 2539 revera
862 2496 924 2537 non
949 2480 1048 2557 ipaum

127 2568 281 2638 operatur,
303 2566 335 2618 et
356 2568 458 2619 tamen
481 2562 510 2619 in
530 2580 569 2619 eo
582 2569 638 2641 eal,
661 2582 732 2622 vere
749 2581 871 2641 quoque
894 2562 961 2641 ipae
977 2579 1049 2640 ope·

126 2651 218 2719 ratur,
241 2652 273 2701 ut
296 2643 369 2701 satia
391 2649 439 2701 eat
460 2643 584 2705 dietum.

208 2725 334 2786 Invenio
356 2727 448 2805 igitur
471 2727 587 2788 volenti
610 2729 682 2788 mihi
704 2730 806 2788 l'eeere
826 2728 950 2801 bonum,
973 2745 1047 2806 quo·

126 2812 207 2870 niam
230 2809 302 2868 mihi
323 2810 437 2869 melum
460 2810 588 2874 adiacet.
622 2811 691 2872 Non
715 2819 762 2871 eet
782 2812 862 2871 euim
885 2810 974 2887 aliua,
996 2813 1048 2888 qui

127 2893 191 2953 rult
224 2894 325 2953 faeere
357 2893 487 2969 bonum,
521 2901 553 2954 et
585 2895 663 2955 aliua
694 2897 742 2955 oui
772 2893 885 2954 malurn
914 2894 1047 2954 adiacet.

125 2976 297 3057 spiritualia
330 2976 394 3037 vult
420 2978 521 3037 litoere
550 2977 663 3038 bonum
697 2985 795 3051 totus,
828 2978 881 3036 sed
915 2976 1047 3037 earnalia

125 3060 246 3122 adiaeet
267 3060 365 3120 malua
386 3062 452 3139 ipae
470 3062 569 3120 minua
594 3069 685 3123 totus.
735 3061 942 3121 Condeleotor
963 3062 1045 3122 euim

125 3146 184 3223 legi
210 3144 266 3203 Dei
288 3144 455 3204 seeundum
479 3146 653 3204 interiorem
676 3146 846 3222 bominem,
882 3144 974 3204 video
995 3164 1047 3203 au·

126 3244 186 3289 tem
208 3228 298 3286 uliam
323 3227 422 3307 legem
457 3229 487 3286 in
517 3227 663 3295 membris
696 3229 789 3303 mein,
822 3237 1046 3307 repugnantem

127 3314 184 3391 legi
209 3313 318 3370 mentis
343 3330 440 3385 mene,
462 3320 494 3371 et
507 3313 713 3391 captivantem
738 3314 834 3371 mein
851 3310 953 3391 legem
976 3329 1034 3392 pee

126 3396 200 3470 rati,
233 3413 312 3472 quae
344 3404 391 3453 ent
420 3397 450 3454 in
485 3396 628 3455 membris
662 3397 748 3456 meis.
791 3392 850 3455 Hie
876 3395 1046 3455 olariaaime

127 3499 193 3541 nene
215 3478 358 3556 explieat.
405 3478 558 3538 Delectari
587 3479 719 3538 enimin
743 3479 810 3557 lege
836 3478 891 3538 Dei
914 3496 976 3536 non
998 3489 1046 3537 eet

128 3564 182 3629 uui
226 3562 245 3620 i'
357 3562 378 3620 ti
391 3562 533 3633 hominis,
554 3582 612 3621 neo
629 3570 779 3641 repugnat
795 3581 852 3622 neo
868 3579 1043 3641 repugnare

397 3644 536 3724 brorum,
570 3648 620 3723 qui
645 3648 740 3705 iustus
764 3664 824 3705 nou
848 3652 911 3721 eet,
944 3645 1043 3724 legem

58 3568 443 3926 imno·
472 3737 563 3789 vocat
597 3729 696 3809 legem
729 3729 918 3809 naturalem,
951 3746 1043 3807 quam
