2392 4170
451 267 531 326 naar.
549 264 628 329 aaa.
647 265 727 328 tua.
842 247 845 251 ’
991 265 1124 360 aaa¹

132 451 205 493 rere
227 438 259 494 et
279 436 417 497 scortari.
461 434 516 496 Oui
539 435 619 495 euim
641 432 783 497 voluntas
811 440 858 498 eet
885 435 923 496 ad
953 435 1073 516 legem!

130 516 201 596 -Dei,
222 516 293 578 huic
315 517 366 580 lex
387 536 450 579 non
473 518 565 579 modo
587 519 754 598 possibilis,
776 518 830 580 aed
852 519 950 579 inuitis
972 519 1054 582 iacta

133 607 194 680 ert3
221 600 302 680 quod
327 604 351 662 si
375 602 532 664 continere
555 620 616 662 non
641 610 751 683 potest,
783 622 845 664 non
869 610 957 684 urget
984 618 1052 664 eum

133 682 195 745 hoc
215 684 418 765 impossibile,
441 691 549 745 contra
571 684 671 764 legem
695 686 750 746 Dei
784 687 885 748 iacere
913 695 944 747 et
970 704 1053 748 auor·

133 767 199 831 tari.
242 767 312 832 Non
335 771 415 829 euim
448 768 519 830 ideo
551 775 720 847 scortator,
753 771 825 848 quia
857 787 917 830 nou
956 771 1054 850 poaoit

132 849 221 911 aliter
248 853 360 918 facere.
409 851 464 912 Eat
491 854 521 911 in
549 851 650 912 medio
682 853 923 930 matrimonium,
961 853 1053 914 ducat

132 953 272 1017 uxorem,
295 935 444 997 etfacilis
474 935 532 995 erit
562 936 591 995 ei
622 935 673 994 iex
702 937 861 1000 caetitatia.
908 934 980 999 Non
1008 938 1053 999 aio
1168 925 1176 942 ⁹

133 1018 258 1079 coelebs
280 1037 375 1098 meua,
399 1020 449 1099 qui
484 1019 706 1098 quantumlibet
738 1020 831 1099 pleno
865 1020 968 1080 animo
991 1019 1052 1080 rel·

133 1100 175 1162 let
196 1103 354 1164 continere
391 1111 421 1162 et
442 1102 503 1182 legi
536 1102 594 1163 Dei
639 1121 695 1182 per
729 1104 832 1164 omnia
866 1099 1052 1182 nonencort,

133 1184 224 1245 ducta
246 1205 344 1247 uxore
366 1192 543 1258 contentus,
571 1184 677 1246 maliet
698 1187 788 1246 etiam
824 1204 920 1247 uxore
947 1204 1053 1248 carere

133 1274 163 1328 et
185 1269 309 1330 coelebs
332 1268 455 1350 degere,
476 1276 578 1330 tamen
600 1269 647 1329 aui
676 1288 769 1329 sexus
797 1279 935 1330 naturam
964 1288 1051 1350 eupe-

132 1369 200 1412 rere
227 1371 288 1413 non
311 1360 432 1432 potest,
456 1360 490 1412 ut
521 1351 699 1414 naturaliter
727 1354 813 1414 socio
842 1371 919 1415 nexu
946 1371 1051 1414 carere

132 1436 252 1515 poerit,
295 1444 326 1497 et
369 1435 553 1497 scortabitur
594 1435 687 1515 ideo,
730 1437 801 1515 quia
844 1455 904 1497 uon
950 1445 1052 1517 potest

132 1518 220 1579 aliter
261 1519 371 1586 iacere.
419 1518 489 1580 Non
532 1536 606 1599 ergo
656 1519 756 1579 simile
783 1526 844 1580 ¹eat
888 1519 926 1580 de
968 1537 1051 1581 man-

133 1600 211 1662 datis
265 1609 297 1663 et
354 1610 439 1668 voto.
514 1601 572 1662 Est
614 1603 695 1663 enim
750 1603 918 1681 voluntas,
970 1620 1049 1683 quae

135 1685 280 1747 mandata
303 1684 361 1748 Dei
382 1684 483 1747 reddit
502 1684 672 1766 possibilia,
695 1704 774 1766 quae
796 1704 858 1746 non
888 1687 963 1747 eatis
995 1692 1054 1765 eet,

132 1775 165 1828 ut
187 1777 290 1830 votum
313 1769 367 1831 fiat
387 1766 546 1851 possibile.
589 1767 679 1844 Quod
701 1772 727 1829 ei
751 1769 895 1830 mandata
917 1768 973 1832 Dei
988 1786 1051 1830 aar·

132 1859 184 1913 vet
206 1861 237 1913 et
261 1863 364 1915 votum
387 1871 511 1914 servare
533 1870 596 1912 non
618 1853 736 1933 possit,
759 1852 868 1914 cedere
890 1852 983 1914 debet
1001 1870 1050 1914 ro-

135 1944 210 2015 tam,
235 1945 266 1996 ut
289 1937 434 1999 mandata
456 1941 612 2014 maneant,
633 1955 673 1997 ne
694 1935 773 1997 forte
795 1936 883 1997 nimai
900 1943 1052 2008 atratum

131 2026 163 2082 et
184 2019 361 2081 mandatum
384 2020 550 2083 scortando
574 2021 809 2101 praevaricetur.

216 2101 376 2184 Reliquum
399 2123 473 2186 ergo
496 2110 544 2166 eet
570 2104 697 2182 coelibi,
727 2104 752 2164 ei
783 2103 980 2185 impossibilia
1014 2103 1053 2164 eit

132 2190 160 2247 ei
184 2186 363 2269 coelibatus,
386 2188 433 2248 iue
456 2185 590 2250 nubendi
612 2195 644 2249 et
664 2193 770 2249 votum
785 2186 936 2266 solvendi,
959 2204 1052 2266 quan-

134 2288 224 2349 quam
247 2268 354 2347 fatear,
386 2269 437 2330 ubi
460 2270 712 2352 superabundans
747 2279 795 2332 eet
826 2272 977 2353 spiritus,
1001 2272 1051 2351 qni

136 2358 280 2433 operetur
300 2352 489 2413 voluntatem
513 2353 634 2434 plenam
658 2354 849 2435 continendi,
881 2353 924 2415 ibi
953 2359 983 2415 et
1004 2372 1052 2414 aa·

133 2437 185 2518 qui
207 2436 381 2496 necessario
404 2437 639 2517 continentiam,
671 2446 704 2498 ut
731 2438 762 2498 in
786 2437 906 2500 Sanctia
939 2437 1052 2498 iactum

134 2539 204 2582 erae
227 2520 301 2583 oerti
323 2538 438 2596 eumue,
460 2519 514 2581 aed
537 2538 605 2580 eam
635 2520 822 2581 voluntatem
850 2526 959 2601 optare
991 2540 1051 2581 ma-

132 2606 190 2686 gis,
212 2623 303 2683 quam
327 2609 483 2684 praestare
502 2609 633 2685 poaeuut
654 2603 789 2664 coelibes
811 2602 928 2686 reliqui,
958 2621 1051 2682 quan·

134 2707 226 2770 quam
249 2706 310 2749 non
334 2693 443 2768 optant
462 2685 502 2747 ad
530 2685 675 2761 mandata
704 2687 760 2746 Dei
788 2687 939 2747 servanda
968 2698 1052 2767 prae-

133 2773 331 2849 varicatores,
353 2773 432 2832 aicut
453 2769 495 2836 ss
509 2769 621 2832 Paulae
642 2769 750 2834 Roma.
763 2772 792 2834 7.
815 2769 953 2850 optabat,
971 2770 1053 2852 quod

133 2875 195 2918 uon
224 2861 344 2935 poterat
369 2861 451 2916 totus
483 2854 573 2918 vello.
621 2853 686 2915 Imo
722 2854 983 2935 praevaricatores
1013 2870 1053 2914 ex

133 2940 237 3001 animo
259 2939 369 3001 nolunt
389 2938 490 3019 legem
513 2938 581 3018 Dei,
603 2955 671 2998 cum
695 2937 838 2998 rotantes
860 2937 955 3017 impia
991 2954 1052 2997 non

131 3025 231 3105 poerit
252 3041 314 3083 non
336 3022 440 3084 odioso
462 3023 573 3103 legem,
595 3019 718 3083 eimuiat
737 3022 840 3104 potiua
862 3020 1052 3082 voiuntatem

132 3115 164 3167 et
186 3124 299 3187 opera,
322 3105 361 3168 de
383 3123 444 3186 quo
468 3103 544 3168 aliae
568 3105 682 3166 dictum
705 3111 736 3166 et
756 3121 839 3166 nunc
859 3111 947 3165 extra
968 3104 1052 3164 inati-

131 3196 230 3251 tutum
252 3197 389 3251 nostrum
413 3195 469 3256 eet.
515 3188 642 3250 Videtur
663 3205 737 3269 ergo
757 3189 858 3250 forma
878 3188 941 3249 voti
970 3187 1051 3270 apud

133 3274 232 3335 Deum
268 3274 312 3334 sio
343 3273 472 3335 habere:
533 3272 642 3339 Voveo
678 3274 864 3350 caetitatem,
909 3271 1052 3351 quamdiu

131 3356 287 3439 possibilis
311 3356 416 3437 suerit,
440 3358 466 3418 ei
487 3363 589 3419 autem
612 3374 736 3418 servare
757 3356 921 3435 n‘equiero,
958 3363 992 3416 ut
1019 3355 1048 3415 ii·

131 3447 202 3502 oeat
223 3440 347 3503 nubere.
469 3498 472 3504 ,
842 3456 847 3464 ’

215 3523 276 3586 Sed
297 3542 371 3604 age,
404 3523 453 3583 oui
474 3541 536 3584 non
558 3522 632 3584 facit
661 3522 751 3583 iidem
778 3521 858 3584 haec
885 3521 1052 3603 disputatio

132 3608 171 3670 de
192 3607 389 3689 impossibili,
417 3615 564 3687 cogamur
587 3626 656 3667 eum
685 3606 753 3688 ipsa
785 3606 990 3688 experientia,
1022 3613 1054 3666 et

130 3693 178 3753 ine
200 3711 240 3753 ex
260 3691 342 3754 iacto
364 3690 542 3773 probemur.
585 3690 667 3751 Ecce
689 3709 747 3770 ego
772 3690 844 3751 vovi
874 3696 969 3750 totam
991 3688 1053 3749 Au·

132 3776 245 3858 guatini
267 3775 417 3858 reguiam,
439 3775 471 3836 in
493 3793 556 3855 qua
576 3774 627 3836 ilie
640 3774 801 3859 praecipit,
824 3780 857 3893 pt
870 3786 1053 3855 quocunqne
