2392 4170
127 242 191 315 296
437 244 480 297 Da
498 241 572 295 votis
591 236 752 294 monastiria

127 420 203 484 t'aois
230 417 423 496 humanitus,
455 425 488 478 et
519 425 611 499 putas
640 416 741 480 Dautu
771 418 841 501 pins
872 424 1049 500 mouture,

129 504 212 585 quod
236 512 389 580 tuemur,
420 521 513 583 quum
545 502 630 584 quod
666 505 735 584 ipsa
767 502 948 565 ordinavit?
973 500 1049 583 Ipso

130 607 194 650 nou
215 593 320 669 potest
340 588 500 666 sustinere,
523 593 557 649 ut
578 587 633 649 flet
658 592 820 668 peecatum
847 589 880 648 iu
912 605 969 648 usu
996 604 1048 648 vo

128 673 230 741 stium.
252 671 327 752 sibi,
349 679 458 752 potus,
480 669 615 748 dierum,
636 673 712 752 quia
731 671 831 732 notuit
855 669 898 733 ibi
924 670 1050 750 pesam

127 774 232 837 posse,
252 761 285 817 et
307 760 411 816 tamen
433 763 466 816 tn
488 753 530 814 ibi
551 763 714 836 pennatum
735 756 848 818 ameris
873 753 950 816 fleri.
1001 752 1051 814 lta

130 838 230 900 notuit
249 838 435 900 coelibatum
458 841 666 900 necessarium
687 837 763 918 tisri,
780 838 836 901 sod
858 836 1052 900 rmxittibe

128 941 195 983 rum
216 940 296 997 esse,
317 927 350 983 et
370 921 469 983 uoluit
487 930 650 1002 pennatum
670 921 747 997 tert
769 923 795 982 si
817 923 885 1002 quis
901 921 1052 1001 nupserit,

129 1003 254 1085 quondo
276 1005 420 1081 voluerit,
438 1012 470 1066 et
491 1013 524 1065 tu
545 1014 725 1088 perpetuum
739 1005 815 1066 faeie
833 1011 908 1067 voto
924 1012 990 1081 tuo,
1011 1022 1054 1066 aa

129 1090 334 1149 neeessarium
357 1088 413 1149 sub
436 1088 515 1168 iege.
1010 1147 1017 1157 ,

211 1169 292 1248 Quid
313 1172 406 1254 igitur
426 1180 536 1251 restat,
564 1174 623 1234 nisi
651 1174 702 1234 hio
722 1174 858 1235 omnium
885 1170 1054 1233 evidentis·

128 1256 207 1317 simo
228 1257 401 1336 monstrari,
423 1262 497 1317 vota
517 1256 700 1336 religionum
721 1264 754 1318 et
780 1257 955 1317 universam
984 1272 1053 1316 mo·

128 1339 277 1401 nastiaam
298 1359 369 1400 esse
388 1340 536 1400 adversus
558 1339 728 1403 libertatem
757 1339 986 1420 evaugelioam,
1019 1344 1055 1398 st

128 1422 240 1483 divinis
263 1423 413 1484 mandatis
435 1442 562 1503 prorsus
587 1423 752 1504 prohibita,
773 1442 843 1484 eum
865 1423 971 1504 negari
999 1434 1053 1483 tte

129 1514 239 1585 queat,
272 1525 343 1567 esse
381 1524 481 1567 maras
523 1507 681 1568 hominnm
714 1505 895 1571 dooniuast
942 1504 1054 1585 Neque

129 1589 211 1650 euim
234 1590 334 1650 minus
350 1599 512 1670 peecatum
532 1597 590 1669 est,
613 1590 729 1652 violare
749 1589 922 1652 libertatem
943 1587 1054 1649 diviui-

128 1681 178 1733 tus
200 1679 355 1750 statutam,
377 1693 470 1754 quam
491 1675 523 1734 iu
545 1672 676 1753 quodvis
708 1673 791 1735 aliud
818 1673 876 1734 Dei
903 1690 1054 1753 praesep-

129 1764 193 1816 tum
215 1775 355 1836 pensare.
399 1757 524 1817 Voveas
552 1775 628 1817 esne
651 1764 683 1817 et
701 1756 814 1818 reddas
843 1754 1055 1836 quodeunque

130 1837 284 1917 volueris,
322 1838 376 1900 sed
409 1841 486 1900 nitra
516 1840 682 1901 mandatae
713 1839 861 1900 libertatis
899 1839 1054 1903 iniurium.

129 1921 237 2002 Neque
258 1923 338 1983 euim
362 1922 416 1983 tibi
437 1924 497 2003 ipsi
517 1943 586 1984 eam
616 1923 686 1985 lieet
718 1923 854 1999 auferre,
888 1940 947 1983 neo
979 1921 1056 1984 linat

129 2012 290 2084 pennatum
313 2012 458 2088 statuere,
480 2005 533 2066 ubi
554 2006 640 2067 Deus
661 2012 823 2087 pennatum
845 2024 916 2067 esse
942 2005 1053 2067 noluit.

128 2085 237 2151 Noluit
257 2096 359 2149 autem
380 2095 542 2170 pennatum
564 2088 631 2150 fleri
648 2086 746 2169 ¹posse
766 2091 797 2150 in
819 2109 876 2150 usu
891 2090 1053 2168 mstihtis,

130 2171 185 2232 sed
208 2171 334 2233 liberam
356 2172 430 2233 seuit
450 2192 530 2250 eam,
553 2180 664 2234 utnon
682 2179 826 2253 pensaret
842 2174 894 2252 qui
912 2171 1052 2235 nuberet.

127 2254 178 2315 sio
199 2261 230 2316 et
249 2254 362 2315 Paulus
384 2259 412 2319 1.
435 2255 572 2318 Corinth.
593 2260 635 2335 7.,
658 2276 726 2317 oum
751 2257 955 2336 virginitatem
979 2275 1054 2316 uon·

127 2337 250 2412 soleret,
271 2338 392 2413 udienit,
415 2340 440 2398 si
462 2339 578 2400 nullam
601 2341 816 2400 nenessitatem
835 2339 977 2413 haberet,
1000 2340 1053 2417 qui

127 2421 277 2502 virginem
298 2423 456 2482 statuisset
477 2441 615 2502 servare,
645 2442 706 2502 quo
730 2422 883 2503 prohibuit
905 2430 1051 2482 exactam

127 2511 159 2564 et
179 2512 320 2566 ooaotam
342 2512 374 2566 et
394 2507 601 2566 neeessariam
623 2525 692 2566 essa
714 2513 767 2566 aut
783 2505 849 2566 fieri
866 2507 1052 2583 uastitatem,

127 2606 217 2667 quam
240 2590 370 2667 primum
394 2608 468 2668 ergo
491 2590 561 2670 oogi
583 2590 721 2667 eoeperit
743 2594 776 2649 et
796 2589 888 2666 exigi,
911 2589 971 2648 iarn
1004 2607 1053 2648 so·

126 2671 190 2732 tuta
212 2677 258 2731 est
280 2678 312 2731 et
334 2671 440 2749 libera,
462 2691 518 2752 per
540 2671 621 2732 hano
642 2672 728 2732 Pauli
748 2673 953 2733 autoritatem.

208 2753 408 2815 Revertamur
429 2755 534 2834 itaque
556 2753 595 2814 ad
618 2754 659 2834 id,
683 2755 767 2833 quod
790 2753 1051 2834 supradiximus,

126 2845 230 2897 votum
255 2838 405 2898 eastitatis
427 2845 458 2897 et
478 2839 572 2898 totius
593 2838 801 2913 monasticae,
832 2839 857 2895 si
886 2838 969 2916 pium
993 2845 1051 2917 est,

126 2918 218 2980 debet
239 2922 415 2981 necessario
437 2939 543 2981 senum
564 2921 724 2981 involvere
746 2920 916 2982 libertatem
945 2939 1051 2981 rursus

126 3002 286 3063 omittendi
327 3011 359 3063 et
391 3005 421 3063 in
455 3003 536 3064 hano
563 3003 659 3065 terme
686 3004 869 3064 sententiam
902 3004 1050 3083 interpre

126 3087 195 3146 tari:
219 3086 328 3147 Voveo
351 3085 404 3147 tibi
427 3086 649 3168 obedientiam,
672 3088 864 3164 uastitatem,
888 3094 1051 3166 pauperta-

126 3176 186 3227 tem
210 3169 393 3228 sarvnndam
417 3188 487 3230 oum
510 3176 576 3231 tota
596 3170 703 3248 regula
718 3167 751 3231 S.
768 3170 931 3247 Augustini
951 3189 1052 3252 usqne

124 3249 163 3310 ad
186 3259 330 3328 mortem,
366 3251 474 3330 libere,
507 3254 568 3314 hoo
601 3260 666 3331 est,
702 3260 735 3311 ut
770 3259 888 3313 mutare
921 3255 1050 3332 possim,

124 3333 248 3412 qnando
271 3335 369 3395 visum
391 3334 488 3399 fuerit.
532 3334 562 3396 Si
586 3335 676 3397 aliter
695 3336 902 3415 interpreteris
925 3342 978 3395 aut
1005 3336 1052 3395 iu·

124 3414 294 3496 tenereris,
335 3419 434 3479 neruis
463 3439 504 3479 ex
532 3418 715 3499 praedietis,
748 3419 869 3499 peooari
900 3418 1049 3479 adversus

123 3497 295 3559 libertatem
327 3499 460 3561 divinam
494 3500 582 3563 nobis
618 3502 811 3579 mundatam,
854 3520 913 3561 neo
955 3520 1050 3581 possa

123 3579 205 3656 fieri,
227 3588 261 3642 ut
280 3583 363 3645 Deus
385 3583 473 3645 aliter
494 3591 651 3665 aooeptet‚
679 3586 738 3644 nisi
763 3591 891 3646 ravooet
926 3584 1046 3644 liberta

123 3671 198 3731 tem,
219 3664 250 3724 id
273 3672 328 3740 est,
351 3667 408 3725 nisi
430 3675 523 3745 neget
544 3687 578 3727 se
600 3669 709 3747 ipsum.
753 3666 833 3743 Quid
858 3665 897 3726 ad
922 3686 987 3744 me,
1022 3667 1048 3726 si

28 3743 283 3926 *Patres
305 3748 356 3815 vet
377 3749 453 3817 uuiti
472 3751 517 3819 ita
538 3752 678 3819 voverint
695 3757 749 3815 aut
761 3749 935 3839 senserint?
967 3748 1049 3841 Quid
