2392 4170
135 226 199 296 17ss
496 226 538 289 Do
555 224 721 303 abroganda

135 412 195 455 neo
222 393 316 455 Misso
348 394 443 454 terme
474 393 550 456 solis
571 396 700 456 mortuis
728 396 860 477 serviat,
888 413 969 475 quoe
1002 414 1061 478 pro

136 478 215 538 rivis
235 478 335 538 sotum
357 487 405 538 est
426 479 580 557 instituto,
608 479 665 538 uisi
699 478 782 558 quod
803 479 961 541 soorifloos
982 481 1061 541 istos

136 562 229 621 totius
285 560 367 622 orbis
421 561 530 640 opibus
574 563 674 641 poscit
716 572 746 621 et
787 564 920 642 saginat.
988 562 1062 625 Pro

134 642 215 705 bubo
248 645 355 724 igitur,
394 663 455 704 uon
489 664 559 704 esse
591 646 709 704 animos
733 653 940 724 mortuorum,
976 665 1059 726 quoe

137 726 352 808 obambulant,
375 735 406 786 et
428 727 477 786 vet
499 727 664 788 solvendos
692 728 741 787 uel
770 729 961 790 damnandos
989 748 1061 791 sese

137 809 331 870 eonfiteutur.
365 810 508 890 Primum,
531 810 715 890 quodhuius
737 813 781 872 rei
802 830 928 892 prorsus
942 813 1059 873 uultum

136 892 230 954 hobet
251 895 426 973 exemptum
449 894 554 954 divina
575 894 748 974 Scriptura,
777 896 846 956 siue
864 897 952 956 ouius
973 901 1060 959 auto·

135 978 225 1037 ritate
248 980 301 1054 (ut
316 976 468 1048 diximus)
494 977 639 1056 quidquid
660 975 696 1036 fit
716 986 891 1058 suspectum
916 998 986 1039 esse
1008 977 1060 1055 de·

136 1059 198 1140 bet,
220 1060 286 1120 sive
308 1079 362 1140 per
383 1059 525 1120 homiues
553 1062 618 1121 sive
650 1079 705 1139 per
726 1062 856 1141 angelos
877 1061 940 1126 dot
984 1060 1061 1125 Ver·

137 1142 207 1203 bum
230 1145 310 1203 euim
333 1162 421 1203 suum
443 1143 509 1203 vuit
529 1144 614 1203 Deus
636 1163 705 1203 esse
739 1147 827 1205 uobis
850 1145 1007 1207 lucernum
1026 1146 1059 1207 iu

135 1227 207 1287 loeo
229 1227 289 1287 isto
312 1226 464 1306 squalido,
488 1234 521 1287 ut
541 1225 688 1306 Petrus*)
712 1230 764 1308 uit,
788 1236 818 1288 et
838 1226 919 1289 Psul.
945 1227 1058 1307 119¹J:

135 1308 273 1370 Luserns
303 1310 433 1391 pedibus
455 1311 531 1370 meis
554 1310 680 1370 verbum
704 1317 787 1371 tuum
820 1312 978 1372 etlumen
1010 1331 1058 1373 so

135 1394 218 1454 ruitis
240 1395 325 1457 meis.
374 1393 414 1453 Et
440 1392 578 1453 Christus
609 1390 719 1458 Ioheu.
739 1398 778 1458 8:
808 1394 876 1474 Ego
905 1414 974 1455 sum
1004 1394 1058 1457 lux

134 1476 250 1541 muudi.
292 1476 352 1537 Ubi
390 1495 465 1555 ergo
505 1478 564 1536 isto
590 1476 716 1537 luoeruo
744 1482 776 1539 et
796 1478 848 1538 lux
881 1497 943 1539 non
965 1478 1058 1561 tuoet,

135 1562 202 1641 quis
224 1560 337 1621 oudest
358 1562 445 1640 sequi
475 1565 506 1619 et
527 1558 674 1621 eredere?
723 1560 835 1621 Nonne
863 1562 893 1621 iu
923 1561 1058 1625 tenebris

134 1643 272 1705 ambulat
292 1645 343 1723 qui
367 1644 412 1703 sio
433 1643 590 1704 ambulat?
619 1645 698 1703 siout
718 1643 807 1708 dicit:
837 1643 897 1719 Qui
918 1647 1059 1725 sequitur

136 1747 194 1804 me,
216 1746 277 1787 uon
299 1726 436 1787 ambulet
457 1728 487 1786 in
511 1728 662 1808 tenebris,
690 1728 798 1807 prooul
820 1727 1057 1809 dubioJoieus,

135 1810 218 1890 quod
239 1813 270 1871 iu
287 1810 420 1871 tenebris
433 1810 580 1891 ambulet,
601 1812 650 1890 qui
672 1811 756 1871 ilium
780 1831 842 1872 uou
858 1811 951 1873 habet
971 1830 1058 1893 pros·

134 1902 266 1974 euntem,
289 1913 379 1974 quem
402 1901 556 1973 sequatur.

216 2013 313 2090 Esto,
345 2011 373 2073 S.
404 2009 572 2091 Gregorius
600 2032 674 2092 pros
708 2013 818 2073 ceteris
855 2014 885 2073 in
923 2011 1057 2093 Dialogo

134 2095 268 2177 seribet,
300 2095 498 2155 Paschasium
532 2103 563 2156 et
590 2097 668 2156 otios
702 2104 838 2156 mortuos
868 2097 1058 2253 apparuisse,

135 2179 281 2261 suffragio
302 2178 476 2259 postulasse
498 2186 529 2238 et
551 2199 702 2260 responso
724 2178 856 2241 dedisse.
931 2179 977 2238 uis
1000 2197 1057 2240 uos

134 2270 234 2328 certos
266 2262 354 2339 facit,
378 2261 560 2342 Gregorium
585 2283 653 2322 oum
690 2265 752 2322 suis
782 2282 843 2323 uon
879 2263 974 2323 tuisse
1006 2261 1057 2323 hio

132 2345 262 2412 falsum?
285 2345 455 2421 Quominus
479 2347 562 2406 enim
590 2354 685 2406 tutum
708 2347 748 2406 sit
769 2348 796 2406 ei
820 2345 965 2426 eredere,
1003 2344 1059 2406 ob·

133 2437 215 2494 stent
236 2431 394 2512 praedicto
416 2429 557 2510 oracula,
586 2437 647 2489 tum
670 2429 744 2489 illud
766 2432 796 2490 in
821 2431 946 2510 primis,
975 2428 1056 2508 quod

134 2511 334 2597 Christus**)
359 2511 552 2573 seducendos
584 2514 701 2575 eteotos
724 2513 894 2594 praedixit,
920 2522 950 2572 et
981 2511 1058 2573 Pou-

134 2597 265 2679 lus***)
311 2598 507 2678 operationes
541 2598 651 2659 erroris
686 2598 883 2657 vehementer
917 2598 1056 2657 intentet.

131 2684 237 2746 Tutius
255 2684 357 2761 itaque
370 2679 467 2761 tuerit,
493 2689 588 2740 totum
604 2683 812 2761 purgatorium
827 2699 951 2760 negare,
965 2698 1056 2759 quoru

132 2766 283 2847 Gregorio
306 2764 366 2824 hoo
388 2763 457 2823 loeo
480 2764 625 2843 eredere,
653 2765 734 2843 quod
758 2765 808 2823 hio
829 2767 868 2824 sit
890 2762 1057 2843 perieulum

132 2850 252 2925 erroris,
273 2849 336 2908 illio
359 2848 471 2907 notium
496 2849 674 2928 perieulum,
698 2855 730 2908 ut
753 2849 888 2928 quitum
912 2845 977 2906 fato
1001 2864 1055 2926 po·

132 2937 203 3012 tuit,
237 2938 314 2992 teste
337 2930 476 3009 Christo,
506 2938 568 2990 turu
598 2933 663 2990 sine
686 2931 841 3011 Scriptura
871 2930 1007 3009 loquitur
1028 2938 1057 2991 st

132 3019 215 3079 fucit,
266 3014 344 3074 Nom
381 3016 459 3074 Deus
492 3016 558 3094 ipse
592 3035 646 3074 suo
681 3016 769 3095 signo
798 3031 953 3092 nunquam
991 3015 1057 3073 siue

132 3100 227 3164 verbo
251 3106 402 3180 operatur.
446 3097 576 3156 Primum
601 3100 680 3157 enirn
704 3097 847 3176 loquitur,
871 3096 983 3156 deinde
1007 3094 1056 3156 ed-

132 3186 176 3246 dit
197 3186 295 3262 siguo,
318 3191 357 3262 et,
382 3181 650 3260 utMorous****)
674 3183 726 3260 uit,
749 3199 923 3241 sermonem
947 3177 1056 3240 oondr·

134 3278 196 3329 mot
218 3266 415 3346 sequentibus
439 3266 551 3345 signis,
582 3285 641 3325 uon
667 3266 770 3345 utique
803 3263 1057 3345 praecedentibus

132 3358 185 3412 out
206 3350 279 3410 sotis
306 3348 504 3411 venientibus.
550 3348 610 3410 Sed
634 3356 665 3408 et
688 3351 783 3408 Amos
807 3352 835 3413 3.
861 3347 953 3408 dicit:
985 3342 1056 3408 Nou

132 3435 222 3497 fooiet
245 3434 327 3494 Deus
351 3453 425 3510 rem,
448 3435 504 3494 nisi
528 3432 711 3494 revelaverit
732 3439 883 3493 seoreturu
906 3448 995 3492 suum
1018 3428 1056 3491 od

201 3673 232 3743 ⁴¹)
253 3673 278 3731 2.
299 3671 357 3726 Pet.
376 3671 401 3725 2.
453 3674 478 3734 1)
499 3671 528 3723 ln
548 3669 590 3725 sd.
612 3670 698 3740 σήμ
720 3671 780 3727 118.
825 3667 874 3738 ’·)
896 3664 996 3725 Metto.
1015 3666 1059 3727 24.

135 3746 201 3819 Μ)
222 3746 247 3803 2.
266 3742 364 3799 Thess.
384 3745 410 3800 2.
451 3743 533 3805 ns.)
554 3743 638 3800 Marc.
659 3746 701 3800 16.
