2392 4170
130 250 194 321 444
334 250 439 311 orum
457 192 606 319 naasson
623 266 719 325 agen
735 240 861 324 mattas

130 424 211 481 stros
232 425 265 480 et
285 416 380 479 falsos
401 414 581 515 propbetas.
621 415 717 479 Simul
741 415 943 499 intelligimus
962 416 1056 561 md&

1029 520 1057 561 1.

131 520 202 563 nem
225 500 348 563 Hsnrioi
369 506 467 585 nostru
487 505 518 560 st
539 501 676 561 omnium
686 498 1009 577 'l'bomistarumstoli

131 592 238 663 tatem,
259 584 311 666 qni
334 602 479 645 ossuum
502 582 665 663 impudens
687 584 718 661 in
741 582 861 646 ooslnm
884 589 1008 664 ponunt
1026 589 1058 645 st

132 667 234 729 disere
255 664 371 729 audant
390 666 421 727 in
442 665 505 727 boo
525 664 678 747 saorrlago
702 665 823 729 libello:
850 666 983 729 Etiamsi
1002 664 1059 731 ee

132 757 320 813 aramentum
343 747 459 812 ordinis
481 768 544 810 non
556 757 641 811 assat
659 749 691 810 in
702 748 863 831 Soripturis
874 750 1058 837 institutum,

131 840 242 897 tamen
257 852 354 915 panes
377 832 541 895 eoolssiam
564 851 633 894 esse
653 832 707 907 ius¹
722 832 907 896 instituendi·
921 834 999 897 ains.

216 916 254 979 Et
282 935 373 996 quam
410 915 502 977 stulta
530 914 657 977 verbum
679 917 727 979 Au
788 916 860 993 tini,
896 916 982 997 qnod
1019 914 1059 979 de

132 998 304 1081 Evangelio
333 1019 388 1081 per
409 992 573 1060 eoolesism
607 1005 673 1060 toto
696 1018 731 1060 or
752 1018 770 1061 a
792 1000 920 1081 oognito
941 1007 974 1061 et
988 998 1059 1082 pro

133 1082 205 1145 bato
229 1082 374 1164 loquitur,
395 1078 551 1163 aptarit¹)
580 1080 620 1143 ad
641 1082 689 1144 ius
711 1080 909 1145 tradit-ionum
931 1081 1058 1145 arbitrio

132 1166 294 1246 impiorum
328 1165 487 1227 homiuum
515 1165 754 1230 statuendarnm.
797 1168 857 1227 lsta
878 1173 927 1227 ast
948 1164 1060 1229 modus

131 1248 325 1331 intelligendi
347 1248 429 1311 diota
442 1248 567 1313 Patrom
585 1255 618 1310 st
630 1245 815 1331 Sosipturae.
857 1248 897 1311 Hi
909 1257 994 1329 sunt,
1009 1249 1060 1329 qui

132 1331 270 1405 soribunt
291 1333 479 1395 assertiones
500 1331 786 1407 §aeramentorum
814 1332 925 1394 horum
959 1333 1059 1395 multi·

63 1445 69 1457 ·
133 1415 208 1478 tudo
241 1422 272 1477 at
311 1416 492 1487 diuturnitas
528 1421 577 1477 ast
597 1421 736 1497 potestas
758 1415 889 1477 taoiendi
912 1415 1060 1479 artioulos

132 1498 216 1575 fidei,
238 1504 301 1561 tam
323 1499 436 1582 stupidi
459 1506 491 1561 et
510 1498 649 1579 hebetes,
673 1504 706 1563 ut
725 1499 806 1560 inter
818 1518 1012 1581 eognosoere
1031 1504 1061 1561 st

132 1582 284 1663 imperare
305 1582 379 1650 nihil
400 1581 599 1645 discernens·
687 1652 690 1657 ἢ

215 1667 259 1729 At
278 1666 329 1727 bio
350 1663 470 1729 disent:
503 1665 535 1729 si
556 1664 746 1745 singulorum
769 1671 816 1726 ast
836 1664 884 1727 ius
905 1664 1061 1729 iudiosndi

133 1755 165 1810 at
186 1748 348 1831 probandi,
371 1749 438 1828 quis
459 1748 517 1811 erit
531 1747 653 1829 modus,
674 1749 700 1809 si
722 1746 838 1809 iudioes
860 1746 1061 1811 dissenserint

15 1842 19 1849 '
133 1839 166 1894 et
195 1834 407 1915 unusquisque
439 1831 607 1894 seeundum
641 1851 730 1892 suum
767 1839 860 1913 oaput
897 1830 1060 1894 iudioaritl

134 1913 237 1992 Quare
256 1936 385 1979 nenessa
413 1923 461 1978 ast
481 1934 575 1978 unum
598 1933 683 1996 esso,
697 1984 702 1989 ,
717 1915 802 1975 ouius
832 1914 947 1976 iudisio
982 1922 1062 1978 stant

135 2001 227 2061 soteri
248 2001 395 2076 oontenti
419 2008 452 2062 ιιι
473 2000 560 2061 salva
581 1999 621 2061 'sit
641 1998 742 2059 unitas
764 1996 925 2064 eoolasias.

216 2083 421 2164 Respondes:
452 2083 522 2144 Hos
543 2081 686 2144 ossillum
708 2080 810 2142 nullos
833 2082 949 2143 restius
974 2080 1062 2144 deost

135 2184 225 2245 quam
247 2165 433 2232 Thomistas.
476 2165 599 2243 Quaero
623 2165 703 2226 enim
727 2171 757 2224 et
777 2184 850 2244 ego:
874 2164 951 2240 Quis
971 2163 1061 2227 bodie

134 2248 243 2309 modus
266 2255 329 2327 est,
361 2248 412 2310 ubi
446 2269 553 2311 omnes
585 2248 699 2309 iudioio
721 2249 810 2308 unius
832 2247 938 2327 Papae
961 2247 1061 2310 stanti

133 2331 202 2393 Ubi'
216 2332 265 2392 hio
287 2339 334 2393 est
355 2333 455 2393 unitas
478 2331 585 2392 salva?
627 2331 676 2394 An
697 2330 758 2391 hoo
770 2339 818 2391 est
829 2332 980 2393 unitatem
995 2351 1061 2393 esse

134 2415 269 2495 salvam,
303 2422 432 2476 externo
455 2416 558 2496 Papae
589 2416 714 2476 nomine
736 2414 834 2474 uniri?
877 2413 937 2477 Ubi
960 2424 1062 2476 manet

134 2499 234 2559 unitas
256 2499 420 2561 sordium?
463 2498 539 2575 Quis
561 2506 608 2558 est
629 2503 730 2558 osrtus
741 2499 771 2557 in
793 2498 1061 2576 eonscientiasua‚

134 2580 248 2662 Papam
272 2590 355 2643 reate
376 2581 534 2643 iudicare?
577 2582 619 2642 Αι
648 2582 704 2641 nisi
727 2580 877 2641 certitudo
901 2581 956 2657 sit,
980 2580 1062 2643 nulla

134 2673 181 2724 est
203 2666 313 2728 unitas.
356 2664 430 2728 ldeo
459 2665 515 2726 sub
539 2665 622 2745 Papa
650 2669 698 2724 est
726 2663 848 2742 quidem
870 2682 991 2743 pompa
1012 2684 1062 2725 ax·

135 2754 242 2808 ternae
264 2749 398 2822 unitatis,
422 2749 476 2810 sed
497 2749 580 2808 intus
602 2765 662 2807 non
686 2748 744 2807 nisi
767 2747 986 2808 confusissime
1006 2748 1061 2809 Ba·

134 2829 240 2911 bylon,
262 2836 296 2892 ut
317 2850 375 2891 neo
396 2832 474 2913 lapis
496 2850 588 2910 super
608 2829 743 2910 lapidem
765 2831 814 2909 sit,
837 2848 895 2889 neo
917 2848 973 2891 oor
995 2849 1061 2890 oum

134 2912 228 2974 sorde
249 2915 376 2993 sentiat,
410 2925 443 2975 ut
475 2913 597 2991 videas,
629 2931 721 2994 quam
751 2909 884 2975 feliciter
904 2913 1063 2974 medeatur

134 2995 226 3057 rebus
248 2997 455 3078 spiritualibus
485 2997 620 3058 humana
652 2997 808 3056 temeritas
843 2995 906 3055 suis
930 2997 1060 3058 statutis.

133 3078 204 3140 Alia
226 3081 319 3159 igitur
341 3081 391 3140 vis
412 3081 513 3141 unitas
536 3076 687 3140 eoolesiae
709 3077 885 3158 quaerenda
908 3087 966 3142 est.

216 3163 303 3224 Haeo
324 3167 380 3242 eat,
403 3181 495 3243 quam
519 3163 657 3225 Christus
680 3159 886 3242 ponitloban.
910 3165 943 3226 6:
968 3162 1064 3223 timna

135 3263 242 3305 omnes
270 3244 420 3306 docibiles
441 3246 515 3325 Dei,
546 3246 665 3319 omnis,
699 3246 752 3326 qui
783 3243 900 3305 audivit
932 3245 1064 3307 aPatra

134 3345 217 3404 meo,
239 3329 323 3389 venit
345 3328 384 3389 ad
406 3349 464 3393 me.
507 3328 579 3408 llle,
600 3330 746 3408 inquam,
779 3329 916 3388 internus
938 3330 1063 3409 spiritns

133 3409 218 3471 solus
240 3413 401 3473 unanimes
433 3412 571 3474 babitare
591 3411 665 3472 lauit
692 3412 723 3472 in
751 3409 865 3489 domo,
899 3411 950 3471 bis
972 3413 1064 3474 doost

132 3491 214 3553 ldem
238 3513 358 3576 sapere,
380 3495 462 3557 idem
483 3495 629 3572 iudicare,
650 3493 732 3555 idem
755 3512 957 3577 eognososre,
980 3496 1062 3559 idem

133 3573 280 3660 probare,
309 3575 391 3651 idam
413 3579 544 3658 dooere,
577 3577 658 3639 idem
682 3577 839 3658 confiteri,
860 3577 944 3641 idem
966 3579 1062 3662 sequi.

207 3761 241 3836 1)
261 3759 293 3818 ln
310 3760 354 3820 sd.
365 3762 436 3821 Ian:
454 3761 716 3843 aosommodarerlt
