2392 4170
164 251 229 319 230
358 251 486 309 Assertio
505 270 580 307 omn.
599 256 675 309 artic.
695 255 724 308 D.
743 255 777 308 Μ.
796 254 825 308 i..
846 269 896 322 per

168 427 212 488 se,
234 408 265 468 in
288 416 478 489 caputsuum
502 410 618 489 operati
642 417 723 486 suut,
745 416 945 487 utuunquam
956 406 1094 488 legerim,

169 493 221 572 qui
244 511 279 552 ss
300 492 422 554 foedius
444 491 741 572 abominabiliusque
764 492 1033 563 dedecoraverint,
1062 498 1094 551 et

169 578 199 636 iu
223 595 346 636 omnem
362 577 577 656 turpitudinem
593 596 741 653 errorum,
762 577 944 651 haeresium,
966 574 1095 635 malitia·

168 678 235 720 rum
259 660 450 738 apertissime
466 659 655 735 tradiderint,
678 661 839 723 excaecati
860 669 891 720 et
906 661 1094 738 ignorantes,

170 741 250 803 adeo
273 762 335 803 non
360 750 407 806 est
428 743 522 804 homo
545 745 576 803 in
599 763 691 804 manu
714 763 781 820 sua,
804 745 896 804 etiam
920 742 1002 805 mala
1022 760 1094 822 ope

168 843 239 891 raus
272 834 305 886 et
337 827 488 906 cogitans.
539 827 580 886 Et
608 847 680 889 vere
706 826 819 888 Paulus
840 826 937 908 Ephe.
962 827 977 888 1
1001 823 1094 886 dixit:

169 908 253 969 Deus
276 917 420 987 operatur
442 910 547 971 omnia
566 911 598 970 in
621 909 773 971 omnibus.

249 990 342 1052 Periit
362 993 465 1072 itaque
487 993 537 1053 hio
558 994 650 1054 etiam
673 993 826 1074 generalis
851 992 905 1053 illa
925 990 1094 1070 influentia,

169 1092 231 1154 qua
263 1076 416 1154 garriunt,
450 1094 518 1136 esse
551 1077 580 1135 iu
611 1083 764 1156 potestate
795 1082 901 1137 nostra
939 1073 1095 1136 naturales

167 1158 363 1238 operationes
395 1161 524 1238 operari.
577 1159 673 1220 Seeus
703 1180 767 1219 rem
800 1159 914 1221 habere
944 1163 1095 1218 monstrat

58 1270 64 1275 ’
168 1241 358 1319 experientia
380 1244 526 1304 omnium.
561 1243 601 1303 Et
621 1243 691 1303 vide
712 1263 770 1304 nos
787 1244 971 1319 insensatos,
993 1243 1094 1322 ipsam

167 1322 302 1385 radicem
324 1343 467 1405 operum,
495 1345 606 1405 nempe
628 1328 721 1387 vitam
743 1327 859 1407 ipsam,
892 1344 972 1405 quae
1001 1329 1095 1405 ceput

167 1413 215 1466 est
235 1408 370 1469 omnium
394 1427 532 1489 operum,
553 1410 666 1469 scimus
688 1429 806 1487 omues,
828 1409 912 1470 nuilo
934 1414 1093 1469 momento

167 1508 235 1550 esse
258 1491 289 1550 in
311 1511 402 1552 mauu
425 1499 548 1566 nostra,
579 1502 609 1551 et
636 1492 785 1554 audemus
808 1492 926 1571 dicere,
960 1491 1094 1571 aliquam

167 1573 388 1652 cogitationem
410 1594 480 1636 esse
506 1577 537 1634 in
560 1595 652 1636 manu
675 1579 803 1640 nostrai
831 1575 911 1652 Quid
934 1571 1094 1651 absurdius

170 1654 231 1716 dici
251 1656 377 1736 potest?
407 1657 466 1734 Qui
496 1676 571 1738 ergo
594 1660 687 1719 vitam
709 1668 845 1720 nostram
869 1659 899 1718 iu
922 1676 1014 1719 manu
1037 1676 1095 1717 sua

167 1739 308 1818 retinuit,
340 1749 442 1802 motus
470 1747 593 1802 nostros
622 1751 652 1803 et
681 1762 777 1823 opera
803 1743 835 1802 in
865 1761 957 1802 manu
989 1746 1096 1802 noras

167 1821 292 1901 posuit?
322 1822 418 1889 Absit.
463 1824 551 1885 Unde
573 1843 635 1885 uon
658 1832 706 1886 est
727 1825 868 1901 dubium,
901 1832 1009 1884 satana
1031 1841 1094 1883 ma-

168 1905 266 2050 gistro
288 1906 319 1966 iu
343 1905 504 1967 ecclesiam
528 1909 650 1968 venisse
670 1908 731 1968 hoc
752 1927 865 1968 nomen
886 1906 1027 1967 Liberum
1050 1925 1096 1966 ar-

190 1988 310 2064 itrium,
333 1989 371 2049 ad
391 1988 585 2051 seducendos
615 1990 755 2051 homines
785 2011 803 2052 a
825 1992 876 2051 via
899 1989 956 2049 Dei
977 1990 1007 2050 in
1030 1989 1096 2049 vias

167 2089 239 2131 suas
262 2071 411 2151 proprias.
454 2072 574 2132 Fratres
596 2072 704 2153 loseph
734 2075 860 2135 omniuo
882 2074 1097 2152 cogitaverunt

169 2172 238 2213 eum
260 2152 411 2230 occidere,
434 2163 465 2214 et
487 2173 561 2215 ecce
581 2157 649 2236 ipsa
671 2156 748 2217 haec
759 2157 906 2236 cogitatio
930 2154 1008 2216 adeo
1031 2173 1094 2216 non

169 2242 234 2296 erat
255 2237 286 2295 iu
309 2254 415 2297 eorum
437 2237 571 2312 arbitrio,
595 2247 627 2298 ut
648 2240 739 2299 etiam
762 2242 792 2300 iu
815 2239 1001 2300 contrarium
1021 2256 1096 2299 mox

169 2319 273 2378 omnia
295 2321 479 2398 cogitarent,
508 2322 586 2382 sicut
609 2321 751 2395 dixitm:
781 2323 846 2382 Vos
876 2320 1035 2401 cogitastis
1058 2318 1097 2380 de

170 2419 219 2462 mo
243 2402 367 2481 maium,
389 2404 443 2464 sed
464 2404 549 2465 Deus
573 2407 662 2465 vertit
683 2404 757 2465 illud
782 2407 811 2465 iu
830 2406 954 2466 bouum.

252 2484 368 2568 Habes,
392 2487 564 2548 miserande
587 2508 682 2568 papa,
717 2488 788 2568 quid
816 2488 866 2548 hio
897 2484 1095 2567 oggannias?

168 2565 257 2628 Unde
280 2574 313 2629 et
333 2568 415 2630 hunc
437 2569 597 2631 articulum
619 2591 747 2632 necesse
769 2577 815 2632 est
836 2588 992 2648 revocare,
1015 2567 1096 2628 mals

169 2650 249 2710 enim
273 2650 346 2724 dixi,
369 2654 452 2733 quod
474 2653 614 2713 Liberum
638 2654 794 2715 arbitrium
817 2661 889 2714 ante
910 2653 1039 2732 gratiam
1057 2651 1095 2710 sit

167 2750 216 2794 res
239 2733 367 2796 desolo
390 2735 494 2813 titulo,
517 2735 572 2796 sed
595 2737 773 2816 simpliciter
795 2736 885 2797 debui
909 2735 1025 2795 dicere:
1047 2732 1095 2794 Li·
1157 2813 1159 2817 y

167 2814 273 2877 berum
294 2817 450 2879 arbitrium
475 2826 521 2878 est
548 2818 726 2899 figmentum
748 2821 779 2880 iu
802 2819 892 2880 rebus
913 2838 969 2878 seu
991 2814 1096 2877 titulus

167 2899 298 2960 sinere.
342 2899 422 2976 Quia
450 2901 523 2961 nulli
548 2910 595 2962 est
620 2903 649 2962 iu
673 2923 765 2964 manu
788 2922 844 2963 sua
866 2901 1022 2981 quippiam
1045 2915 1096 2960 co·

167 2981 266 3061 gitare
287 2982 359 3044 mali
382 2990 435 3045 aut
456 2983 539 3059 boni,
561 2983 656 3060 seul)
683 2987 787 3047 omnia
812 2988 862 3062 (ut
885 2982 1027 3064 Viglepbi
1050 3000 1097 3042 ar·

167 3063 275 3125 ticulus
305 3064 505 3128 constantiae
533 3067 694 3129 damnatus
723 3077 805 3129 recte
835 3064 944 3147 docet)
976 3065 1016 3126 de
1045 3082 1095 3124 ue-

167 3149 312 3208 cessitate
334 3145 476 3210 absoluta
499 3152 652 3214 eveniunt.
698 3150 788 3226 Quod
820 3159 850 3211 et
872 3154 966 3232 poeta
988 3146 1095 3224 voluit,

166 3229 291 3307 quando
316 3230 406 3291 dixit:
430 3232 522 3294 Certa
544 3240 627 3294 stant
648 3236 751 3294 omnia
774 3234 850 3314 iege.
895 3233 935 3293 Et
956 3230 1094 3292 Christus

167 3311 270 3374 Matth.
296 3315 351 3380 10:
376 3314 492 3376 Folium
516 3316 632 3378 arboris
655 3336 717 3377 non
740 3316 822 3377 cadit
845 3317 876 3376 iu
898 3322 1008 3375 terram
1027 3313 1094 3373 siue

221 3538 251 3678 ii
271 3535 365 3664 ibebb.
380 3541 496 3665 5ibbrcnsi
520 3612 589 3666 haec
608 3613 749 3683 leguntur:
779 3612 827 3667 ssd
847 3614 942 3665 omnia
961 3612 1013 3667 snb
1032 3608 1093 3664 Dao

164 3686 237 3746 aunt,
257 3686 454 3751 contraquam
474 3682 543 3736 nihil
563 3700 721 3752 possumus,
741 3687 793 3738 nisi
807 3689 941 3754 quantum
960 3683 1095 3753 permittit

164 3757 211 3806 aut
229 3753 295 3807 iacit
312 3755 381 3823 ipss.
418 3754 499 3822 Quod
519 3760 546 3809 st
563 3760 646 3825 poeta
664 3760 715 3810 stc.
