2392 4170
455 267 732 327 nossunsnun.
960 265 1059 353 ‚nen

134 432 291 578 proprium
313 432 466 516 intelligit
490 435 543 515 qui
557 435 704 516 figuretur
723 444 772 499 est
785 436 880 501 verbo
895 436 1059 503 condendi.

135 518 182 580 Un
206 539 223 578 e
244 518 275 577 in
299 523 358 582 vet
379 517 462 583 Test.
486 520 570 583 idolo
591 518 721 583 conflari
741 528 772 583 ct
793 520 962 585 confletilis
984 520 1060 602 lieri,
1162 596 1165 601 Ι

125 603 248 677 idest,
284 600 430 680 dogmate
464 604 560 684 impin
590 623 718 685 operum
742 606 888 686 componi
910 605 1060 667 dicuntur.

134 685 223 746 Hunc
255 685 394 764 spiritum
427 686 459 746 in
489 688 578 749 nobis
606 696 637 750 et
667 690 830 751 internos
859 708 924 751 non
956 688 1087 752 delore.

134 768 298 850 praedicit,
321 767 377 828 sed
400 788 440 829 ne
460 790 515 850 per
536 773 635 852 ipsum
659 773 888 852 peregrinemur
909 773 939 832 in
960 779 1060 835 tente-

135 853 251 914 tionem
280 852 368 912 etin
395 853 592 936 scandulum,
627 860 818 936 praemonet.
860 855 956 917 Erant
979 857 1060 917 enim

133 937 223 997 lutnri
246 943 278 996 et
299 935 420 996 inerunt
451 947 600 1019 eruntque
622 938 700 1001 baec
723 939 886 1002 molientes
906 940 937 999 in
960 937 1060 1001 nobie.

120 1019 195 1083 ted
217 1019 314 1080 nolite
336 1019 465 1104 (inquit)
489 1042 508 1083 c
530 1022 700 1084 domestice
723 1031 824 1085 vestre
839 1022 946 1104 regule
967 1021 1061 1084 decli·

134 1122 223 1181 nere,
246 1102 334 1181 qncsi
365 1103 478 1181 aliquid
501 1107 696 1187 peregrinum
719 1101 965 1183 vobis'cocidst‚
1001 1106 1061 1168 hoo
1165 1145 1168 1149 >

134 1193 191 1266 est,
215 1187 410 1265 certieetote‚
432 1189 506 1250 nibil
522 1191 595 1251 novi
619 1189 779 1252 docebitur
800 1190 908 1271 cDeo‚
931 1189 960 1249 id
977 1189 1061 1268 quod

95 1341 97 1344 ¹
133 1269 260 1332 audistis
284 1270 409 1333 verbnm
433 1279 590 1335 oeternum
614 1277 677 1351 est,
714 1292 842 1335 monens
870 1273 900 1333 in
922 1274 1061 1335 seculum

133 1353 240 1416 seculi.
283 1350 373 1428 Quod
408 1357 433 1415 si
467 1357 539 1436 qnid
568 1359 642 1419 novi
672 1364 704 1418 et
732 1357 884 1437 peregrini
904 1356 1060 1436 acciderit,

133 1437 254 1508 scitote,
276 1435 401 1497 aliunde
422 1457 513 1518 quom
536 1461 555 1502 s
577 1441 644 1503 Deo
667 1442 789 1518 venire,
818 1447 851 1500 ut
872 1459 929 1501 vos
950 1447 1061 1501 evocet

133 1528 163 1581 et
184 1520 371 1601 peregrinari
394 1519 506 1588 facist..
542 1523 610 1600 Quo
633 1523 728 1585 verbo
746 1524 839 1605 plsne
861 1523 992 1585 niumm
1005 1522 1060 1585 Ps-

133 1605 280 1684 pistsrum
305 1605 497 1669 mendacium
510 1608 761 1689 praeoccupavit,
784 1625 845 1686 quo
860 1606 977 1680 dicunt,
997 1624 1060 1667 non

133 1689 238 1748 omnin
259 1704 328 1748 esse
350 1707 368 1747 u
391 1688 513 1753 Christo
536 1699 567 1751 et
587 1690 738 1771 apostolis
758 1689 840 1750 dicte
862 1696 893 1751 et
913 1689 1061 1768 institute,

132 1770 187 1832 sed
208 1769 359 1831 ccclesiae
381 1773 510 1853 plurime
523 1773 664 1835 «dicende
686 1779 716 1836 et
736 1772 925 1835 instituendo
945 1772 1061 1833 relicte.

131 1853 201 1915 Hoc
222 1860 269 1914 est
290 1859 483 1936 peregrinum
506 1864 537 1919 et
557 1874 688 1936 novum,
722 1856 804 1936 quod
837 1861 931 1936 neget
952 1854 1060 1932 Petrus

133 1936 223 1999 nobie
245 1937 574 2007 eccideredebcrecut
594 1959 697 2021 posse.
741 1939 853 2002 Omnis
871 1957 956 2018 ergo,
980 1957 1061 2018 quse

132 2040 195 2082 non
217 2026 288 2081 sunt
306 2021 400 2085 verbs
427 2031 458 2086 et
482 2044 578 2105 opere
599 2023 673 2102 Dei,
708 2024 758 2084 hic
791 2021 1061 2100 damnaremus,

132 2105 193 2165 boe
214 2109 271 2182 est,
293 2115 366 2165 vote
389 2109 560 2169 monastice
581 2107 682 2170 solvit

216 2185 359 2248 Omnium
386 2197 487 2252 eutem
515 2190 744 2253 evidentissime
766 2189 906 2251 Christus
928 2187 1061 2266 loquitur

134 2273 165 2328 in
188 2272 359 2330 monastice
391 2280 464 2334 vote
486 2272 593 2335 Metth.
616 2276 681 2339 24³:
724 2274 857 2335 Tunesi
880 2270 1061 2351 quidnobis

136 2351 262 2413 dixeritr
304 2351 387 2413 lllcce
408 2354 459 2416 hic
481 2362 528 2416 est
549 2356 688 2417 Christus
708 2363 762 2417 eut
783 2355 855 2433 illic,
877 2355 972 2416 nolite
995 2372 1063 2415 cre·

135 2436 217 2515 dere,
240 2442 366 2516 surgent
388 2439 470 2497 enim
492 2438 716 2518 pseudochristi
728 2446 760 2498 ct
769 2437 1062 2518 psendoprophetae

99 2563 102 2567 ,
135 2526 165 2581 et
188 2517 305 2579 debunt
326 2519 414 2599 signe
435 2526 601 2600 magnaei
622 2520 779 2601 prodigis,
810 2530 844 2581 ut
875 2522 905 2581 in
928 2539 1062 2581 errorem

134 2601 328 2684 inducentur,
351 2605 376 2664 si
396 2602 463 2664 fieri
484 2609 597 2684 potest,
619 2605 712 2664 etiem
735 2603 835 2666 electi.
877 2602 959 2664 Ecce
978 2621 1063 2682 prce·

136 2686 198 2746 dixi
221 2683 318 2747 vobis.
362 2685 395 2749 Si
417 2706 492 2767 ergo
507 2686 641 2748 dixerint
661 2685 766 2747 vobis:
788 2686 870 2747 Ecce
892 2686 923 2745 in
940 2683 1062 2746 deserto

136 2776 198 2845 est,
233 2769 331 2831 nolite
352 2771 452 2849 exire,
485 2788 559 2831 ecce
588 2771 618 2831 in
641 2767 849 2851 penetralibus
872 2768 933 2846 est,
969 2767 1065 2829 nolite

136 2850 271 2913 credere.
315 2852 401 2914 Hsec
434 2852 529 2915 verbe
562 2852 602 2913 de
630 2851 721 2913 nullis
750 2851 913 2914 haereticis
933 2850 1063 2930 intelligi

135 2941 277 3016 possunt,
299 2937 357 2997 nisi
378 2937 425 3019 iis,
449 2938 591 3016 quirice
612 2943 643 2998 et
664 2935 775 2997 modos
801 2940 852 3007 (nt
873 2938 1003 3008 vocent)
1022 2933 1064 2993 vi-

135 3017 227 3079 vendi
251 3019 290 3082 cd
317 3021 462 3081 iustitiam
486 3026 518 3081 et
545 3019 673 3081 salutem
697 3018 826 3096 docent,
860 3016 966 3097 quoles
989 3014 1064 3077 nulli

86 3102 89 3107 ’
136 3103 261 3165 fuerunt
298 3108 419 3184 praeter
440 3103 582 3184 Pnpisles
615 3110 646 3164 et
680 3102 877 3165 monasticos.
921 3099 966 3160 Hi.
982 3099 1063 3161 enirn

136 3193 208 3247 sunt
230 3187 282 3266 qui
303 3187 421 3248 iactent
441 3187 610 3264 Enemitcs,
632 3185 662 3246 id
685 3195 742 3266 est,
765 3191 880 3247 vocent
900 3183 939 3245 cd
962 3181 1081 3244 deser·‘

136 3279 200 3330 tum
222 3277 254 3330 et
275 3271 465 3349 penetralis,
488 3270 520 3331 id
541 3276 610 3347 εει,
633 3269 769 3331 clmsns
790 3287 844 3329 sen
868 3265 1064 3328 monasterie.

137 3351 172 3414 In
196 3352 244 3412 his
266 3351 381 3413 docent
401 3355 532 3415 inveniri
555 3352 718 3426 Christum,
739 3351 843 3428 idest,
866 3349 1010 3412 iustitium
1034 3356 1066 3409 et

137 3435 279 3514 salutem,
302 3442 363 3496 tem
384 3437 588 3516 impudenter,
611 3441 645 3495 nt
665 3441 785 3497 ceteros
799 3432 922 3494 vivendi
941 3432 1065 3495 ordines

137 3519 296 3599 appellent
316 3519 486 3599 seculares,
520 3519 608 3599 quasi
634 3518 716 3599 cpud
740 3537 774 3578 ee
794 3516 879 3579 solos
903 3516 943 3577 sit
963 3514 1064 3590 selus;

135 3600 189 3664 sed
212 3602 275 3663 lucc
295 3603 365 3684 ipso
388 3609 461 3664 sunt
480 3601 716 3684 pseudochristi,
741 3608 772 3661 et
792 3620 812 3663 c
833 3586 1065 3669 communilide

135 3685 259 3753 tranunt
280 3685 320 3752 ed
342 3704 439 3772 opero
460 3693 491 3749 et
512 3705 532 3746 c
546 3685 668 3747 Christo
690 3687 763 3766 post
784 3704 820 3747 sc
840 3683 937 3765 ipson
977 3679 1065 3761 Legi·
