2392 4170
381 235 647 308 Ambrosti'cathar.
665 266 691 308 a.
715 247 791 310 itti,
993 243 1055 319 337

133 416 181 469 tes
203 416 283 482 sunt,
306 408 385 469 Psal.
410 406 512 489 68¹),
535 407 607 471 Est.
622 411 650 471 3.
674 417 704 467 et
726 408 792 467 aliis
815 407 903 468 locis.
948 406 1071 488 Neque·

133 491 312 571 theologum
335 491 400 551 fleri
425 492 506 567 licet,
529 488 816 571 nisisaerifleum2)
841 491 1001 569 eiusmodi,
1020 494 1057 569 ,ul

134 574 229 654 vulgo
251 575 343 634 etiarn
367 573 406 635 ob
430 575 460 634 id
490 574 568 633 male
595 574 719 634 audiant
750 573 897 654 theologi.
940 573 1056 634 Dentes

131 676 242 719 eorum
266 658 345 717 sicut
366 657 473 717 dentes
503 657 626 717 leonum
655 664 749 717 erant
795 657 851 716 Vel
880 656 1055 718 Thomistas

132 741 221 802 solos
245 741 311 800 vice
334 742 470 801 omnium
494 740 710 819 theologorum
733 738 908 820 considera,
931 759 969 801 au
993 760 1060 801 non⁴

133 822 387 902 sint'mcrdaces,
410 824 663 898 calumniatores,
686 823 885 883 devoratores
910 824 1056 902 omnium,

133 908 186 986 qui
197 916 304 967 contra
314 908 539 967 Aristotelicum
554 907 741 985 theologiam
764 905 938 985 loquuntur.
976 906 1055 981 Quin

133 998 164 1051 et
186 991 317 1069 seipsos
339 993 498 1050 intersese
521 989 662 1050 mordent
682 999 713 1048 et
733 1000 919 1050 consumunt
934 989 1056 1051 Thorni-

134 1081 212 1145 stee,
235 1073 406 1148 Scotistae,
441 1072 588 1150 Moderni,
625 1081 799 1151 acuuntque
829 1073 960 1132 invicem
994 1092 1056 1133 non

135 1157 278 1235 quosvis,
306 1155 362 1217 sed
390 1156 513 1216 leonnm
536 1154 652 1217 dentes.
696 1156 803 1235 Neque
825 1163 872 1215 est
894 1157 975 1216 enim
1004 1175 1057 1237 ge-

135 1258 192 1299 nus
215 1238 391 1317 hominum,
414 1239 496 1318 quod
527 1239 661 1300 atrocius
691 1241 867 1318 maioreque
895 1238 968 1300 odio
997 1239 1057 1300 bel·

136 1321 289 1403 ligeretur,
313 1341 404 1401 quam
427 1322 641 1402 theologorum
664 1325 741 1382 istae
763 1330 880 1398 sectae,
903 1331 936 1382 ut
965 1341 1056 1401 quae·

136 1424 196 1484 que
218 1405 286 1466 sola
308 1407 374 1465 aliis
399 1407 588 1485 consumptis
611 1412 697 1484 optet
720 1425 858 1485 regnare.

216 1487 257 1548 m
278 1488 433 1550 habebant
450 1488 563 1549 loricas
580 1490 658 1547 sicut
681 1489 791 1549 loricas
805 1488 928 1550 ferreas.
973 1487 1058 1548 Haec

135 1578 183 1632 est
205 1572 374 1651 pertinacia
397 1579 426 1630 et
449 1590 558 1631 secura
579 1573 788 1651 praesumptio
820 1571 1057 1650 uniuscuiusque

136 1663 241 1714 sectae
263 1654 301 1715 de
324 1674 399 1715 suae
422 1655 577 1735 opinionis
608 1657 734 1714 veritate
756 1664 786 1714 et
807 1653 959 1715 firmitate.
1003 1653 1057 1714 llis

136 1738 216 1797 enim
238 1737 343 1798 ferreis
366 1738 541 1798 thoracibus
564 1746 634 1797 sunt
655 1739 770 1817 invicti.
813 1736 899 1798 Haec
920 1744 990 1798 sunt
1007 1755 1056 1797 cu·

135 1821 243 1900 iusque
265 1830 369 1881 sectae
391 1823 550 1901 principia.
572 1820 611 1880 Et
633 1839 695 1880 vox
717 1822 832 1880 alarum
856 1837 960 1880 earum
978 1822 1057 1882 sicut

136 1922 206 1965 vox'
230 1922 372 1964 curruum
406 1912 435 1963 et
469 1922 617 1984 equorum
653 1906 836 1963 currentium
869 1904 899 1962 in
933 1902 1055 1966 bellum.

132 1985 211 2047 'Alae
233 1997 303 2047 sunt
326 1986 420 2046 verba
444 1986 662 2067 disputantium
681 1995 711 2047 et
729 1986 980 2061 conflictantium,
993 1988 1057 2066 qui·

133 2068 189 2130 bus
211 2073 399 2150 impetuose,
433 2072 536 2131 rixose
564 2080 596 2130 et
626 2070 763 2132 clamose
785 2070 1057 2152 invicem-irruunt

134 2161 165 2213 et
185 2161 342 2233 pugnant,
369 2162 400 2212 ut
424 2153 561 2213 videmus
581 2155 610 2212 in
629 2153 805 2214 tumultibus
828 2153 1071 2234 disputantium,

135 2245 195 2297 tam
220 2236 319 2296 verbis
342 2254 433 2316 quam
457 2238 594 2316 scriptis,
631 2236 680 2296 ubi
704 2245 812 2298 neuter
845 2238 943 2297 neutri
965 2237 1056 2317 cedit,

135 2319 263 2398 quilibet
282 2321 414 2379 invictus
441 2327 494 2379 est.
540 2320 629 2379 Hunc
652 2318 732 2379 enirn
756 2321 941 2399 pertinacem
966 2319 1056 2380 affec·

134 2408 214 2462 turnv
234 2403 448 2483 disputationis
476 2421 565 2462 cursu
596 2404 655 2463 isto
679 2421 820 2463 curruum
850 2411 881 2462 et
907 2421 1055 2483 equorum

136 2484 297 2566 siguificat.
342 2486 381 2545 lit
402 2486 557 2546 habebant
572 2485 696 2561 caudas,
719 2486 832 2546 similes
845 2489 1055 2566 scorpionum,

136 2577 165 2628 et
185 2569 286 2630 aculei
308 2579 393 2628 erant
414 2571 444 2629 in
468 2569 573 2629 caudis
596 2588 700 2628 earum
724 2578 755 2629 et
776 2577 913 2649 potestas
937 2589 1053 2648 eorum,

135 2671 247 2713 nocere
268 2651 442 2713 hominihus
468 2652 623 2711 mensibus
635 2653 779 2730 quinque.
804 2651 956 2732 Explicat,
973 2652 1064 2732 quod*

135 2738 272 2816 superius
296 2738 464 2815 proposuit,
487 2737 617 2795 fructum
646 2744 676 2794 et
697 2733 788 2795 finem
819 2736 936 2795 scilicet
967 2736 1057 2796 huius

135 2819 309 2900 theologiae
341 2838 410 2879 esse
444 2819 539 2878 malas
569 2819 773 2879 conscientias
809 2827 874 2878 tota
903 2820 967 2878 vita
999 2820 1057 2878 ista

136 2903 286 2979 sensuali,
308 2902 514 2982 spiritualibus
536 2904 615 2962 enim
634 2903 822 2963 abominatio
845 2910 891 2962 est
913 2920 950 2962 ea
972 2902 1056 2963 theo·

99 3021 102 3032 ·
136 2985 234 3066 logia,
267 2986 339 3064 quia
365 2994 436 3045 sunt
464 2996 551 3046 extra
579 2987 713 3064 quinque
742 3004 863 3046 menses
894 2987 924 3046 in
949 2987 1057 3066 spiritu

137 3069 294 3130 libertatis.

218 3152 257 3212 Et
279 3151 433 3211 habebunt
445 3170 536 3231 super
547 3171 581 3210 se
600 3170 703 3231 regem
718 3151 860 3231 angelum
873 3152 987 3234 abyssi,
1003 3154 1052 3215 cul

135 3255 246 3297 nomen
270 3234 412 3294 hebraice
436 3234 598 3316 Abbadon,
615 3233 734 3296 Graece
746 3244 848 3295 autem
867 3231 1055 3300 ἀπολλύων.

135 3319 305 3380 Audiamus
344 3318 392 3376 hic
427 3328 575 3379 rectorem
615 3313 879 3398 generalissimum
920 3322 1054 3380 omnium

135 3401 385 3481 Universitatum,
401 3420 462 3460 non
488 3401 651 3480 Christum,
667 3422 727 3462 non
751 3404 889 3483 spiritum
906 3413 1055 3485 sanctum,

136 3504 197 3546 nou
220 3485 364 3565 angelum
388 3484 519 3563 domini,
542 3485 596 3545 sed
626 3486 769 3566 angelum
798 3486 919 3567 abyssi,
946 3485 1058 3563 idest,

209 3753 239 3823 l)
259 3752 291 3807 ln
310 3752 374 3808 edit.
394 3755 476 3824 orig:
497 3753 541 3810 67.
602 3754 634 3822 2)
654 3752 684 3808 In
705 3755 860 3814 editions
880 3760 1056 3815 sacrificium.

159 3858 251 3901 uuum
266 3869 317 3909 opp.
332 3858 359 3901 v.
373 3859 400 3900 a
415 3859 444 3900 aa
457 3852 497 3900 lar.
511 3859 590 3902 usai
602 3871 623 3912 a
641 3861 690 3904 voc
706 3861 733 3908 v.
851 3831 893 3899 22
