2392 4170
138 237 202 309 3OE
452 240 496 299 De
514 239 585 299 votis
604 238 763 299 monutlois

139 405 213 470 tenti
236 403 375 469 libertate
397 407 551 469 communi
565 406 726 469 monastici
749 411 948 488 praesumunt
960 404 1059 467 Deum

138 484 195 551 sibi
218 490 373 571 proprium
387 496 418 550 et
428 490 615 571 singularem
628 510 701 573 prae
724 489 834 551 ceteris
855 488 932 551 Baal
947 489 1061 564 tacere,

140 573 352 635 existimantes
383 572 444 635 hoc
475 573 625 655 obsequio
665 573 733 654 plus
766 593 858 654 qnam
881 573 1063 654 evangelice

139 675 248 736 agere,
286 675 354 717 cum
386 663 470 718 recta
503 658 650 720 adversus
672 657 874 738 Evangelium
897 658 1063 720 insaniant.

139 739 209 801 Hoc
231 747 287 818 est,
309 740 391 820 quod
415 759 482 801 mos
504 761 609 804 eorum
633 747 689 819 est,
711 739 819 802 altaria
841 740 1008 820 transilire,
1030 739 1064 801 id

139 831 201 902 est,
232 842 328 904 opera
349 843 405 885 sua
431 825 546 887 iactare
567 844 659 906 supra
680 822 771 885 fldem
805 842 1000 886 communem
1031 831 1066 884 et

139 907 243 969 cultris
264 907 414 985 incidere,
448 907 479 968 id
501 916 565 984 est,
599 908 752 970 statutulis
774 911 807 968 et
828 905 976 970 doctrinis
997 909 1065 968 suis

138 1010 173 1052 se
194 991 279 1071 ipsos
303 997 455 1071 torquere,
478 1011 634 1072 nunquam
658 998 760 1053 tamen
775 990 960 1054 mortificare
981 997 1066 1052 vste

139 1093 203 1137 rem
226 1073 380 1137 hominem
405 1081 462 1139 etc.
880 1140 886 1153 s

222 1158 377 1220 Finiemus
399 1178 474 1240 ergo
497 1158 713 1221 tandemhano
735 1158 973 1240 disputationem
990 1176 1066 1222 con-

139 1240 307 1319 cludendo,
329 1242 411 1322 quod
435 1246 615 1324 paupertas,
638 1243 824 1322 obedientia,
847 1244 971 1305 castitas
993 1260 1066 1323 per·

139 1333 234 1406 petuo
255 1326 370 1387 servari
393 1331 511 1406 potest,
533 1328 656 1407 voveri,
678 1326 792 1405 doceri,
815 1327 898 1406 exigi
920 1344 983 1387 nou
1005 1344 1063 1406 pc·

139 1415 208 1476 test.
253 1407 333 1484 Quia
363 1410 392 1470 in
417 1410 573 1473 servando
596 1417 699 1472 manet
722 1410 846 1471 libertas
869 1409 1063 1491 evangelica,

138 1492 349 1572 inducendo,
386 1495 545 1571 vovendo,
564 1495 728 1575 ‘exigendo
751 1512 813 1554 ncn
836 1499 955 1573 manet,
989 1492 1064 1554 ideo

138 1574 254 1654 Sancti,
277 1577 327 1656 qui
350 1596 387 1637 ea
408 1587 629 1655 servaverunt,
651 1577 751 1638 libere·
766 1583 976 1655 servaverunt,
1000 1595 1064 1638 ser·

137 1659 236 1720 voturi
259 1661 371 1739 etiam,
395 1662 420 1721 si
443 1681 501 1723 nec
523 1663 697 1740 vovissent,
720 1679 778 1722 nec
798 1661 899 1721 exacti
922 1660 1063 1740 tuissent,

136 1742 208 1804 ideo
231 1748 337 1804 votum
360 1763 465 1807 eornm
479 1763 653 1826 quanquam
665 1744 789 1806 stultum
803 1744 848 1804 eis
869 1742 943 1804 nihil
955 1743 1063 1805 nocuit

137 1832 264 1969 propter
285 1825 376 1886 tidem
400 1834 431 1889 et
454 1828 623 1890 libertatem
653 1828 787 1908 spiritus.
831 1824 1063 1908 incomparabi-

148 1909 206 1971 iter
228 1916 331 1971 autem
353 1910 435 1972 aliud
458 1920 521 1991 est,
555 1910 669 1991 aliquid
705 1911 769 1972 lieri
802 1928 903 1991 neque
935 1910 1063 1971 doctum

138 2010 239 2070 neque
260 2000 414 2070 exactum,
436 2002 467 2056 et
488 1994 569 2056 idem
593 1993 697 2056 doceri
720 2001 751 2055 et
772 1995 855 2074 exigi
876 1993 1063 2056 faciendum.

138 2075 205 2136 Hoc
227 2077 307 2137 enim
341 2084 387 2137 est
409 2097 448 2138 ex
470 2078 553 2140 tacto
573 2079 621 2139 ius
643 2078 761 2156 lacere,
796 2096 835 2137 ex
858 2095 952 2157 opere
973 2095 1064 2157 pras·

138 2166 271 2238 ceptum,
295 2179 333 2219 ex
357 2162 500 2242 exemplo
523 2161 675 2241 regulam,
710 2180 750 2221 ex
772 2160 932 2220 accidente
956 2178 1063 2220 necea·

138 2242 267 2321 sarium,
300 2260 361 2321 quo
397 2245 468 2324 quid
504 2244 664 2306 absurdius
692 2251 724 2305 et
752 2243 976 2320 perniciosius?
1020 2241 1063 2305 At

137 2326 266 2405 primum
291 2334 338 2387 est
359 2347 399 2387 ex
421 2328 505 2405 Dec,
538 2329 666 2389 alterum
695 2346 735 2387 ex
762 2326 953 2403 homiuibus,
989 2325 1062 2386 ideo

137 2427 205 2468 auur
243 2409 341 2488 primo
367 2412 566 2490 manendum,
588 2411 716 2471 alterum
740 2429 813 2470 vero
836 2408 1062 2473 dimittendum.

136 2490 205 2553 Nou
237 2511 311 2572 ergo
348 2493 528 2563 damnamus
561 2514 625 2555 rem
648 2500 806 2572 votorum,
839 2495 864 2553 si
902 2494 968 2572 quis
992 2511 1062 2554 eam

137 2575 241 2655 cupiat
263 2577 366 2655 sequi,
383 2577 437 2638 sed
455 2577 624 2639 doctrinam
649 2586 678 2637 et
700 2584 898 2657 praeceptum
922 2575 1061 2638 eiusdem

137 2657 329 2719 damnamus.

220 2744 330 2801 Actum
354 2749 492 2804 osteum
515 2744 595 2803 votis
617 2744 694 2822 istis,
717 2743 795 2802 siout
817 2761 886 2803 cum
900 2742 1064 2804 contineu-

135 2824 178 2885 tia
199 2826 249 2902 agi
272 2827 375 2906 coepit
395 2827 425 2886 in
449 2825 570 2906 synodo
592 2826 725 2903 Nicena,
757 2825 807 2886 ubi
839 2844 908 2886 oum
942 2824 1064 2905 aliquot

135 2908 223 2968 anuis
245 2909 422 2971 sacerdotes
457 2917 489 2971 et
512 2910 651 2990 episcopi
674 2910 824 2970 vixissent
845 2907 981 2970 coelibes
1005 2928 1064 2970 aua

135 2998 258 3072 sponte,
282 2991 488 3054 moliebantur
510 2993 634 3073 quidam
655 2991 905 3072 hooexemplum
929 2992 958 3051 iu
972 3011 1061 3072 prae·

135 3082 257 3154 ceptum
280 3084 413 3152 vertere,
447 3084 478 3137 et
499 3076 645 3156 deinceps
678 3075 717 3136 ad
740 3075 924 3137 coelibatum
947 3093 1063 3155 eogere

135 3158 322 3219 necessitate
357 3161 580 3235 conscientiae,
614 3157 693 3219 adeo
728 3159 786 3218 iam
820 3164 883 3218 tum
914 3158 1007 3218 ctiam
1030 3160 1063 3218 iu

134 3246 197 3299 tam
220 3248 329 3302 sancta
351 3242 478 3323 Synodo
510 3242 588 3327 fides
615 3250 647 3303 et
667 3241 870 3321 Evangelium
905 3239 1064 3303 defecerat

135 3329 166 3383 et
187 3323 367 3386 traditiones
398 3326 555 3386 hominum
588 3324 837 3400 invalescebant,
868 3323 921 3384 sed
949 3326 1063 3385 restitit

135 3406 279 3469 universo
303 3408 441 3470 Concilio
465 3428 541 3469 unus
563 3407 771 3489 Paphnutius,
806 3406 989 3487 prohibens,
1023 3426 1063 3468 ne

134 3488 300 3568 quidquam
323 3491 361 3551 de
383 3491 536 3554 coelibatu
559 3498 757 3568 statueretur3
787 3490 941 3570 quiahoc
969 3491 1062 3570 perti·

134 3570 228 3633 nebat
257 3572 385 3652 implere
422 3575 460 3634 ad
482 3574 702 3635 antichristum
723 3575 899 3635 Romanum
930 3573 1058 3636 idolum.

132 3654 178 3715 lta
199 3673 267 3716 oum
291 3657 433 3717 monachi
455 3664 527 3718 ante
549 3664 661 3736 sponte
683 3657 819 3719 coelibes
843 3650 962 3737 esseni,
985 3675 1054 3738 ege·

131 3743 199 3797 rent
221 3747 251 3798 et
285 3738 459 3819 obedirent,
493 3739 616 3801 taudem
653 3741 682 3801 iu
720 3748 823 3802 votum
847 3738 1054 3801 necessarium
