2392 4170
449 245 530 303 Doct.
549 247 627 304 Mart.
647 245 724 304 Lutb.
796 218 803 227 ¹
840 256 843 261 '
989 246 1053 315 4οῑ

134 409 299 471 vehemens
330 420 376 470 est
406 411 436 469 in
458 410 652 470 concisiones
676 415 729 480 (ut
751 417 841 472 vocat
871 410 956 494 ipse)
981 431 1052 473 suas

134 503 165 553 et
187 493 485 573 pseudoapostolos,
519 511 597 571 quos
641 492 849 554 adulterantes
881 502 913 554 et
940 514 1053 575 caupo·
1090 517 1094 520 ·

134 576 243 637 nantes
266 575 391 637 verbum
413 575 483 655 Dei,
507 594 615 651 canes,
638 573 768 637 dolosus
790 579 958 657 operarios,
981 598 1053 657 apo·

134 659 232 720 stolus
255 659 398 736 Satanae,
421 657 502 719 filios
525 657 658 734 diaboli,
682 659 790 737 plenos
822 659 894 721 dolo
918 668 949 721 et
971 661 1053 721 inali-

134 745 185 819 tia,
210 744 407 822 deceptores,
431 742 630 820 vaniloquos,
652 742 854 804 fascinatores
877 752 907 802 et
929 746 1053 804 circula·

134 833 216 886 tores
240 825 350 886 vocat?
394 827 440 884 Au
464 833 494 883 et
516 824 571 886 bos
595 826 755 886 Themista
776 826 910 886 larvatus
935 848 1052 887 mecum

134 907 292 970 accusabit
312 900 447 969 invidiae
471 916 502 968 et
519 907 706 986 superbiae?

217 991 296 1066 Quin
324 999 357 1051 ut
384 992 475 1071 plene
495 990 717 1052 Themisticum
753 990 911 1052 cerebrum
942 1000 973 1053 et
992 993 1053 1072 ple-

134 1075 234 1136 beium
256 1082 466 1154 repraesentet
483 1074 649 1154 ingenium,
673 1075 758 1153 quasi
781 1076 810 1134 in
829 1076 1053 1137 scenabistrio-

135 1177 204 1219 nem
226 1166 314 1238 agat,
337 1159 384 1217 sic
407 1157 586 1234 rualedictis,
609 1159 757 1219 conviciis
780 1166 811 1217 et
834 1159 1000 1219 mendaciis
1022 1162 1053 1219 iu

135 1260 183 1301 me
205 1241 319 1301 insanit
340 1260 395 1322 per
417 1249 513 1300 totum
536 1240 697 1321 libellum,
728 1250 764 1298 et.
781 1239 853 1299 nihil
886 1260 991 1301 eorum
1016 1243 1054 1301 de

136 1344 184 1384 me
207 1332 299 1385 antea
328 1323 454 1404 probat,
488 1333 521 1384 ut
548 1323 633 1384 nulla
664 1342 757 1383 causa
786 1343 884 1383 meam
916 1325 1053 1385 videatur

134 1407 365 1469 mordacitatem
380 1405 537 1484 damnare,
558 1424 650 1486 qnam
668 1413 701 1466 ut
721 1405 836 1466 rabiem
851 1407 1054 1468 maledicendi

134 1492 214 1570 apud
239 1489 381 1550 sordidos
403 1508 477 1549 suos
490 1489 664 1550 Themistas
687 1487 830 1549 iustificat
851 1497 882 1550 et
897 1491 1054 1550 aureolam

133 1574 352 1634 Themisticam
388 1579 548 1637 mereatur.
607 1571 757 1634 stolidum
798 1573 915 1633 scilicet
952 1574 1054 1653 caput,

134 1657 215 1736 quod
238 1655 360 1717 abunde
383 1657 540 1735 cognovit,
561 1654 710 1736 Papatum
733 1655 815 1735 apud
829 1675 877 1715 me
900 1657 1055 1737 prnAnti·

135 1741 237 1800 christi
260 1759 356 1820 regno
371 1737 486 1815 haberi,
510 1738 556 1798 cui
580 1740 671 1799 edam
694 1737 748 1799 lob
766 1738 906 1799 maledici
931 1739 1056 1800 mandat

136 1842 191 1904 per
213 1842 268 1884 eos
283 1870 292 1903 ,
316 1823 365 1901 qui
389 1823 487 1902 parati
519 1828 590 1882 sunt
612 1821 759 1881 suscitare
795 1821 972 1885 Levialhan.
1015 1821 1055 1882 m

136 1906 247 1985 ubique
269 1907 391 1986 spiritus
418 1906 567 1985 praecipit
589 1902 734 1965 mundum
756 1924 885 1984 arguere
915 1905 953 1965 de
986 1925 1055 1985 pec·

135 1996 204 2050 cato
226 1989 402 2069 impietatis,
424 1996 455 2049 et
476 1988 603 2049 omnino
626 1995 764 2048 sanctam
787 1996 817 2049 et
841 1990 949 2049 iustam
974 1987 1055 2055 hanc

135 2073 368 2134 mordacitatem
390 2079 453 2133 tum
477 2070 594 2153 laudat,
617 2080 680 2132 tum
703 2071 807 2152 exigit.

216 2189 285 2248 Rex
307 2207 391 2267 vero,
414 2196 560 2269 tanquam
582 2189 777 2267 obtinuisset,
799 2190 947 2269 Papatum
970 2207 1056 2249 sanc·

135 2278 200 2330 tum
223 2289 302 2347 esse,
326 2272 467 2350 plaustris
486 2272 667 2334 virulentiae
680 2281 711 2333 et
734 2273 967 2334 maledicentiae
980 2291 1055 2332 suae

136 2352 345 2414 debacchatur
372 2354 402 2413 in
426 2373 525 2414 meam
547 2356 792 2422 mordacitatem.
834 2356 894 2416 Sed
922 2362 956 2414 ut
982 2355 1054 2432 dixi,

134 2438 361 2499 Themistarum
398 2435 591 2517 hipocritam
627 2446 659 2498 ct
685 2438 800 2498 larvam
829 2458 921 2518 agere
949 2438 1056 2514 voluit,

134 2522 215 2602 apud
239 2539 316 2600 quos
339 2526 478 2580 extrema
500 2517 627 2601 perfidia
649 2528 680 2579 et
700 2539 819 2580 summa
840 2520 976 2581 haeresis
998 2531 1055 2600 est,

137 2605 299 2685 Magistros
322 2610 455 2683 nostros,
478 2604 570 2664 etiam
593 2605 619 2662 si
643 2607 746 2683 pestes
776 2604 836 2663 sint
857 2602 940 2663 orbis
962 2610 1054 2663 terra·

135 2709 211 2764 rum,
235 2707 291 2747 ceu
314 2686 443 2766 angelos
465 2686 521 2748 Dei
544 2686 775 2762 nonadorasse,
801 2686 926 2747 mutisse
949 2684 1054 2745 adver·

134 2791 192 2849 sus*
209 2780 314 2831 nutum
342 2788 469 2850 eorum,
505 2768 567 2831 hoc
600 2770 721 2831 demum
750 2770 864 2829 crimen
893 2774 940 2829 est
969 2768 1054 2829 nullo

134 2856 208 2915 satis
230 2856 302 2934 igne
324 2851 489 2935 expiabile.

217 2971 285 3052 Ego
309 2989 393 3049 vero,
414 2971 467 3050 qui
488 2972 637 3032 hactenus
649 2968 743 3053 paulo
766 2967 808 3031 lui
831 2967 1056 3030 misericordior
1081 2978 1083 2982 '

135 3057 165 3116 in
188 3065 330 3136 portenta
352 3056 513 3135 papistica,
536 3052 592 3115 sub
614 3073 669 3135 spe
686 3053 917 3134 resipiscentiae
939 3073 1056 3132 sorum,
1157 3091 1159 3096 -

135 3159 217 3200 nunc
238 3158 307 3199 oum
329 3157 401 3216 sos,
424 3138 475 3216 qui
512 3137 662 3197 eiusmodi
697 3143 784 3216 sunt,
814 3136 934 3197 videam
957 3136 989 3197 in
1012 3157 1056 3196 re·

135 3222 264 3303 probum
295 3241 417 3283 sensum
446 3221 536 3282 datos
564 3228 609 3282 et.
629 3219 791 3300 deplorata
830 3220 997 3301 pertinacia
1027 3222 1055 3280 in

135 3306 236 3365 locum
258 3324 345 3366 suum
369 3324 438 3365 cum
462 3303 539 3365 duce
561 3322 617 3365 suo
639 3302 799 3364 Pharaone
821 3302 950 3381 abiisse,
972 3303 1057 3364 nulla

134 3388 266 3467 amplius
294 3387 465 3467 modestia,
492 3387 577 3448 nulla
600 3385 809 3448 misericordia
842 3388 872 3446 in
902 3404 956 3447 ecs
979 3394 1055 3452 utar.

134 3471 242 3552 Neque
265 3470 394 3551 amplius
416 3471 523 3530 amicis
546 3470 621 3531 meis
643 3468 728 3530 frena
739 3470 849 3530 calami
873 3470 1057 3550 permittam,

134 3555 188 3616 sed
211 3563 317 3615 tacens
345 3573 399 3614 ecs
427 3560 632 3614 contemnam.
676 3552 733 3613 Vel
765 3555 790 3613 si
825 3552 977 3633 agendum
1011 3562 1069 3612 est⁴

135 3657 204 3699 cum
227 3637 297 3719 illis,
320 3642 436 3717 quanto
460 3637 576 3717 possim
599 3638 714 3718 impetu
737 3638 768 3696 in
790 3655 845 3698 cos
866 3634 962 3714 ferar,
990 3636 1056 3695 irri-

134 3729 250 3784 taturus
284 3721 378 3803 satis,
408 3728 631 3800 provocaturus
660 3725 724 3781 tam
758 3720 897 3801 stupidos
919 3726 1057 3801 truncos,

163 3850 253 3895 cuasa
266 3864 319 3906 ops.
333 3853 360 3898 v.
373 3853 401 3895 s.
417 3853 446 3894 ss
458 3853 500 3896 rsa
511 3852 562 3894 uss.
577 3853 592 3896 t
606 3863 629 3904 p.
645 3851 694 3896 vor.
709 3850 747 3895 γι.
851 3823 895 3887 ab
