2392 4170
136 250 200 329 508
481 254 523 312 De
539 251 715 315 instituendis

137 446 225 492 cesse
246 433 303 506 est,
326 425 408 507 quod
431 444 501 487 oum
522 425 677 501 habuerit,
710 425 780 486 oleo
804 428 833 485 et
855 442 967 486 rasura
988 440 1065 506 opus
1129 441 1136 455 ·

137 531 199 574 non
223 510 332 572 habet:
354 516 388 571 ut
409 509 514 571 videas
536 510 710 591 Episcopus
733 510 885 570 larvarum
911 507 1066 570 ordinato-

137 614 187 657 res
209 595 358 675 sacrilege
381 613 500 670 errare,
531 595 602 655 dum
631 614 702 654 sues
725 600 869 654 uncturus
892 599 923 652 et
947 593 1066 653 ordina·

118 679 238 740 ,tiones
261 679 508 738 sicnacessarias
530 679 655 756 iaciunt,
675 685 708 737 nt
728 677 847 738 sinaiis
870 675 1077 737 sacerdotem

137 761 203 823 fieri
223 766 351 842 negent,
392 762 510 821 etiamsi
533 762 574 822 sit
595 763 822 833 sanctissimus,
853 759 903 820 vel
928 757 1067 823 Christus

137 845 214 923 ipse,
235 863 339 904 rursus
361 844 553 905 sacerdotem
575 845 613 907 iis
636 844 716 923 fieri,
739 843 859 904 etiamsi
882 844 923 904 sit
943 843 1068 906 Nerone

139 928 186 991 vel
209 927 423 1007 Sardanapalo
445 927 632 989 sceleratior.

222 1045 291 1121 Quo
314 1044 387 1126 quid
409 1044 628 1126 aliudlaciunt,
651 1046 708 1106 nisi
731 1050 764 1106 ut
775 1044 930 1106 Christum
955 1047 1068 1125 negent

138 1129 331 1190 sacerdotem
370 1147 439 1189 esse
468 1148 537 1189 curn
566 1131 628 1190 suis
652 1129 851 1191 Christianis?
890 1127 964 1188 dum
988 1129 1067 1190 enim

139 1211 242 1274 officio
267 1231 322 1275 suo
345 1211 543 1274 abominabili
565 1214 747 1293 funguntur,
774 1212 931 1273 neminem
954 1211 1069 1273 faciunt

139 1295 343 1366 sacerdotem,
365 1296 423 1355 nisi
446 1297 577 1377 primunr
600 1304 695 1378 neget
717 1315 750 1356 se
773 1315 841 1356 esse
863 1295 1068 1359 sacerdotem.

138 1379 178 1438 Et
199 1379 241 1439 ita
263 1397 301 1439 eo
334 1381 419 1458 ipso,
455 1379 525 1440 dnm
550 1381 741 1442 sacerdotem
764 1380 893 1457 iaciunt,
922 1384 1069 1440 'reversa

139 1461 314 1522 sacerdotio
338 1468 518 1539 removent,
541 1469 574 1523 ut
595 1465 635 1524 sit
659 1482 763 1524 coram
786 1464 851 1525 Deo
874 1463 1001 1523 illorum
1025 1481 1068 1524 or·

140 1545 255 1606 dinatio
278 1565 351 1606 vere
372 1546 504 1623 ludicra,
541 1554 644 1609 tamen
671 1548 830 1608 verissima
859 1548 891 1607 et
913 1548 997 1607 saria
1020 1544 1068 1606 de·

140 1628 289 1708 gradatio.
334 1627 427 1703 ,Quid
465 1630 546 1690 enim
581 1638 627 1690 est
670 1631 785 1690 dicere:
838 1629 909 1709 Ego
945 1629 1069 1690 ordinor

139 1711 301 1785 sacerdos,
337 1714 396 1773 nisi
419 1713 500 1774 iacto
522 1713 624 1773 fateri:
658 1711 730 1775 Non
752 1713 809 1788 fni,
841 1712 981 1774 nondum
1006 1732 1068 1773 sum

138 1795 305 1855 sacerdos?
328 1796 419 1856 simili
441 1814 497 1877 per
520 1798 623 1857 omnia
645 1795 886 1881 abominatione,
910 1814 975 1875 qua
1008 1814 1068 1856 mo·

137 1879 228 1939 naabi
242 1877 381 1939 Consilia
402 1879 593 1959 evangelica
605 1885 722 1941 vovent
743 1884 775 1941 et
791 1879 881 1940 simul
902 1885 1070 1961 praecepta

137 1962 195 2022 Dei
219 1981 288 2022 esse
310 1970 434 2043 negant.

221 2061 315 2122 Porro
338 2062 418 2123 hanc
439 2063 596 2142 sequelam
628 2082 697 2122 esse
719 2058 841 2122 fidelem
866 2067 896 2121 et
920 2061 1067 2142 probam:

140 2146 276 2207 Christus
300 2152 347 2205 est
368 2146 523 2220 sacerdos,
548 2165 621 2221 ergo
646 2145 808 2206 Christiani
832 2151 903 2205 sunt
927 2145 1068 2207 sacerdo·

138 2236 194 2300 tes,
219 2233 304 2308 patet
326 2248 365 2287 ex
387 2229 465 2292 Psal.
490 2229 546 2293 22:
568 2230 706 2289 Narrabo
730 2233 951 2288 nomen‘tuum
974 2229 1069 2290 fratri·

138 2311 195 2371 bus
218 2313 308 2389 meis,
332 2314 363 2371 et
384 2332 502 2371 rursus:
532 2313 628 2372 Unxit
650 2318 679 2371 te
701 2313 783 2372 Dens
807 2312 890 2370 Deus
913 2318 984 2371 tuus
1001 2313 1068 2371 oleo

138 2413 213 2474 prae
242 2394 439 2474 participibus
475 2397 543 2458 tuis.
587 2394 676 2470 Quod
712 2397 820 2455 fratres
854 2396 921 2454 eins
956 2415 1069 2473 sumus,

137 2496 200 2537 non
224 2478 281 2537 nisi
304 2479 464 2538 nativitate
486 2497 568 2538 nova
590 2497 704 2538 sumus.
748 2477 850 2552 Quare
873 2483 903 2537 et
927 2478 1066 2538 sacerdo·

140 2567 185 2619 tes
218 2579 322 2619 sumus
351 2562 429 2620 sicut
463 2568 493 2621 et
513 2562 596 2642 ipsc,
630 2560 683 2619 lilii
712 2561 789 2620 siout
811 2566 841 2619 et
872 2562 958 2640 ipsa,
981 2580 1068 2641 reges

138 2644 218 2703 sicut
240 2650 269 2703 et
291 2644 366 2721 ipse.
411 2644 494 2703 Fecit
524 2646 603 2703 enim
627 2662 684 2703 nos
716 2663 783 2702 cum
806 2644 874 2720 ipso
898 2643 1069 2705 consedere

137 2728 167 2785 in
191 2726 386 2803 coelestibus,
409 2732 442 2786 ut
459 2733 618 2787 consortes
632 2734 662 2786 et
674 2726 862 2786 cohaeredes
879 2728 945 2786 eius
965 2729 1069 2801 simus,

138 2810 169 2868 in
192 2828 252 2889 quo
277 2815 307 2867 et
330 2829 398 2868 cum
422 2829 482 2887 quo
506 2811 609 2870 omnia
631 2810 720 2869 nobis
744 2809 858 2869 donata
872 2813 955 2880 sunt,
978 2811 1068 2872 Rom.

138 2894 167 2956 8.
212 2893 251 2951 Et
276 2893 370 2952 multa
392 2893 475 2970 talia,
500 2893 609 2971 quibus
633 2912 700 2953 cum
718 2893 838 2953 Christo
862 2913 969 2973 unum,
992 2913 1069 2953 unns

137 2976 237 3054 panis,
260 2993 337 3035 unus
353 2983 454 3055 potus,
477 2996 569 3042 unum
584 2979 707 3056 corpus,
730 2975 897 3035 membrum
924 2976 963 3036 de
977 2996 1068 3036 mem·

139 3058 211 3134 bro,
246 3077 307 3117 una
330 3077 417 3135 caro,
452 3078 486 3119 os
517 3079 556 3119 ex
587 3058 707 3119 ossibus
731 3060 795 3119 eins
819 3078 888 3119 esse
911 3066 944 3119 et
966 3061 1069 3120 omnia

139 3139 252 3201 habere
275 3143 450 3202 communia
473 3143 610 3204 dicimur.

221 3257 272 3318 Sic
294 3260 384 3319 etiam
408 3259 534 3338 pulchre
558 3260 707 3338 sequitur:
742 3259 878 3319 Christus
901 3258 1001 3319 iactus
1026 3266 1070 3320 est

137 3339 282 3399 sacerdos
307 3344 421 3419 primus
444 3345 515 3402 novi
539 3343 737 3418 Testamenti,
763 3344 829 3401 sine
851 3361 973 3420 rasura,
1004 3343 1070 3403 sine

137 3429 279 3498 unctura,
312 3425 444 3504 denique
477 3427 542 3485 sine
565 3426 741 3487 charactere
763 3425 817 3483 illo
841 3431 872 3484 et
893 3424 962 3485 sine
985 3427 1069 3485 omni

135 3504 189 3564 illa
212 3507 398 3586 episcopalis
421 3508 622 3569 ordinationis
646 3510 740 3584 larva,
763 3509 1069 3587 lecitqueapcstolos

136 3606 305 3669 omnesque
328 3590 494 3671 discipulos
517 3612 590 3653 suos
613 3612 667 3672 per·
696 3592 809 3651 nnllam
834 3591 928 3651 talem
953 3591 1069 3653 larvam

132 3673 326 3742 sacerdotes.
371 3673 476 3753 (Quare
494 3695 560 3736 nnn
580 3675 812 3735 estnecessaria
833 3673 886 3734 illa
899 3674 1071 3737 ordinatio·

130 3766 180 3834 nis
208 3766 316 3850 larva,
338 3781 449 3849 neque
470 3761 498 3824 si
518 3760 617 3840 assit,
634 3756 766 3832 antbert,
786 3756 897 3817 utilas
913 3757 1071 3838 sueardus,
