2392 4170
447 281 530 341 Doat.
548 283 627 342 Mart.
646 280 728 343 Loth.
993 283 1056 353 433

135 467 204 508 oum
241 447 329 529 signo
357 447 479 509 adieeto
508 450 595 529 panis
622 456 653 510 st
674 450 745 514 vini.
788 448 867 510 Nam
896 451 921 510 si
952 457 1056 513 oetera

133 532 236 592 omnia
258 530 368 612 desint,
392 540 422 592 et
445 531 612 594 credideris
635 533 682 593 his
705 532 804 594 verbis
828 533 960 594 Christi:
989 534 1055 598 Hoe

132 622 179 696 est
202 633 313 694 eorpus
336 635 447 694 meum,
470 615 631 697 quodypro
654 616 742 677 vobis
766 615 868 695 datur,
892 636 964 678 vere
986 618 1056 678 Mis·

132 718 197 758 sam
221 700 371 778 integram
395 697 500 763 habes.
545 699 664 761 Deinde
690 703 716 759 si
746 701 903 780 aooeperis
932 702 1054 781 signnm

132 781 240 841 eadem
274 779 359 859 fide,
393 800 479 841 usum
515 789 547 842 et
581 782 712 844 fruetum
749 783 863 845 Missae
899 785 1055 864 asoepisti.

131 864 221 924 Unde
246 864 526 927 manifestissimum
543 873 599 944 est,
624 867 749 927 Missam
772 885 834 927 non
848 884 917 927 esse
938 866 1055 947 aliquid

133 949 228 1008 nostri
252 949 354 1028 operis
374 946 439 1008 'aut
463 950 565 1025 verbi,
595 949 649 1010 sed
678 950 774 1010 solius
798 947 930 1029 Christi,
955 949 1055 1011 dantis

133 1034 194 1091 tam
218 1031 344 1091 verbum
366 1033 591 1112 promissionis,
614 1052 703 1113 quarn
728 1033 849 1112 signum
868 1034 899 1093 in
923 1053 1003 1113 pane
1026 1041 1057 1094 et

133 1115 216 1194 vino,
239 1123 333 1194 atque
354 1135 441 1175 usum
461 1118 526 1198 eins
549 1135 610 1176 non
633 1135 728 1196 posse
756 1120 787 1176 in
810 1116 971 1179 offerendo
1003 1125 1056 1178 aut

133 1199 302 1277 operando,
326 1199 379 1258 sed
403 1199 502 1268 solnm
524 1202 554 1259 in
569 1199 746 1279 recipiendo
769 1206 800 1261 et
817 1199 962 1280 patiendo
985 1219 1057 1261 eon·

132 1282 248 1344 sistere.
293 1280 353 1342 Sed
384 1282 541 1361 quomodo
575 1282 654 1343 haee
675 1291 781 1343 nostra
811 1284 904 1344 miser
921 1290 1057 1345 assertor

132 1365 234 1443 seirat,
257 1365 307 1443 qui
339 1385 395 1425 sua
416 1367 687 1446 propriaignorat
718 1365 756 1427 de
788 1385 881 1446 opere
917 1373 1056 1448 operato,

132 1453 163 1506 et
184 1446 256 1507 dum
285 1467 342 1508 nos
370 1449 548 1529 impugnat,
579 1469 613 1510 se
648 1451 747 1528 ipsum
778 1449 956 1510 foedissime
985 1469 1057 1512 oon·

131 1530 231 1591 futat?

214 1610 336 1674 Deinde
371 1632 428 1694 pro
457 1614 607 1676 saerifloio
642 1615 755 1676 Missae
788 1613 982 1677 defendendo
1012 1617 1057 1677 sie

133 1697 376 1761 thomistieatur:
406 1697 507 1776 Esto,
541 1700 658 1778 inquit,
689 1700 783 1760 Missa
816 1701 854 1759 sit
882 1700 1056 1781 promissio,

133 1799 195 1839 non
207 1779 279 1839 hino
293 1781 439 1861 sequitur,
452 1801 514 1842 non
531 1801 600 1842 esse
614 1782 704 1842 simul
716 1781 909 1860 saerifiei‘urn,
932 1782 1055 1863 quando

132 1864 161 1923 in
193 1864 287 1923 veteri
326 1863 396 1944 lege
419 1872 505 1925 erant
539 1863 712 1946 saorifioia,
740 1885 820 1944 quae
849 1867 937 1927 simul
966 1873 1053 1928 erant

133 1948 364 2028 promissiones.
471 1956 473 1961 ’

214 2031 424 2111 Respondes:
451 2031 548 2092 Huius
570 2031 780 2092 Themistioae
801 2033 980 2093 assertionis
1003 2031 1057 2093 de·

132 2113 197 2173 buit
224 2115 292 2174 Rex
321 2115 369 2174 vei
402 2135 495 2176 unum
530 2114 704 2195 exemplum
741 2116 922 2195 producere.
963 2112 1056 2177 Nune

134 2215 207 2254 vero
229 2215 285 2275 pro
309 2217 394 2259 mors
417 2219 472 2260 suo
496 2201 569 2260 satis
592 2219 660 2260 esse
683 2205 779 2280 putat,
801 2201 961 2260 sitantum
985 2198 1058 2258 sori-

134 2278 184 2338 bat
207 2278 237 2336 in
262 2281 355 2338 veteri
377 2281 448 2361 lege
460 2281 609 2343 saorifieia
621 2283 716 2343 fuisse
738 2284 968 2363 promissiones,
993 2290 1057 2342 tum

134 2379 208 2420 mox
230 2359 361 2440 Oportet
388 2366 433 2423 sie
456 2383 534 2425 esse.
578 2364 638 2425 Sed
670 2373 733 2427 tam
762 2366 876 2427 stolido
912 2366 1057 2444 assertori

137 2444 187 2525 (ut
210 2443 319 2522 video)
346 2446 566 2525 proponendus
588 2457 669 2508 esset
692 2449 801 2527 aliquis
823 2447 1058 2527 Venabularius‚

134 2545 195 2607 quo
219 2528 351 2588 disseret
363 2531 501 2609 primum,
525 2529 597 2609 quid
615 2530 768 2610 signifieat
789 2536 850 2591 tam
864 2531 1057 2610 saeritieium,

134 2629 224 2691 quam
248 2613 423 2690 promissio.
467 2611 623 2692 Siquidem
659 2614 821 2692 promissio
851 2621 898 2674 est
919 2614 1057 2694 verbum,
1127 2678 1131 2686 ,

134 2692 316 2754 sacrificium
339 2704 388 2771 est
409 2715 474 2776 res,
504 2705 536 2756 ut
559 2697 651 2755 etiam
674 2698 762 2776 pueri
795 2696 928 2757 infantes
949 2695 1060 2758 intelli·

133 2785 217 2857 gant,
239 2779 431 2858 impossibile
454 2798 533 2855 esse,
556 2785 588 2838 ιιι
598 2781 774 2858 promissio,
797 2779 983 2839 saorifiaium
1006 2786 1059 2839 aut

135 2859 260 2920 verbum
283 2880 331 2921 res
354 2864 402 2925 sit.
445 2862 497 2935 Me
518 2863 672 2939 miserum,
695 2865 746 2942 qui
769 2881 837 2925 eum
854 2861 965 2923 talibus
988 2861 1058 2922 stul·

135 2945 219 3004 titiae
241 2947 384 3005 monstris
413 2951 535 3025 tempus
562 2945 691 3025 perdere
722 2965 839 3026 sogor,
862 2963 920 3007 nee
950 2944 1060 3026 dignus

135 3046 212 3109 sum,
235 3034 268 3087 ut
289 3028 414 3110 ingenio
444 3034 497 3089 aut
525 3028 696 3091 eruditione
725 3036 917 3110 praestantes
940 3047 1060 3091 meeum

135 3118 262 3174 oertent.
344 3132 347 3138 ·

217 3194 312 3256 Error
333 3197 437 3275 itaque
459 3195 684 3256 manifestarius
707 3203 754 3256 est
774 3195 886 3273 diemo,
908 3195 939 3254 in
962 3194 1058 3255 reteri

135 3278 210 3356 lege
232 3278 326 3340 inisse
348 3279 499 3340 sacrificia
520 3280 751 3360 promissiones,
776 3280 832 3339 nisi
845 3279 912 3340 Rex
928 3285 1063 3340 assertor

135 3360 307 3421 lubricitate
328 3362 519 3423 Themistiea
539 3362 670 3443 figurate
692 3362 822 3425 voluerit
845 3361 947 3442 ioqui,
977 3359 1060 3441 quod

134 3443 285 3506 saeritiaia
308 3445 541 3525 promittebant,
568 3445 599 3506 id
628 3453 688 3526 est,
719 3444 935 3526 significabant
962 3445 1063 3506 futura

134 3531 165 3591 in
195 3527 326 3592 Christo.
378 3529 491 3589 Verum
513 3524 585 3590 'hoe
616 3549 678 3591 non
713 3537 760 3590 est
786 3547 925 3589 asserere
956 3527 1062 3590 Saena-

135 3618 258 3691 msnta,
281 3611 335 3673 sed
357 3611 464 3673 luders
486 3617 517 3672 et
538 3613 648 3692 nugari
670 3612 793 3692 verbis,
824 3611 975 3691 siquidem
1004 3611 1065 3674 hoe

136 3695 230 3757 modo
254 3697 417 3775 promissio
450 3701 497 3757 est
525 3697 646 3777 signum
674 3715 728 3757 seu
750 3714 816 3774 res,
840 3714 902 3757 non
927 3692 1063 3758 verbum.

134 3778 181 3843 At
203 3799 262 3842 nos
284 3781 316 3841 in
331 3780 425 3856 Missa
442 3779 636 3862 potissimum
657 3778 1065 3859 voramuspromissionam,

162 3893 256 3936 numer-r
271 3905 323 3946 opp.
336 3895 364 3939 V.
379 3894 407 3936 Δ.
420 3894 450 3936 ad
477 3895 520 3956 rer.
538 3894 589 3937 hist.
608 3893 624 3937 t.
644 3904 667 3946 p.
683 3893 736 3938 Vei.
749 3893 790 3937 Ἣ.
929 3861 979 3927 Q
