2392 4170
396 244 427 298 Ι).
446 245 479 297 lt.
501 244 580 299 lauth„
601 239 784 299 Piaclndium.
1015 245 1057 312 65

88 420 90 431 ·
150 398 203 474 rint,
223 403 339 458 tantum
360 399 391 458 in
413 399 502 478 signo
526 406 556 460 at
578 418 633 458 usu
656 400 733 478 signi
758 399 936 478 haerentes,
965 407 995 460 et
1017 410 1061 461 ex'

149 479 195 541 fida
217 481 246 540 in
274 500 369 560 opus,
402 501 442 542 ex
476 481 570 542 verbo
605 483 777 562 insignum
808 501 864 542 nos
891 485 1057 563 rapientes,

149 582 225 642 quare
248 565 301 642 (ut
322 564 403 641 dixi)
428 576 622 627 sacramenta
634 585 694 626 ncn
708 565 800 627 modo
814 567 1057 647 captivaverunt,

148 646 189 707 aad
208 649 337 728 penitus,
359 648 442 727 qnod
464 651 495 709 in
518 650 562 709 eis
584 649 648 724 fuit,
671 648 880 711 aboleverunt.

187 730 512 812 Nosarguaperientes
521 732 813 810 oculumdiscamna,
826 732 1057 812 magisverbum

147 815 363 896 quamsignum,
389 817 486 896 magis
497 815 587 875 fidem
603 834 694 894 quarn
708 835 785 895 opus
808 835 861 876 seu
874 836 959 876 usum
977 817 1057 897 signi

88 972 90 979 Ι
147 896 311 957 observare:
334 899 476 976 scientes,
500 899 672 977 ubicunque
695 908 742 958 est
759 902 921 979 promissio
944 900 1058 978 divina,

88 1020 90 1037 .
146 979 175 1040 ibi
188 982 296 1059 requiri
313 979 418 1059 fidem,
440 1000 569 1060 esseque
590 993 752 1060 utrumque
765 993 827 1042 tam
841 985 1057 1060 necessarium,

88 1104 90 1149 5
147 1071 170 1124 ct
186 1074 324 1124 neutrum
339 1066 405 1124 sine
428 1070 495 1124 utro
508 1064 620 1125 efficax
631 1084 699 1125 esse
722 1066 827 1144 possit.
858 1066 964 1144 Neque
977 1067 1056 1125 enim

147 1145 213 1206 tradi
233 1154 348 1227 potest,
367 1147 423 1208 nisi
438 1147 517 1208 adsit
528 1149 703 1229 promissio,
719 1167 776 1208 nac
788 1150 951 1229 promissio
968 1149 1060 1208 stabi·

88 1244 90 1257 ¹
146 1227 209 1306 litur,
224 1227 282 1290 nisi
295 1229 446 1306 credatur,
469 1230 579 1291 ambae
591 1251 663 1291 vero
676 1231 703 1290 si
716 1246 839 1292 mutuae
851 1234 921 1312 sint,
944 1232 1060 1292 iaciunt

88 1358 90 1393 :
147 1330 232 1372 varam
254 1321 286 1373 et
308 1315 508 1374 certissimam
521 1312 689 1374 efficaciam
704 1316 914 1375 sacramentis.
957 1312 1060 1389 Quare

147 1393 1060 1476 efficaciamsacramenticitrapromissicuemetfidemquae·

145 1496 206 1555 rare,
226 1486 274 1539 cst
296 1479 408 1540 frustra
430 1481 494 1553 niti,
517 1488 548 1540 et
569 1480 798 1541 damnationem
817 1483 963 1541 invenire.
1007 1480 1059 1541 Sic

88 1582 90 1641 g
147 1557 334 1634 christum:
358 1560 417 1636 Qui
448 1562 610 1623 crediderit
632 1571 663 1624 et
684 1564 855 1643 baptisatus
877 1563 980 1640 fuerit,
1003 1563 1060 1624 sal·

147 1662 188 1704 rua
208 1645 282 1722 erit,
313 1646 364 1724 qui
393 1658 453 1706 non
477 1646 656 1725 crediderit,
683 1648 946 1709 condemnabitur.
990 1645 1060 1722 Quo

144 1735 296 1810 monstrat,
332 1727 422 1788 iidem
451 1729 481 1788 in
511 1739 704 1790 sacramento
731 1730 811 1790 adeo
841 1731 1058 1805 necessariam,

145 1817 169 1870 ut
186 1812 277 1872 etiam
300 1813 367 1871 sine
388 1820 581 1873 sacramento
603 1832 726 1874 servare
749 1815 857 1892 possit,
879 1813 949 1872 ideo
963 1813 1061 1872 noluit

145 1892 279 1955 adiicere:
303 1893 364 1969 Qui
384 1913 446 1954 ncn
459 1896 629 1973 crediderit,
652 1906 756 1956 elnon
774 1898 944 1976 baptisatus
962 1895 1059 1958 luerit.

209 1975 372 2057 Significat
391 1979 495 2057 itaque
518 1979 686 2060 baptismus
709 1979 781 2055 duo,
806 1990 933 2039 mortem
956 1988 988 2038 et
1009 1996 1057 2038 re·

143 2064 363 2139 annectionem,
384 2062 444 2122 hoc
466 2067 528 2139 est,
558 2063 725 2141 plenariam
750 2072 1058 2140 consummatamque

142 2143 389 2205 iustificationem.
432 2144 523 2220 Quod
535 2146 614 2205 anim
639 2147 775 2206 minister
787 2165 913 2224 puerum
937 2146 1056 2204 immer·

139 2228 174 2305 git
191 2230 218 2287 in
242 2247 368 2307 aquam,
391 2238 518 2288 mortem
540 2226 702 2307 significat,
725 2229 807 2306 quod
822 2240 923 2288 autem
936 2242 1056 2287 rursum

139 2311 238 2387 educit,
262 2313 355 2371 vitam
378 2309 540 2392 significat.
583 2312 629 2371 lta
651 2311 763 2371 Paulus
785 2312 895 2373 Roma.
909 2312 938 2375 6.
961 2329 1057 2391 expo-

139 2395 183 2454 nit:
210 2394 394 2474 Consepulti
416 2397 497 2455 enim
518 2413 623 2454 sumus
645 2394 765 2454 Christo
794 2415 848 2475 per
872 2393 1064 2473 baptismum‘

139 2475 160 2535 iu
186 2488 335 2556 mortem,
359 2484 408 2554 ut,
431 2477 690 2556 quemadmodum
720 2477 858 2538 Christus
891 2478 1057 2537 resurrexit

138 2577 169 2620 ex
188 2563 319 2622 mortuis
342 2580 396 2640 per
416 2563 546 2640 gloriam
568 2563 678 2640 patris,
709 2562 750 2621 ita
781 2568 812 2621 et
839 2580 896 2621 noa
918 2562 948 2620 in
973 2561 1058 2620 novi·

136 2649 188 2705 tate
208 2646 294 2704 vitae
317 2644 518 2706 ambulemus.
547 2643 635 2703 Hanc
658 2651 786 2705 mortem
809 2652 840 2704 et
861 2644 1057 2703 resurrectio·

134 2745 195 2787 nem
217 2727 413 2807 appellamus
436 2744 550 2787 novam
573 2735 762 2804 creaturam,
783 2727 1058 2806 regenerationem,

133 2817 160 2870 et
178 2810 371 2890 spiritualem
395 2811 599 2888 nativitatem,
630 2829 721 2890 quam
746 2829 807 2869 nou
837 2815 960 2890 oportet
988 2807 1060 2866 alle-

132 2896 232 2972 gorice
275 2901 393 2953 tantum
426 2893 555 2973 intelligi
589 2894 627 2953 de
661 2901 759 2953 morte
786 2892 907 2972 peccati
935 2898 965 2950 at
996 2891 1061 2948 vita

131 2979 263 3055 gratiae,
294 2977 373 3036 sicut
395 2976 480 3037 multi
508 2977 626 3053 solent,
656 2976 710 3036 sed
741 2975 779 3035 de
808 2994 880 3034 vera
909 2979 1007 3033 morte
1029 2977 1060 3028 at

130 3060 363 3123 resurrectione.
398 3059 469 3127 Non
491 3061 572 3119 enim
587 3059 756 3138 baptismus
779 3054 964 3137 significatio
987 3053 1060 3113 licta

133 3151 183 3221 eat,
205 3160 311 3221 neque
337 3152 498 3222 peccatum
529 3143 670 3221 moritur,
705 3159 806 3220 neque
836 3139 936 3219 gratia
964 3136 1063 3214 surgit

132 3225 234 3305 plene,
259 3226 360 3286 donec
383 3245 495 3306 corpus
517 3227 652 3306 peccati,
681 3223 765 3303 quod
792 3225 926 3302 gerimus
949 3225 979 3281 in
1002 3219 1062 3278 hac

132 3310 200 3385 rita,
216 3309 409 3389 destruatur,
421 3318 452 3369 et
462 3309 575 3369 ibidem
588 3309 746 3388 apostolus
761 3306 847 3366 dicit:
869 3304 946 3365 Nam
960 3303 1062 3365 donec

131 3391 276 3455 incarne
298 3411 416 3473 sumus,
439 3391 591 3453 desideria
613 3393 712 3452 carnis
736 3395 862 3450 movent
883 3394 913 3448 et
935 3405 1062 3447 moven-

133 3481 184 3540 tur.
207 3476 315 3552 Quare
338 3475 409 3537 dum
432 3477 595 3556 incipimus
617 3473 760 3550 credere,
787 3470 877 3531 simul
900 3471 1061 3551 incipimus

134 3561 206 3622 mori
229 3561 303 3621 huic
325 3559 457 3638 mundo,
484 3568 515 3620 et
543 3560 646 3619 vivere
667 3557 734 3617 Dec
757 3557 788 3615 in
810 3553 912 3614 futura
935 3555 1008 3632 vita,
1030 3558 1062 3613 ut

184 3751 214 3818 ¹⁸)
232 3749 316 3803 um.
335 3749 386 3802 urs

162 3855 256 3896 uana
270 3852 411 3904 osam
425 3851 508 3892 aaron
522 3848 635 3898 natan
652 3845 701 3886 vor
718 3844 744 3889 v.
963 3811 982 3878 5
