2392 4170
398 255 432 313 D.
450 257 486 314 Ι.
502 256 584 314 Lotis
605 256 790 314 Praelndtarn.
1021 256 1064 324 85

149 411 226 474 nuda
240 419 301 489 est,
324 431 384 473 nec
394 412 509 492 aliquid
524 411 606 474 uliud
628 413 701 474 facit
722 411 898 475 observatio
912 413 1063 491 locorum,

149 502 322 576 troporum,
343 495 479 571 dierum,
500 516 720 577 personarum,
750 506 780 556 st
802 499 826 556 si
850 515 911 576 qua
932 497 992 558 alis
1016 507 1063 559 cst

149 577 270 640 letatura
292 580 518 660 superstitious,
543 599 634 660 quam
659 589 690 640 ut
712 579 890 661 magnificet
912 601 960 660 ea,
983 600 1064 661 quae

150 661 205 722 nilril
224 671 313 740 sunt,
346 664 378 722 in
407 664 546 723 iniuriam
580 683 701 741 eorum,
736 682 817 744 quoe
847 665 951 724 omnia
982 671 1063 743 sunt,

151 746 218 824 quusi
237 745 311 824 quid
335 748 460 826 gravius
487 755 540 807 aut
561 749 659 808 maius
680 767 750 808 esse
771 749 872 828 possit
892 747 1061 809 fraternita-

152 828 387 892 tisObristianae
408 828 524 910 gloria,
550 832 591 890 ita
619 830 749 912 affigunt
770 850 828 892 nos
849 830 927 891 locis
949 839 979 890 et
1002 831 1061 891 die

152 909 192 973 bu
211 921 240 974 et
262 913 416 992 personis,
440 921 473 974 ut
495 913 624 976 vilescat
645 915 768 976 fraterni
791 915 923 975 nominis
945 914 1063 994 opinio,

153 1000 240 1076 ctpro
262 995 406 1058 libertate
433 997 642 1078 captivitatem
664 1000 849 1076 serviamus,
872 1017 929 1059 nos
952 997 1061 1078 quibus

153 1095 239 1140 onnes
260 1079 337 1159 dies,
360 1079 433 1154 loci,
455 1100 607 1161 personae
621 1090 652 1142 st
674 1081 819 1161 quidquid
842 1089 1001 1142 externum
1016 1088 1064 1142 est

155 1162 273 1243 requalie
295 1172 376 1228 sunt.

215 1245 463 1308 satisfactionem
485 1265 579 1326 quam
601 1247 727 1328 indigne
749 1248 917 1327 tractarint,
940 1246 1062 1309 abunde

154 1327 201 1390 lixi
218 1330 364 1390 incensis
377 1329 647 1410 indulgentiarum,
669 1350 730 1410 qua
746 1333 869 1412 egregie
882 1338 952 1392 sunt
973 1330 1062 1392 abusi

155 1411 369 1493 siperdendos
385 1413 576 1475 Christianos
598 1416 628 1474 in
652 1433 781 1494 corpore
802 1423 836 1475 et
856 1410 967 1477 anima.
1000 1414 1061 1475 Pri·

155 1513 218 1556 nrnr
237 1516 307 1558 eam
335 1497 383 1557 sic
410 1496 595 1573 docueruut,
624 1505 656 1558 ut
680 1497 815 1578 populus
843 1515 947 1559 veram
977 1498 1063 1558 satis

155 1577 296 1640 laudonem
319 1598 383 1640 non
406 1579 592 1660 intelligeret
612 1600 763 1660 unquam,
793 1600 874 1660 quus
902 1587 950 1642 est
977 1582 1063 1641 inno·

155 1663 217 1724 uuo
238 1664 329 1723 vitae.
372 1663 493 1724 Deinde
519 1665 565 1723 sio
586 1665 700 1725 instant
729 1671 759 1724 et
787 1665 991 1725 necessarium
1021 1663 1062 1725 fu·

155 1744 232 1822 urat,
259 1752 294 1806 ut
314 1745 388 1806 ndei
417 1747 447 1806 in
471 1745 624 1807 Christum
658 1766 719 1808 nou
747 1747 920 1827 relinquant
949 1748 1062 1826 locum,

88 1872 93 1882 ·
156 1829 302 1890 daemone
339 1829 565 1890 excarnificatis
599 1849 636 1890 eo
673 1830 817 1909 scrupulo
855 1830 1063 1908 conscientiis,

154 1909 198 1973 alio
217 1919 358 1973 currente
381 1911 420 1972 ad
443 1913 592 1986 Romam,
627 1913 688 1973 alio
711 1913 786 1990 buc,
821 1913 882 1974 alio
903 1913 986 1991 illuc,
1008 1912 1062 1974 illo

155 1992 393 2071 northusium,
421 1995 474 2056 illo
497 1997 527 2057 in
551 1995 643 2056 alium
665 1997 784 2074 locum,
814 1997 874 2058 alio
904 1997 996 2076 virgis
1029 2015 1064 2057 ss

154 2073 320 2159 lrgellants‚
344 2078 406 2138 alio
429 2097 540 2158 corpus
563 2099 650 2139 suum
675 2079 784 2159 vigiliis
797 2087 829 2140 et
848 2081 967 2140 ieiuniis
984 2079 1064 2140 occi·

88 2213 91 2237 ,
154 2157 233 2242 dente,
254 2161 400 2222 omnibus
424 2181 486 2221 uno
509 2161 609 2221 lurore
632 2161 818 2226 dicentibus:
851 2163 932 2223 Eece
960 2162 1011 2223 bic
1032 2168 1063 2222 st

152 2239 188 2304 lio
205 2251 250 2306 est
270 2243 422 2318 Christus,
446 2251 475 2304 et
497 2264 623 2325 regnum
646 2245 715 2326 Dei,
737 2245 821 2326 qoud
837 2247 916 2305 intra
936 2252 1062 2323 nosset,

96 2396 100 2407 Ι
152 2343 203 2388 turn
223 2327 444 2389 observatione
462 2337 621 2388 venturum
645 2328 830 2407 putantibus.
868 2327 956 2405 Quas
972 2347 1062 2388 mon-

96 2412 99 2427 '
153 2414 196 2470 su·
213 2411 269 2472 tibi
293 2408 453 2489 debemus,
475 2409 617 2473 Romana
638 2411 744 2490 sedes,
766 2420 796 2471 et
818 2412 877 2472 tuis
899 2411 1062 2473 homicidis

152 2489 248 2573 legibus
272 2499 305 2554 et
327 2491 450 2570 ritibus,
481 2494 590 2574 quibus
613 2495 759 2555 muudum
782 2501 878 2556 lotum
902 2513 940 2556 eo
962 2493 1061 2575 perdi·

150 2573 211 2660 tisri,
233 2583 268 2637 ut
291 2575 475 2636 arbitrentur
496 2596 564 2637 sese
586 2596 679 2657 posse
702 2579 768 2638 Deo
801 2598 857 2659 per
887 2597 981 2657 opera
1003 2596 1059 2657 pro

145 2661 267 2738 peccatis
298 2659 491 2737 satisfacere,
525 2661 574 2720 cui
610 2661 678 2722 sola
710 2661 771 2721 tide
804 2659 905 2721 cordis
940 2660 1062 2720 contriti

143 2743 254 2823 trdsiit5
286 2761 379 2822 quam
415 2750 445 2803 tu
473 2742 521 2803 bis
543 2744 720 2805 tumultibus
744 2762 805 2804 non
835 2743 934 2802 solum
968 2741 1062 2802 taceri

140 2825 217 2902 tacis,
236 2825 294 2888 sed
317 2826 465 2905 opprimis
487 2829 589 2900 etiam,
613 2835 729 2888 tantum
752 2833 785 2887 ut
806 2825 918 2886 habeat
940 2826 1063 2906 sangui·

139 2927 207 2990 suga
227 2918 281 2970 tna
303 2907 502 2987 insatiabilis,
531 2909 641 2990 quibus
665 2910 759 2971 dicat:
788 2909 888 2989 After,
918 2909 1010 2983 affer,
1032 2915 1064 2968 et

137 3001 262 3073 peccota
285 2990 409 3054 vendat.

213 3079 432 3137 Processerunt
454 3095 495 3135 ex
517 3074 565 3156 bis
587 3074 711 3154 quidam
735 3075 773 3135 cd
797 3095 850 3136 eas
874 3075 1062 3155 desperatio-

133 3161 177 3220 nis
208 3159 369 3219 machinas
410 3158 571 3219 animabus
605 3158 775 3238 parandas,
819 3166 853 3219 ut
884 3163 1065 3235 statuerent,

133 3244 235 3304 omnia
258 3249 390 3322 peceato
412 3241 514 3301 denuo
536 3260 606 3302 esse
626 3241 793 3322 repetenda
816 3241 984 3316 confitenti,
1007 3258 1062 3320 pro

131 3325 240 3407 quibus
263 3326 402 3385 iniuncta
424 3325 593 3385 satisfactio
622 3330 704 3385 esset
735 3323 887 3404 neglecta.
934 3324 972 3383 Et
993 3321 1065 3402 quid

131 3429 192 3471 non
215 3408 382 3483 auderent,
404 3409 454 3486 qui
477 3409 508 3467 in
530 3407 592 3467 boc
613 3409 674 3469 nati
697 3407 827 3485 luerunt,
850 3414 882 3466 nt
904 3405 979 3466 nihil
1002 3424 1064 3466 non
1109 3462 1112 3470 .

131 3492 233 3554 decies
257 3490 469 3570 captivarent?
498 3490 593 3552 Porro
617 3498 747 3570 quauta,
775 3483 911 3569 quaeso,
933 3508 1004 3569 pars
1028 3507 1066 3548 ea
1104 3530 1106 3535 -

129 3584 174 3636 est
198 3575 319 3635 imbuta
342 3574 498 3654 opinione,
522 3593 556 3634 se
579 3593 648 3634 esse
669 3576 699 3634 in
722 3572 932 3652 statusalutis‚
955 3578 985 3632 et
1008 3587 1065 3656 pro

185 3765 219 3831 1)
241 3761 274 3817 Iu
294 3761 434 3820 adnisu:
456 3769 557 3821 tauers.
