2392 4170
396 237 451 297 Pro
469 239 504 296 D.
523 240 643 299 Martino
660 241 792 303 Lutlrsro.
1019 244 1061 314 71

135 399 200 464 dita
221 400 316 465 verbo
337 400 397 463 Dei
409 401 554 483 pasoitur,
576 402 675 484 alitur,
697 403 827 485 fovetur,
848 409 973 490 regitur,
993 409 1060 471 bre·

134 485 222 565 viter,
245 506 325 566 quae
345 486 449 548 omnio
471 506 510 546 ex
522 485 694 567 Evangelio
718 499 887 570 eomparat‚
911 491 949 553 de
964 492 1059 554 omni·

135 570 192 633 bus
225 570 309 644 iuxta
332 568 536 651 Evangelium
570 570 694 633 iudicat.
737 572 815 632 Nam
852 576 902 655 qui
930 596 971 636 ex
992 577 1060 639 Deo

135 660 198 736 est,
227 654 320 714 verbe
351 653 407 715 Dei
438 653 532 714 audit.
582 653 712 715 Rursum
746 657 796 735 qui
832 678 894 720 uon
924 659 1060 740 audiunt,

135 757 197 799 non
221 744 291 797 sunt
314 757 354 800 ex
376 735 453 799 Deo.
485 735 615 797 Etcum
640 738 771 800 ecelesia
790 740 894 803 divino
917 761 1059 806 sermone

134 828 222 902 parta
243 821 292 897 sit,
315 818 395 880 haud
418 818 509 880 dubie
532 819 641 881 eodem
667 821 779 883 alenda
801 832 857 886 est.
900 824 1060 905 Agnoscat

133 924 190 966 vos
212 903 361 964 Lutherus
376 922 442 984 pro
455 892 596 983 eeclesia,
619 906 644 964 si
659 924 833 966 sermonem
848 907 905 968 Dei
919 907 1058 970 dooueri·

135 989 184 1068 tis,
206 1007 267 1048 non
281 993 440 1066 agnoscet,
464 987 489 1045 si
509 986 584 1047 nihil
599 995 720 1066 praeter
739 988 840 1051 fatuos
863 999 895 1053 et
914 992 1059 1054 raneidos

133 1070 278 1132 articulos
302 1076 420 1131 vestros
444 1068 659 1149 produxeritis.
692 1071 787 1132 Audit
809 1075 981 1154 ecelesiam,
1005 1076 1059 1137 sed

133 1173 218 1233 eam,
247 1172 326 1234 qnae
355 1152 480 1214 verbum
509 1153 566 1213 Dei
589 1153 750 1234 pofitetur,
780 1156 861 1216 illius
889 1177 923 1218 se
945 1151 1059 1221 indioio

133 1237 264 1312 subiicit,
286 1255 365 1316 quae
387 1236 462 1296 nihil
484 1255 546 1296 non
570 1237 666 1318 exigit
687 1236 725 1297 ed
750 1238 874 1300 verbum
888 1240 957 1319 Dei,
980 1261 1058 1321 quae

132 1320 277 1381 iudieium
315 1339 469 1381 saetarum
512 1320 680 1394 literarum,
717 1341 779 1381 non
818 1321 1057 1386 Sorbouioorum

132 1405 323 1465 somniorum
346 1404 491 1483 seqnitur.
536 1400 626 1478 Quod
659 1407 738 1464 enim
773 1415 940 1466 monstrum
970 1408 1058 1471 fuerit

133 1487 273 1564 eeclesia,
296 1489 321 1546 si
345 1486 384 1547 ad
407 1486 539 1546 cuiusvis
563 1484 724 1548 Sorbonioi
752 1491 949 1551 somniatoris
973 1509 1058 1554 oom-

133 1578 268 1632 mentum
291 1569 449 1630 variatur?
485 1567 561 1643 Quis
585 1569 803 1648 Chamaeleon,
828 1573 894 1651 quis
907 1573 1055 1654 Polypus,

132 1655 194 1715 imo
218 1655 286 1732 quis
309 1653 436 1715 Proteus
461 1653 518 1713 erit
539 1652 738 1716 mutabilior?

214 1735 281 1798 Iam
309 1755 379 1797 oum
408 1735 522 1796 dioeret
551 1735 706 1798 Christus:
745 1736 775 1801 si
804 1739 966 1799 eeclesiam
995 1759 1059 1800 non

133 1819 278 1898 audierit,
309 1820 347 1879 sit
368 1818 422 1882 tibi
444 1820 525 1879 siout
546 1819 686 1879 ethnicus
713 1827 744 1882 et
773 1820 965 1902 publicanus.
1009 1823 1057 1883 Au

132 1923 195 1964 non
219 1902 344 1963 volebat
365 1904 503 1963 accusari
517 1921 620 1964 eoram
636 1903 767 1965 eeclesia
779 1919 912 1984 sontem,
935 1904 1059 1965 volebat

133 1993 164 2048 et
191 2006 247 2067 per
273 1993 368 2048 testes
397 1987 554 2064 nonvinei,
584 1986 709 2047 volebat
730 1987 857 2048 iudicari
890 1982 1062 2051 seeundum

133 2070 356 2151 praescriptum
380 2069 521 2148 adeoque
543 2068 770 2147 Evangeliuml
793 2071 857 2132 Vos
880 2073 1059 2152 priusquam

132 2154 350 2215 aaousaveritis
377 2153 541 2214 Lntherum
577 2154 832 2232 nonvioeritisque
867 2173 923 2235 per
958 2152 1058 2235 Serip-

132 2243 227 2314 turas,
251 2235 413 2304 damnatis.
445 2233 528 2296 Nudi
551 2235 714 2315 quidam1]
739 2235 859 2300 artiouli
881 2235 1059 2318 sineSerip·

134 2327 222 2399 ture,
255 2321 321 2379 sine
355 2317 526 2379 rationibus
548 2329 779 2399 proponuntur,
810 2321 972 2400 inquibus
997 2321 1059 2382 iarn

133 2421 197 2464 non
235 2409 417 2482 accusatur,
455 2401 509 2461 sed
545 2400 745 2463 damnatura
778 2401 866 2464 vobis
897 2400 1059 2466 Lutherus

132 2485 212 2546 Num
236 2492 268 2545 ut
290 2485 408 2564 reliqua
431 2484 562 2560 valeant,
585 2484 653 2545 sola
668 2483 809 2546 Sorbona
831 2484 964 2561 ecelesia
986 2486 1058 2547 est?

134 2567 215 2650 quod
249 2568 387 2629 exoludit
427 2567 589 2627 Lutherum
622 2585 639 2626 e
678 2569 896 2628 communione
930 2571 1057 2644 piorum.

132 2650 289 2714 Aaousare
312 2651 480 2728 debebatis,
503 2668 565 2709 non
589 2648 745 2712 damnare.
778 2647 955 2731 Scripturas
976 2653 1058 2712 testi-

134 2737 238 2800 monia
272 2734 430 2796 debebatis
467 2732 649 2814 subnotare,
684 2754 745 2796 noo
781 2732 881 2794 nudos
912 2733 1059 2795 articulos

133 2837 322 2898 proponere,
345 2837 381 2878 ao
403 2815 547 2877 iudioium
570 2816 720 2879 eoolesiae
742 2818 928 2899 permittere.
971 2817 1061 2878 Nune

132 2921 189 2963 vos
211 2920 358 2981 perverso
383 2899 507 2977 ordine,
536 2904 599 2959 tum
628 2899 723 2961 divini
745 2909 806 2962 tum
830 2900 954 2961 humani
976 2900 1059 2977 iuris,

133 3004 196 3046 non
209 2986 375 3065 aoousatis,
394 3003 456 3044 non
471 2982 663 3058 convincitis,
684 2984 740 3044 sed
755 2983 907 3044 damnatis
930 2990 1058 3046 tantum.

132 3066 261 3149 Nempe,
284 3068 356 3147 quia
378 3068 450 3127 estis
462 3066 600 3148 Magistri
623 3068 719 3138 nostri
735 3066 909 3138 Serbonioi.
941 3066 1059 3127 Pudeat

132 3150 258 3212 tandem
279 3148 442 3214 Sorbonae
465 3149 598 3211 Galliam
621 3156 684 3211 tam
705 3151 799 3230 impie
819 3148 987 3211 delirantis.

216 3233 275 3294 Sed
298 3252 358 3294 nae
379 3253 438 3311 ego
461 3233 659 3294 vehementer
679 3235 800 3314 ineptus
823 3253 899 3312 sum,
923 3234 973 3313 qui
997 3241 1058 3294 tam

131 3318 334 3378 irreverenter
362 3315 535 3378 Sorbonam
564 3324 678 3393 traoto,
705 3335 805 3379 novos
833 3317 894 3378 hoe
921 3323 1061 3396 tempore
1128 3341 1130 3345 ’

132 3401 311 3481 gignentem
352 3400 524 3479 apostolos.
592 3402 686 3460 Aiunt
726 3401 807 3460 enirn
847 3399 1076 3482 apostolorum,

132 3485 309 3564 exemplum
345 3501 379 3544 se
411 3483 522 3544 imitari
558 3483 696 3564 Magistri
727 3483 836 3561 nostri,
858 3502 927 3544 oum
960 3480 1059 3543 nudas

134 3568 283 3647 quasdam
325 3567 494 3627 sententias
534 3567 610 3628 oltra
654 3565 827 3647 Soripturae
865 3567 1060 3627 autoritatem

87 3705 90 3710 ·
205 3751 233 3818 1)
254 3750 286 3804 In
304 3749 349 3805 ed.
369 3749 441 3805 len:
463 3747 582 3818 quidem.
