2392 4170
387 247 529 307 Ambrosii
550 247 661 307 Gathar.
682 266 706 306 s.
726 252 827 311 1521:
996 247 1058 317 341

132 412 183 474 lna
203 409 261 483 ait,
291 414 345 469 ant
366 407 448 488 quod
472 408 591 487 nolitnr,
614 406 733 469 Gnaeos
755 409 928 493 σέβασμα,
949 407 979 470 id
1002 413 1059 486 ast,

134 493 246 568 nultus,-
267 506 322 554 teu
344 491 375 552 id
399 492 480 571 quod
504 493 622 571 oolitur,
645 511 699 553 seu
721 493 789 575 ips's
813 495 941 569 cultura,
963 498 997 554 ut
1016 493 1059 553 in·

135 579 258 659 telligae
274 590 375 655 super
395 577 492 638 Deum
516 597 579 638 non
598 577 784 657 simpliciter
807 578 861 638 sed
884 597 984 652 super
998 575 1059 638 onl-

134 671 234 726 turam
258 660 324 730 Dei,
343 679 397 720 seu
420 679 512 740 super
533 660 574 734 id,
598 660 681 739 quod
704 681 723 722 a
745 661 835 722 nobis
856 668 889 721 ut
910 662 994 723 Deus
1010 679 1060 722 oo·

131 747 213 824 litnr,
234 744 461 816 extollendum,
484 746 570 824 quasi
594 746 690 805 diost:
724 746 759 807 ln
789 745 933 806 cordibus
962 740 1060 806 horni-

133 839 208 892 nnm
231 828 420 908 praeferetur
440 829 525 903 Deo,
557 829 702 906 honest,
731 828 857 890 verbum
880 848 968 889 suurn
990 827 1059 906 plus

132 913 306 990 timebitur,
335 931 427 989 qnam
449 911 576 973 verbum
599 913 667 992 Dei,
690 917 720 972 et
752 913 780 974 ei
814 913 882 994 plus
915 911 1061 973 obed-ient

135 997 297 1075 magisque
320 996 423 1057 uolent
453 1015 544 1076 quam
568 996 667 1058 Deum
690 1007 806 1060 verum.
849 995 960 1057 Nonne
981 994 1060 1056 hoen

132 1081 208 1142 nulli
229 1079 387 1141 hominum
410 1086 541 1159 possunt
563 1081 619 1141 nisi
643 1099 743 1160 papas
766 1079 975 1141 convenire?
985 1078 1059 1140 Pas-

134 1165 191 1226 sim
213 1164 272 1225 Dei
295 1169 493 1242 praeseptum
517 1169 548 1224 et
569 1163 696 1224 verbum
723 1164 948 1235 contemnitur,
959 1169 992 1224 at
1008 1182 1060 1241 pa·

133 1266 210 1330 poe
207 1246 343 1307 verbnm
366 1266 457 1308 nemo
481 1266 543 1307 non
566 1254 669 1328 pavet,
683 1247 890 1346 plonennllus
909 1252 958 1308 est
973 1244 1060 1308 Deus

134 1349 235 1411 neque
245 1331 276 1390 in
288 1330 376 1390 ooelo
387 1349 487 1409 neque
497 1332 528 1389 in
545 1338 635 1408 terra,
651 1329 872 1391 cuiusverbnm
885 1335 970 1390 tanta
988 1329 1060 1391 obe-

132 1414 249 1476 dientis
259 1414 408 1492 capiatur,
425 1414 672 1494 quantarerbum
686 1432 797 1495 popae,
807 1413 888 1492 quod
903 1413 1061 1492 experien-

76 1564 81 1568 ,
134 1500 178 1561 tis
192 1496 514 1573 tamularemonstrat,
527 1499 739 1559 utinsensatns
755 1497 1062 1596 negarenoopossit.

217 1580 347 1655 Deinde
371 1581 438 1661 quis
460 1600 594 1660 unquam
618 1601 652 1641 se
673 1583 704 1641 in
726 1582 865 1642 nomine
877 1580 988 1643 Christi
1011 1597 1062 1641 ne·

133 1666 200 1726 nire
221 1663 309 1735 dixit,
332 1672 364 1723 ut
386 1663 471 1749 solus
496 1683 585 1762 papa
629 1665 700 1738 lpse
722 1665 803 1725 enim
827 1672 905 1725 unns
924 1664 1070 1725 omnium*

136 1754 166 1810 et
196 1748 318 1846 primus
350 1766 420 1807 sese
455 1749 600 1807 vicariurn
626 1747 752 1826 Christi,
782 1749 928 1808 vicariurn
951 1747 1039 1808 Dei
1030 1767 1061 1807 ιι

133 1832 221 1892 terris
258 1829 441 1891 intolerabili
482 1830 676 1929 blasphemia
719 1837 750 1890 et
785 1830 927 1909 superbia
956 1830 1061 1893 inotoi.

136 1913 217 1992 Quid
241 1914 322 1974 enim
356 1920 402 1973 est
435 1933 505 1975 esse
537 1915 683 1975 vinarium
714 1913 800 1991 nei,
813 1914 895 1974 nisa
909 1914 976 1974 vioe
1006 1913 1062 1974 Dei

135 1996 264 2060 sedere?
308 1995 388 2072 Quid
412 1999 548 2058 estsine
570 1998 627 2059 Dei
651 1997 774 2075 sedere,
802 1998 864 2058 nisi
899 1995 1063 2057 ostendere

135 2101 178 2155 se,
201 2080 290 2157 quasi
313 2080 351 2139 sit
374 2080 479 2140 Deus?
522 2081 570 2141 An
593 2081 695 2142 adhue
724 2080 844 2142 dubitas
868 2081 959 2141 'Pauli
992 2098 1062 2161 pro·

135 2164 270 2246 phetiom
298 2162 475 2242 impletam,
508 2163 632 2243 quando
657 2164 736 2226 adeo
767 2164 878 2224 similia
907 2163 1063 2230 sunt,··vi·
1169 2217 1171 2222 Α

136 2248 235 2309 nanus
259 2246 315 2306 Dei
337 2252 368 2307 et
392 2247 555 2307 ostendere
578 2267 621 2323 se,
643 2248 731 2326 qnasi
753 2249 793 2307 sit
815 2247 923 2308 Deus?
967 2246 1062 2307 Reate

136 2329 401 2412 ergopraedixit,
426 2337 570 2391 venturos
598 2332 674 2392 istos
704 2331 873 2392 antichristi
902 2329 1063 2408 apostolos

135 2414 165 2477 in
188 2413 315 2474 nomine
337 2432 403 2477 suo.
449 2412 550 2474 Ceteri
572 2414 654 2474 enim
676 2414 839 2490 haeretiei,
874 2414 930 2474 etsi
944 2413 1061 2472 'verita-

135 2503 196 2558 tem
219 2495 408 2575 simularent,
444 2515 600 2576 nunquam
629 2504 732 2557 tamen
763 2497 875 2559 Christi
905 2496 1062 2576 proprium

135 2599 247 2642 nornen
279 2585 530 2659 praetexuerant.
572 2578 645 2642 Hoo
673 2581 753 2641 enirn
789 2581 847 2642 soli
882 2579 1062 2641 antichristo

136 2661 359 2725 reservabatur.
402 2662 491 2724 Unde
515 2663 832 2728 corrotundant.
855 2683 916 2722 non
937 2670 1062 2722 eonten-

135 2753 182 2808 tus
205 2744 407 2825 praedixisse,
432 2746 513 2824 quod
537 2746 658 2807 venturi
681 2752 785 2807 essent
805 2747 836 2807 in
853 2745 978 2807 nomine
994 2761 1062 2822 sno,

136 2829 275 2891 additae
297 2829 591 2909 ipsum’explioana
615 2829 767 2890 dieentes:
797 2830 866 2908 Ego
889 2848 955 2888 sum
979 2827 1063 2889 Chri·

137 2919 211 2984 stns,
234 2913 318 2973 ansi
343 2911 435 2988 dieat,
457 2923 570 2974 nornen
586 2932 686 2973 meum
700 2915 856 2993 proprium
870 2917 1062 2993 praetexent,

138 2994 463 3076 quod‘estGhristns,
486 2996 623 3057 dieentes
659 3015 692 3057 se
724 3015 793 3057 esse
825 3015 875 3057 rne
898 2995 1061 3057 christum.

137 3079 177 3141 At
199 3081 261 3140 iam
286 3077 482 3140 obtinuerunt
501 3079 587 3156 illud,
620 3098 691 3140 nam
715 3099 732 3140 a
760 3097 852 3159 papa*
878 3085 909 3138 et
941 3078 1062 3140 Christo

137 3182 230 3223 unum
253 3161 401 3236 iecerunt,
423 3164 631 3242 garrientes,e
652 3182 734 3244 papa
747 3169 776 3222 et
788 3162 911 3224 Christo
934 3162 1062 3221 mixtum

138 3265 207 3307 esse
228 3264 323 3305 unum
344 3245 430 3305 illum
453 3246 625 3322 hominem,
658 3265 717 3306 neo
752 3243 956 3326 separandum
995 3263 1065 3306 esse

77 3358 79 3361 ·
140 3329 292 3391 Christum
306 3347 335 3387 ‘a
357 3329 447 3407 papa.
475 3329 502 3390 0
525 3328 783 3407 blasphemiarum
807 3327 998 3409 blasphemia
1021 3326 1064 3388 lu·

137 3412 317 3490 rineissimo,
338 3412 449 3491 impius
473 3432 510 3472 ao
531 3412 698 3474 sceleratus
722 3411 879 3487 cinaedus,
898 3409 1064 3490 usurarius,

138 3494 324 3574 sacrilegus,
355 3496 583 3556 cruentissimus
607 3503 764 3577 tyrannus,
786 3494 908 3557 Christo
930 3494 998 3554 Deo
1011 3493 1064 3554 mi

139 3584 241 3640 soetur
263 3584 293 3638 et
314 3598 424 3638 unum
432 3597 500 3638 oum
531 3577 601 3657 ipso
624 3578 762 3640 etiioitur.
806 3579 902 3655 Veni,
931 3577 1065 3638 Domine

137 3661 208 3725 Iesu
232 3660 378 3745 Christe,
385 3667 416 3722 et
437 3681 519 3741 pone
541 3661 634 3724 finem
648 3682 685 3724 ao
698 3660 830 3754 modum
839 3662 887 3737 hro
903 3659 1063 3727 horrendis
1085 3722 1086 3725 ,
1125 3664 1127 3668 ”

92 3742 96 3751 ’
138 3743 327 3825 horroribus,
350 3733 459 3810 Amen
777 3776 781 3791 ι
