2392 4170
131 228 174 300 66
364 227 510 304 Apologia
525 228 646 303 Philippi
663 227 827 291 Melanohth.

217 406 257 466 Mt
277 406 426 468 hacteuus
448 404 571 486 quidem
592 405 631 466 de
652 404 848 484 Doctoribus,
876 422 959 466 nunc
980 402 1059 465 Gon·

135 489 208 551 cilia
228 489 397 551 videamus.
431 488 548 563 Quibus
571 488 695 551 tandem
719 485 866 551 Oonciliis
887 487 1058 569 refragatur

133 570 306 633 Lutherus?
340 572 446 634 Videri
468 573 559 633 vultis
582 573 706 634 Lutheri
728 572 900 634 doctrinam
921 578 1058 633 veterum

133 655 280 716 Consiliis
302 655 495 734 damnatam,
525 675 593 716 cum
624 676 664 717 ex
687 674 725 716 eo
747 655 943 734 Montanum,
964 654 1058 715 Mani·

134 738 272 816 ohaeum,
295 738 446 800 Ebionem
469 747 500 800 st
520 740 592 820 quid
607 739 690 801 non?
707 740 817 801 facitis.
841 739 898 800 Hic
919 744 972 799 aut
992 735 1058 798 rhe-

134 823 256 883 toricari
288 822 385 883 voluit
416 823 576 902 Epistolae
604 829 710 902 autor,
737 828 791 884 aut
823 822 897 883 nihil
920 830 967 882 est
988 819 1057 882 Sor·

134 904 217 966 bona
245 906 408 966 Parisiensi
440 913 502 966 tum
539 905 722 987 malignius,
751 913 814 966 tum
841 904 1058 986 impudentius.

135 989 279 1064 Veterum
302 989 524 1050 haereticorum
556 991 681 1051 nomina
708 1008 770 1069 quo
793 989 922 1050 consilio
945 991 976 1049 in
999 987 1058 1048 Lu·

134 1072 252 1131 thorum
291 1075 524 1152 congesserint,
562 1075 628 1152 quis
662 1081 709 1132 est
741 1073 791 1152 qui
826 1092 888 1134 non
925 1071 1058 1149 olfaciat,

133 1173 258 1234 nempe,
281 1173 343 1234 qno
366 1155 506 1218 odiosius
528 1155 650 1216 Lutheri
673 1175 784 1216 nomen
808 1156 905 1220 fieret.
939 1152 1058 1215 Deinde

133 1237 164 1298 id
194 1256 284 1317 quam
320 1239 454 1318 maligne
488 1239 601 1299 sactum
626 1240 683 1316 sit,
714 1238 804 1300 facile
826 1234 1059 1321 deprehendent

133 1323 224 1383 etiam
248 1321 442 1382 mediocriter
465 1321 585 1386 eruditi.
617 1322 695 1382 Nam
720 1322 802 1402 quod
824 1324 973 1385 Montano
987 1338 1058 1385 con·

132 1400 227 1465 fertur
248 1403 409 1484 Lutherus,
432 1407 500 1484 quis
523 1424 586 1466 non
610 1405 693 1466 videt
714 1425 805 1485 quam
829 1425 890 1468 non
913 1405 967 1467 ilat
988 1423 1057 1465 oan-

132 1487 226 1548 dide?
269 1487 333 1549 sibi
356 1487 438 1548 credi
461 1488 586 1550 volebat
608 1488 772 1550 Montanus
801 1494 831 1550 et
863 1488 980 1550 fidebat
1001 1505 1057 1549 suo

134 1570 268 1650 quodam
290 1572 416 1653 spiritu,
439 1571 587 1633 Lutherus
611 1572 685 1633 nihil
708 1573 773 1633 vult
795 1573 851 1634 sihi
875 1571 980 1652 credi,
1003 1569 1058 1632 sed
1083 1644 1089 1651 ¹

134 1652 268 1715 evidenti
292 1661 323 1715 et
344 1656 525 1735 perspicuae
548 1655 740 1735 Scripturas,
762 1656 838 1718 nihil
860 1655 899 1716 de
920 1673 977 1716 suo
999 1655 1058 1735 spi·

134 1738 203 1816 ritu,
225 1735 280 1798 sed
303 1737 341 1798 de
354 1736 513 1818 Scriptura
533 1739 635 1802 iactat.

217 1819 341 1896 Quanto
373 1822 500 1902 propius
529 1821 567 1882 ad
603 1823 783 1883 Montanum
813 1841 868 1884 vos
902 1817 1057 1896 acceditis,

133 1905 184 1985 qui
208 1903 308 1983 vultis,
331 1910 363 1964 ut
376 1905 492 1985 spiritui
506 1904 674 1985 hominum,
696 1905 914 1986 Consiliorum,
936 1904 1057 1965 Petrum

133 1994 164 2048 et
188 1986 425 2048 Universitatum
449 1987 609 2049 credamus
632 1990 734 2070 potius
757 2008 848 2068 quam
872 1988 1056 2068 Scripturas.

133 2070 198 2132 imo
221 2069 296 2129 nihil
317 2070 375 2130 nisi
396 2069 533 2131 Montani
556 2075 640 2150 estis,
663 2091 718 2134 vos
742 2072 928 2134 Parisienses
951 2070 1056 2153 Sophi-

135 2165 199 2212 stas
221 2152 305 2228 volo,
328 2154 377 2232 qui
401 2153 634 2217 hooDeoretum
651 2158 717 2216 sine
730 2156 891 2236 Scripturis
905 2155 1055 2234 edidistis,

135 2238 317 2315 iactatisque
340 2255 394 2296 vos
423 2235 518 2298 fidere
543 2241 724 2319 Apostolico
749 2260 850 2320 more,
873 2241 969 2318 quasi
984 2257 1055 2299 con·

135 2327 204 2398 stet,
226 2320 355 2379 eundem
380 2338 450 2382 esse
462 2323 598 2401 spiritum
619 2323 716 2400 vobis,
739 2325 789 2401 qui
812 2325 963 2404 apostolis
980 2328 1056 2386 erat.

133 2402 195 2465 eeu
217 2402 256 2463 de
277 2403 323 2463 his
345 2413 464 2485 postea.

217 2486 340 2561 Quaeso
359 2495 398 2566 te,
422 2487 592 2548 Christiane
605 2487 712 2565 lector,
735 2490 870 2569 nunquid
886 2496 975 2570 putes
988 2506 1056 2549 esse

77 2608 80 2612 ·
135 2569 299 2632 Christiani
320 2572 443 2650 spiritus
465 2573 495 2629 in
515 2570 656 2632 Serbona
678 2572 740 2649 illa,
764 2592 854 2652 quam
878 2573 958 2633 adeo
982 2572 1054 2632 nihil

135 2653 230 2737 pudet
258 2656 387 2718 mentiri.
442 2653 518 2713 Mam
551 2673 619 2714 cum
650 2656 752 2734 palam
772 2658 810 2715 sit
842 2658 967 2737 ipsimet
989 2654 1056 2717 Sor·

135 2737 235 2799 bonae
257 2737 331 2797 nihil
353 2738 519 2798 convenire
540 2740 619 2798 inter
640 2727 818 2800 Montanuin
841 2740 1057 2812 etLutherum,

135 2822 228 2882 audet
255 2826 357 2881 tamen
386 2820 523 2881 Montani
554 2823 678 2882 nomine
713 2824 860 2903 optimum
893 2824 990 2884 virum
1012 2823 1056 2882 in·

122 2903 257 2973 ,famare
793 2915 799 2929 ’

217 2986 280 3048 lam
302 2994 333 3046 et
354 2986 506 3047 Ebionem
530 3007 568 3048 ex
590 3006 628 3049 eo
651 2988 740 3067 iecit,
762 2989 858 3049 nihilo
882 2988 929 3050 vel
955 2990 1057 3051 candi·

135 3069 213 3153 dius,
231 3070 281 3130 vel
292 3071 419 3131 cautius.
443 3070 595 3151 Exigebat
611 3070 710 3133 Ebion
730 3074 920 3133 ceremonias
935 3072 1012 3154 legis
1021 3072 1056 3154 ¹).

135 3151 281 3214 Lutherus
304 3172 367 3213 non
391 3154 502 3234 exigit,
532 3154 585 3215 sed
610 3155 721 3216 liberas
746 3175 814 3216 esso
836 3156 1001 3237 permittit,
1025 3163 1057 3216 ut

134 3237 232 3314 quivis
254 3254 310 3317 pro
333 3238 562 3316 opportunitate
591 3257 628 3298 ac
656 3240 790 3299 caritatis
821 3239 923 3300 officio
954 3257 988 3299 se
1010 3246 1057 3300 at-

134 3325 285 3399 temperet
298 3319 346 3380 vel
365 3321 510 3380 inserviat
525 3321 595 3401 legi,
618 3323 667 3383 vel
686 3322 822 3403 negligat
834 3325 909 3383 citra
923 3322 1056 3403 culpam.

135 3400 212 3462 Mam
236 3404 278 3463 ita
300 3403 452 3464 sentiebat
480 3410 511 3463 et
532 3405 644 3465 Paulus
674 3406 703 3465 in
727 3406 835 3467 ultimo
865 3407 904 3468 ad
927 3405 1057 3467 Galatas

134 3487 236 3567 capite
256 3505 433 3567 exaequans
457 3490 648 3548 ceremonias
678 3491 830 3569 ritusque:
864 3491 896 3551 lu
932 3489 1056 3551 Christo

133 3570 201 3631 lesu
224 3589 325 3651 neque
347 3572 538 3633 circumcisio
552 3572 666 3653 aliquid
691 3574 780 3649 valet,
804 3593 904 3657 neque
925 3592 1056 3657 praepu-

205 3765 234 3829 1)
255 3763 285 3819 ln
303 3760 347 3820 ed
367 3761 450 3832 origi
470 3762 557 3835 leges.
