2392 4170
132 255 201 323 M)
427 255 589 314 Goninhtio
606 259 775 314 hindana

131 419 236 473 sotem
264 411 312 471 sio
331 412 424 473 otiam
452 412 492 473 de
513 413 616 475 inrore
641 433 700 475 sno
721 415 889 475 sensissent
909 420 943 470 st
962 408 1057 471 ditis

131 503 211 571 saut,
232 500 336 575 potest
355 497 402 556 sie
423 495 564 557 damnari
584 504 618 558 et
638 500 737 575 exuri,
757 498 904 567 sednon,
925 493 1000 553 dum
1013 491 1057 553 dis

133 579 248 655 simus,
276 576 361 656 qnod
382 577 496 641 debat
512 589 542 641 et
565 589 707 661 oporteat
726 582 774 640 sio
794 579 931 640 damnari
953 586 988 637 et
1005 594 1060 636 ex·

132 662 189 735 uri,
210 660 416 741 responderet
446 681 525 743 opos
556 682 663 724 eornm
685 663 787 723 verbis
808 680 926 722 eorum.
967 658 1060 719 Nuus

133 743 242 824 quales
262 742 420 805 deoiarent
440 764 476 806 se
496 747 598 826 ipsos,
621 749 689 826 qnia
711 766 774 807 nou
796 743 901 805 videt?
922 744 975 821 qni
996 741 1059 803 has

134 845 191 907 pro
213 834 299 887 nerto
322 826 505 904 damnarint,
526 829 566 889 de
587 849 650 909 quo
670 829 765 889 hodie
783 827 1058 908 quoqueinsertos

133 928 204 971 esse
230 911 375 990 seipsos
396 911 590 975 ooafitentnr.
630 912 711 974 Nem
733 914 791 972 etsi
815 910 925 971 Patres
958 910 1059 968 saneti

134 994 322 1072 quandoque
343 993 482 1055 dubitent
503 1003 536 1054 et
556 997 674 1056 varient
694 997 724 1054 in
742 994 966 1074 seripturarum
988 1010 1057 1053 ssu·

133 1075 229 1155 dhus,
250 1093 407 1155 nunquam
430 1085 533 1138 temen
555 1079 685 1140 intorem
709 1078 792 1138 hune
812 1074 1059 1153 addiderunt-ut

134 1165 324 1235 mearent,
357 1159 519 1240 alienaque
547 1162 729 1223 damnarent
749 1168 781 1222 at
801 1166 977 1221 exererent.
998 1156 1057 1239 igi·

135 1242 282 1303 tornatio
304 1240 358 1302 iiia
377 1244 514 1304 noudum
537 1244 658 1324 prodit,
688 1263 768 1323 quae
795 1243 981 1324 promittitur
1001 1258 1059 1321 pen

133 1327 226 1397 istum
248 1324 496 1405 ponderatorem.
524 1327 617 1387 -Nem
641 1335 675 1387 ut
692 1327 857 1387 Lntherum
880 1332 913 1384 et
935 1333 1057 1384 sentem

134 1409 207 1469 t'nnm
228 1409 296 1469 eins
307 1408 424 1487 eludet,
445 1428 532 1470 anam
547 1418 650 1471 temen
664 1429 727 1471 uon
742 1410 862 1489 probat,
885 1426 945 1467 neu
956 1424 1057 1467 meam

134 1490 304 1573 improbat,
331 1492 386 1551 aad
408 1501 569 1572 utramque
590 1495 737 1554 insertam
759 1493 849 1568 iaoit,
885 1509 954 1551 oum
978 1496 1058 1551 utra

135 1593 195 1653 que
216 1573 257 1635 ab
287 1593 327 1635 eo
349 1574 473 1636 indnota
495 1578 650 1656 expositio
679 1596 750 1636 esse
769 1595 842 1636 vera
860 1593 923 1634 non
948 1574 1056 1654 possit

135 1655 239 1733 Quare
259 1656 425 1737 aoneludo,
446 1658 610 1739 Magistros
621 1659 787 1737 nostrales,
808 1678 878 1718 aum
901 1675 952 1716 me
973 1655 1057 1717 dam·

135 1748 254 1818 nerent,
275 1739 371 1801 inisse
383 1741 520 1819 insenos,
542 1744 635 1821 etqui
657 1743 812 1803 umoireut
824 1741 898 1821 quid
910 1740 1056 1802 issaram

133 1822 235 1885 Testis
257 1830 306 1883 eet
324 1822 471 1885 Istorum
492 1842 600 1886 eornm
622 1833 781 1906 patronus,
804 1826 857 1904 qni
879 1822 951 1884 ideo
973 1822 1055 1882 huno

136 1906 245 1969 librum
267 1907 400 1987 scripsit,
424 1927 464 1967 ne
485 1908 592 1969 orbem
614 1909 677 1970 hoo
696 1909 810 1969 diodus
832 1908 951 1968 taam.

215 1988 293 2050 cnm
315 2008 376 2070 ego
398 1989 556 2068 dixissem,
577 2011 752 2072 repugnare
771 1991 866 2072 Legi,
886 1989 970 2049 alind
991 2006 1070 2065 uon,

135 2092 223 2154 esse,
244 2091 336 2151 qnam
359 2091 499 2151 peooere,
522 2093 584 2134 nou
606 2075 833 2156 ageseibonum
855 2091 925 2134 esse
945 2080 1056 2132 eontra

135 2156 258 2235 [ingena
271 2155 452 2234 respondet:
477 2155 568 2231 Quod
581 2159 770 2239 Augustinus
784 2158 897 2217 audeat
907 2173 1056 2232 asserere,

136 2256 316 2383 twa
330 2247 864 2396 tittaitzzttttzss‘tt,
886 2239 971 2402 itt
989 2257 1056 2382 ts:

136 2410 278 2486 peooant.
299 2404 378 2465 Vide
399 2408 604 2485 nequitiosum
622 2407 809 2488 Sophistam,
833 2416 865 2467 ut
881 2406 986 2465 omnia
1007 2405 1057 2464 de

135 2493 253 2567 prevet.
295 2485 371 2564 Quia
394 2508 456 2549 non
491 2490 574 2550 videt
598 2493 802 2571 augustinum
835 2489 886 2548 hie
912 2487 997 2567 loqui
1019 2488 1057 2547 de

138 2571 258 2633 mortali
280 2578 426 2651 peoonto,
448 2573 532 2652 quod
554 2573 589 2633 iit
609 2593 762 2634 consensu
785 2576 814 2632 in
837 2573 1055 2652 oonwpisoen·

136 2656 195 2715 tias
216 2657 346 2735 peooati,
368 2673 431 2716 nou
452 2665 555 2716 tamen
578 2666 671 2736 negat
693 2659 768 2717 istos
792 2666 892 2717 motus
915 2673 986 2714 esse
1007 2672 1057 2715 ve·

137 2736 230 2799 nialia
250 2745 390 2818 pennata
434 2739 545 2800 Adhuo
565 2740 711 2800 Latomus
735 2741 796 2800 hoo
818 2748 926 2800 eontra
948 2737 1057 2798 Iuthe

136 2840 203 2881 rom
224 2839 295 2883 esse
314 2820 413 2901 fingit,
434 2841 496 2883 nou
519 2824 601 2903 qnod
623 2826 745 2902 ignoret
768 2841 817 2882 me
834 2823 918 2901 loqui
931 2821 1056 2902 depeo·

7 2973 10 2978 ,
136 2912 207 2969 osio
229 2924 291 2965 non
314 2906 435 2965 mortali
457 2926 512 2966 seu
534 2907 751 2984 damnationis,
774 2904 924 2985 sedquod
941 2905 1060 2965 matitia

136 2989 269 3069 agitatm
291 2994 378 3067 optet
407 3008 476 3048 mea
502 2990 548 3049 sio
578 2988 716 3070 intelligi.
757 2990 821 3050 lam
852 3007 951 3068 quam,
968 2988 1058 3049 Iato-

137 3073 240 3133 miena
262 3070 424 3132 dialectiea
455 3069 528 3132 niihil
550 3073 773 3151 damnationis,
809 3075 883 3152 quie
901 3090 966 3132 nou
988 3090 1057 3152 peo-

138 3161 219 3233 eant,
240 3172 315 3233 ergo
339 3173 379 3215 ex
400 3157 545 3235 opposito
558 3159 775 3235 oooseqoentis
787 3157 963 3236 oppositum
975 3162 1058 3216 sute-

137 3235 274 3299 oedentis
305 3239 450 3317 sequitur.
504 3239 683 3300 Venialiian
710 3249 874 3319 pensantes
914 3247 1055 3319 pensant,

138 3338 212 3399 ergo
235 3321 371 3382 nonnihil
394 3322 599 3383 damnationis
629 3332 675 3382 est
705 3324 772 3382 iilis.
815 3323 884 3384 Eoo
917 3331 965 3382 est
985 3340 1059 3403 apo·

138 3403 249 3463 stolum
272 3403 399 3465 Paulum
423 3405 627 3466 Lovaniaiiter
648 3408 847 3487 interpretari.
894 3406 1057 3466 Peooetum

140 3486 258 3548 reniale
289 3489 356 3548 siue
390 3488 588 3551 damnatione
627 3497 781 3565 asserunt,
815 3509 917 3549 meum
955 3499 1057 3550 autem

138 3569 215 3633 iilud
233 3579 393 3651 peooatnm
417 3572 623 3634 damnationis
644 3573 769 3635 faciunt.

103 3726 106 3731 q
221 3653 287 3714 Neo
306 3653 337 3714 di
361 3664 471 3715 nentur
504 3657 698 3734 meminisse,
731 3675 823 3736 qnam
858 3656 968 3717 erebro
999 3674 1059 3737 ego

139 3738 264 3819 bnoqne
283 3673 360 3798 itini
379 3737 561 3819 induxerim,
583 3739 666 3819 quod
687 3740 799 3800 Paulos
815 3741 877 3819 sit,
899 3738 975 3802 nihil
989 3758 1063 3801 esse
