2392 4170
318 265 427 321 Bullam
447 266 530 322 Leon.
551 266 582 319 x.
603 262 725 358 demunt.
745 227 770 318 a
790 261 870 320 1⁶20.
998 256 1061 325 233)

132 420 240 483 divina
262 420 434 502 Scriptura,
462 420 516 482 sed
542 421 588 480 sic
617 424 738 480 vastate
758 437 813 498 per
842 424 978 478 nostrum
1000 414 1061 476 Na·

135 504 388 578 bnobodonoaor,
411 512 442 564 nt
462 523 520 565 nec
543 503 695 564 literarum
718 502 813 564 facies
835 506 866 561 et
887 501 995 560 notitia
1017 518 1061 558 rc·

133 588 220 667 liqna
241 589 289 663 sit,
312 606 452 667 opusque
476 590 513 648 sit
536 586 625 646 nobis
648 585 782 665 quodam
804 583 911 660 esdra,
934 585 984 662 qni
1009 601 1061 642 no·

133 690 191 731 vas
214 671 317 731 literas
338 672 474 731 inveniat
496 677 525 730 et
547 669 648 730 denno
672 668 760 730 nobis
779 667 907 728 Bibliam
931 671 1060 745 reparet,

132 753 220 834 quod
243 772 334 834 spero
356 773 438 815 nuno
460 754 524 834 geri
552 750 815 814 efflorescentibus
843 751 874 811 in
897 756 962 811 toto
987 748 1061 809 orbe

132 838 248 916 linguis
272 837 404 900 libruica
426 845 456 898 et
478 835 608 915 Graeca,
631 836 741 897 Amen.

360 1003 599 1064 Tricesimus
626 1003 832 1083 septimus:

196 1139 410 1220 Purgatorinm
435 1158 496 1200 non
518 1146 620 1219 potest
648 1137 770 1219 probari
792 1157 831 1198 ex
853 1155 941 1197 sacra
963 1134 1061 1215 Scrip-

202 1233 279 1300 tura,
302 1223 492 1302 quaesitio
516 1222 653 1283 Oenone.

220 1339 299 1400 Satis
326 1338 453 1421 ridicule
480 1339 643 1420 Sophistae
674 1341 705 1399 in
741 1339 799 1399 huc
832 1358 865 1399 re
898 1347 1061 1417 nugantur,

132 1421 324 1483 adducentes
346 1422 421 1483 illud
442 1423 521 1486 Psal.
536 1421 631 1495 llll:
653 1423 862 1484 Traneivimns
882 1441 936 1502 per
958 1422 1060 1499 ignem

132 1513 166 1565 et
187 1523 310 1584 aquam,
332 1512 362 1565 et
384 1505 515 1566 eduxisti
531 1525 588 1567 nos
608 1507 639 1566 in
656 1506 854 1586 refrigerium.
888 1503 956 1564 Non
980 1504 1059 1562 enim

135 1595 256 1648 tantum
279 1588 395 1648 babent
415 1589 530 1650 cerebri
561 1599 592 1651 et
621 1589 763 1650 solertiae
785 1595 838 1648 ant
866 1586 1062 1666 cogitamine,

136 1678 173 1731 nt
193 1671 328 1746 videant,
351 1674 375 1731 si
398 1673 458 1732 hoc
480 1673 516 1732 de
539 1674 716 1754 purgatorio
739 1671 852 1732 dictum
875 1679 931 1745 est,
955 1687 1061 1728 omnes

134 1761 286 1834 martyres
309 1761 468 1834 totamque
490 1757 652 1816 ecclesiam
674 1757 704 1815 in
728 1755 936 1835 purgatorium
959 1754 1062 1828 ivisse,

137 1855 210 1897 cnm
238 1839 269 1896 in
305 1855 436 1924 personia
470 1846 635 1920 martyrum
663 1842 695 1900 et
723 1838 857 1898 omnium
880 1835 1062 1896 afflictorum

136 1919 395 1997 mendicantur,
425 1940 481 2000 pro
510 1921 618 2002 quibus
644 1922 767 2002 ipsimet
793 1921 895 1981 sciunt
924 1919 1061 1978 iniuriam

136 2021 209 2063 esee
231 2022 327 2065 orare.
371 2004 494 2064 Talibus
523 2007 601 2065 enim
625 2003 839 2066 autoritatibus
862 2000 984 2081 stupida
1006 2002 1064 2059 ista

139 2085 245 2165 capita
267 2086 368 2146 solent
401 2107 457 2147 sna
486 2087 632 2166 probare,
666 2088 764 2148 solnm
797 2094 828 2146 nt
858 2104 1002 2146 nauseam
1033 2089 1064 2142 et

139 2167 403 2229 abominationem
427 2170 540 2231 saciant
561 2173 618 2250 piis
640 2170 804 2250 spiritibus.

220 2251 294 2312 Tale
327 2261 357 2312 et
386 2253 459 2313 illud
488 2254 510 2316 l.
540 2253 675 2314 Corinth.
700 2256 734 2319 3:
773 2252 882 2313 Salvus
910 2253 977 2331 ipse
1007 2250 1061 2307 erit

137 2336 227 2414 qnasi
250 2337 444 2416 perignem,
474 2354 542 2395 cnm
565 2338 724 2416 apostolus
745 2335 786 2396 ibi
811 2335 848 2395 de
869 2336 940 2414 igne
962 2332 1064 2393 indicii

137 2418 300 2497 loquatur,
333 2419 437 2478 dicens
465 2418 544 2479 diem
564 2421 687 2480 Domini
709 2421 739 2479 iu
761 2420 833 2498 igne
854 2416 1062 2478 revelandum.

135 2500 223 2561 Sicut
245 2507 275 2560 et
296 2503 325 2562 2.
348 2501 484 2564 Thessal.
507 2503 531 2564 l.
553 2502 642 2565 dicit:
674 2502 825 2562 Christum
849 2500 887 2560 de
908 2499 996 2559 coelo
1019 2517 1062 2557 re·

135 2583 301 2644 velandum
326 2603 394 2644 cnm
418 2585 537 2665 angelis
548 2587 666 2647 virtutis
688 2603 763 2646 snae
785 2583 952 2644 inflamma
974 2581 1062 2660 ignis,

135 2665 303 2728 vindictam
327 2669 474 2728 sumentis
487 2668 525 2728 de
546 2669 593 2746 iis,
617 2671 666 2746 qni
690 2688 751 2728 non
765 2666 959 2728 crediderunt
973 2683 1062 2722 evan-

135 2750 228 2828 gelio.
274 2748 305 2809 Si
328 2769 402 2829 ergo
424 2751 470 2812 bis
494 2757 524 2810 et
547 2751 694 2812 similibus
728 2751 804 2812 locis
826 2747 973 2829 probatur
996 2766 1062 2824 pnr-

136 2833 302 2911 gatorinm‚
325 2852 395 2893 vere
408 2853 447 2893 ex
466 2833 621 2913 Scriptura
639 2832 829 2915 probabitur,
852 2849 976 2912 prorsus
1001 2827 1062 2888 nul-

136 2914 198 2975 lum
223 2933 292 2974 esse
313 2919 533 2996 purgatorium.

221 2996 322 3058 Unum
345 2999 446 3059 locum
475 2998 589 3060 hubent
611 3019 637 3060 c.
666 3001 694 3063 2.
717 2997 876 3060 Machabe.
902 2999 948 3061 12.
972 2997 1062 3055 usita-

136 3079 264 3155 tnm²)‚
298 3100 387 3160 quem
410 3082 518 3142 librum
543 3082 620 3158 dixi,
653 3084 733 3143 sicut
759 3081 860 3142 adhuc
882 3080 966 3157 dico,
1000 3099 1060 3138 non

136 3183 205 3225 esse
233 3165 263 3223 in
293 3164 351 3224 hac
381 3182 416 3226 re
436 3165 527 3226 ulline
550 3166 738 3239 autoritatis,
765 3184 833 3225 cnm
857 3163 929 3225 nibil
953 3161 1062 3238 simile,

136 3265 238 3327 neque
260 3247 289 3306 in
314 3266 407 3324 novo,
430 3267 529 3325 neque
550 3250 580 3308 in
605 3252 698 3309 veteri
712 3248 910 3309 Testamento
934 3247 1061 3326 legatur.

220 3329 259 3388 Et
282 3347 361 3408 qnae
377 3332 545 3392 necessitas
557 3340 612 3408 est,
635 3351 691 3412 pro
707 3332 884 3412 purgatorio
898 3330 941 3390 sic
954 3328 1061 3390 tnmnl·

134 3410 235 3473 tueri?
269 3414 326 3472 nisi
349 3414 429 3492 qnod
453 3415 604 3495 papistica
626 3415 758 3476 ecclesia
778 3415 863 3475 lucro
886 3432 943 3474 sno
967 3415 1061 3487 timet,

135 3494 220 3575 quod
243 3495 467 3558 inaestimabile
493 3498 584 3559 trahit
606 3516 645 3558 ex
668 3497 868 3578 purgatorio?
899 3496 960 3558 Suo
983 3496 1062 3574 quis·

190 3763 223 3828 1)
244 3760 277 3815 ln
297 3760 339 3817 ed.
359 3764 442 3834 erip:
463 3762 505 3820 76.
536 3763 569 3831 2)
590 3762 709 3820 Ibidem:
730 3766 880 3820 visitatum.
