2392 4170
137 220 183 299 74
327 229 515 307 apologo
532 232 653 308 Philippi
670 231 835 299 uernans.

53 414 56 422 '
140 399 330 466 Christianus
360 405 460 488 orbis,
488 409 543 471 sed
576 418 606 473 et
634 411 770 492 postulat
803 413 868 473 iure
896 408 1061 473 Chrisdmi

139 484 244 562 officii,
266 497 298 549 ut
321 487 470 571 doceatis,
492 494 575 575 quid,
598 514 651 558 cur
673 495 899 557 damnaveritis.

222 570 262 632 m
290 580 323 634 ot
350 573 454 638 finiam
475 577 659 661 aliquando,
687 581 718 640 in
752 599 813 640 uno
842 586 934 660 atque
963 577 1060 640 altero

138 651 210 716 loco
232 656 330 718 visum
344 732 350 743 ἱ
366 666 414 721 est
442 661 626 742 ostendere,
655 683 733 743 quae
754 664 876 724 inscitia
904 663 1060 724 sacrarum

138 756 249 820 rerum,
272 760 352 820 quae
368 743 512 825 impietas
536 747 575 808 sit
596 746 766 811 sorbonae.
801 746 880 808 Nam
903 744 1060 807 indeiaci·

137 820 167 883 is
189 823 305 903 reliqua
322 828 477 890 aestimari
490 837 642 909 poterunt.
677 830 825 892 Lotberus
841 831 886 891 sic
908 829 945 889 de
963 828 1060 890 libero

137 902 262 973 arbitrio
284 911 415 994 scripsit,
438 933 499 974 noo
514 933 606 995 posse
628 913 702 975 illud
725 915 801 975 citra
822 914 952 994 gratiam
976 911 1059 975 aliud

137 1010 227 1074 qnam
250 1014 390 1075 peccare.
423 995 508 1061 Nota
530 1018 579 1059 res
596 1005 644 1059 est
665 998 807 1078 sipiano,
830 998 855 1057 si
871 997 1058 1077 Scriptorum

137 1078 324 1142 consideres.
367 1076 420 1143 Sic
443 1082 523 1142 enim
546 1083 587 1143 ait
614 1081 774 1162 apostolus
788 1080 925 1142 Paulus:
949 1078 1059 1141 Adiac-

136 1166 185 1222 tus
207 1163 306 1223 carnis
328 1163 486 1225 inimicitia
516 1173 564 1226 est
585 1164 731 1226 adversus
754 1165 870 1240 Deum,
894 1163 954 1244 legi
977 1163 1058 1224 euim

140 1242 196 1307 Dei
229 1265 291 1306 non
322 1254 369 1308 est
398 1247 554 1326 subditus,
583 1266 683 1328 neque
712 1249 793 1310 enim
828 1246 917 1307 subdi
945 1252 1059 1327 potest.

137 1326 845 1412 Quiincarnesunt,Deoplacerenonpossont.
868 1329 1024 1392 Etloban.
1034 1326 1059 1390 1:

137 1410 264 1488 Qniuon
274 1433 314 1473 ex
326 1413 534 1495 sanguinibus,
548 1435 696 1495 nequeex
706 1415 865 1476 voluntate
877 1415 988 1493 carnis,
1006 1431 1058 1473 ne·

135 1495 1058 1580 queexvoluntateviri,aedexDeooatisunt.EtScripturam

134 1585 259 1640 secutus
282 1581 471 1661 Augustinus
494 1581 575 1642 idem
600 1583 664 1663 agii
691 1581 838 1643 adversus
861 1579 1056 1660 Pelagianos,

135 1661 196 1724 hoo
217 1666 273 1743 esi,
297 1662 484 1726 sorbonicos
507 1664 681 1746 sophistas,
705 1683 767 1725 non
792 1683 852 1724 nno
875 1664 957 1726 loco.
1000 1660 1058 1723 Hic

135 1744 234 1806 Sorba
253 1748 314 1807 ista
347 1746 540 1811 dissimulant
561 1747 764 1830 Scriptorum,
793 1754 824 1808 et
852 1746 1057 1828 Augustinum

132 1835 284 1890 excusant
307 1829 479 1893 Sorbonico
505 1839 698 1908 commento,
720 1833 751 1891 in
774 1850 835 1910 quo
858 1831 926 1891 solo
949 1827 1058 1909 depre-

130 1911 248 1974 hendes
277 1915 460 1975 caecitatem
491 1914 703 1988 Sorbonicarn.
748 1912 838 1990 Quod
867 1914 892 1974 si
921 1931 1056 1991 unquam

131 1994 301 2057 dubitatum
324 2003 393 2072 est,
415 1999 444 2057 in
469 2017 530 2077 quo
552 2017 666 2079 genere
694 1997 849 2059 literarum
872 2004 925 2057 aut
947 1996 1057 2057 artium

133 2084 304 2141 versaretur
325 2080 459 2159 Lutetia,
484 2081 512 2140 id
526 2101 607 2141 nunc
629 2079 803 2163 declaret1)
828 2080 878 2140 hic
900 2080 1002 2157 locus,
1026 2078 1055 2138 in

132 2180 194 2241 quo
218 2159 319 2241 palam
329 2163 466 2241 adparet,
489 2166 518 2224 in
542 2171 608 2226 tota
630 2167 689 2225 ista
712 2163 883 2225 Sorbonica
897 2161 1056 2223 Facultate

132 2246 286 2306 nemiuem
309 2265 393 2324 esse,
424 2248 473 2326 qui
498 2249 703 2328 Augustinum
738 2249 881 2327 attigerit.
923 2244 960 2306 Io
990 2247 1057 2325 ipsa

130 2327 289 2407 Scriptura
336 2329 407 2408 quid
450 2333 588 2410 possint,
626 2329 718 2392 facile
752 2331 906 2391 aestimari
940 2334 1053 2407 potest,

132 2409 256 2490 quando
292 2431 331 2472 ne
358 2412 561 2493 Augustinum
594 2414 715 2494 quidem
747 2412 904 2493 vulgarem
939 2411 1056 2490 alioqui

131 2494 210 2554 inter
232 2493 397 2575 theologos
430 2499 614 2578 scriptorem
644 2496 785 2561 viderint.
830 2494 1056 2575 Otbeologos,

17 2603 19 2608 ·
133 2595 151 2637 o
176 2575 359 2642 sorbonam.

213 2660 425 2741 Augustinus,
456 2663 613 2743 inquiunt,
637 2682 705 2724 oum
729 2662 767 2722 de
789 2662 888 2742 gratia
912 2659 1056 2740 disputat,

131 2762 193 2804 non
226 2764 320 2825 posse
359 2745 487 2809 liberum
522 2746 679 2806 arbitrium
715 2745 794 2805 bena
832 2745 952 2824 operari
981 2744 1056 2803 citra

130 2828 281 2907 gratiam,
311 2847 373 2889 non
409 2828 447 2888 de
475 2837 594 2910 gratnm
625 2829 756 2889 faciente
790 2829 887 2908 gratia
910 2827 1055 2907 loquitur.

131 2909 272 2972 Caecitas
302 2913 507 2989 caecitatum,
541 2917 571 2972 ei
603 2914 706 2972 omnia
735 2912 877 2971 caecitas.
921 2909 968 2969 De
996 2927 1057 2987 qua

131 2993 256 3055 tandem
278 2995 376 3074 gratia
399 2996 443 3055 vir
465 2995 515 3055 ille
539 2994 681 3055 disserit?
704 3013 772 3055 oum
794 2996 885 3054 toties
908 2994 939 3052 in
962 3010 1055 3052 voca·

131 3076 205 3138 bulo
235 3079 352 3158 gratiae
380 3079 516 3139 variasse
538 3078 694 3158 Pelagium
723 3077 841 3155 scribit,
872 3082 1001 3135 testatur
1021 3093 1056 3135 se

83 3235 86 3242 Ι
130 3161 257 3239 exigere
279 3162 407 3241 gratiam
431 3161 656 3238 iustificantem,
679 3180 731 3221 seu
749 3161 892 3240 Spiritum
916 3166 1056 3219 sanctum

131 3242 273 3304 diffusum
314 3245 345 3304 iu
379 3245 474 3305 corda
505 3244 748 3305 iustificatorum.
803 3244 893 3304 Dona
927 3249 1056 3301 naturae

131 3325 234 3406 palam
257 3328 365 3400 reiicit,
387 3328 522 3408 speciale
543 3329 690 3388 auxilium
706 3326 909 3387 sorbonicum
923 3326 1055 3406 ignorat,

131 3411 183 3491 qui
205 3415 307 3489 potest
328 3411 420 3491 igitur
446 3431 508 3472 non
538 3411 575 3472 de
608 3413 707 3490 gratia
735 3408 920 3469 iustificante
949 3405 1056 3487 loqui?

130 3492 172 3555 Es
195 3499 227 3553 ut
255 3513 317 3555 rem
349 3495 447 3574 ipsam
477 3496 691 3570 aestimemus,
722 3511 838 3573 quaeso
866 3510 923 3553 vos
957 3489 1058 3551 Sorba

130 3575 323 3656 borboniae,
352 3578 433 3637 unde
467 3579 597 3659 gratiam
631 3584 750 3658 gratum
772 3576 936 3636 facientem
959 3572 1057 3636 nomi·

205 3762 234 3833 1)
253 3761 285 3817 In
303 3760 347 3817 sd.
368 3761 442 3820 len:
463 3762 597 3820 declarat
