2392 4170
137 254 202 323 496
483 255 527 311 De
543 254 720 311 instituendis

139 425 332 489 carnificibus
361 445 415 485 seu
438 425 654 505 Pontificibus,
693 427 829 487 violenta
855 424 1061 499 conscientia,

140 510 267 572 ordines
299 512 368 570 illos
400 524 552 588 eoguntur
584 530 701 585 emere,
736 526 771 571 ιιι
805 528 932 589 prorsus
962 508 1062 568 nullus

140 606 233 674 queat
253 613 386 673 unquam
414 592 497 653 bona
525 597 715 655 conscientia
741 594 882 673 gloriari,
916 611 988 652 sese
1009 611 1063 671 per

139 681 252 739 ostium
276 679 306 736 in
331 690 464 736 vestrum
477 678 559 737 ovile
574 681 714 738 intrasse.
743 677 946 737 Durissimum
959 680 1061 735 autern

140 773 197 841 est,
219 780 342 843 semper
363 772 395 819 et
415 760 516 819 solum
529 762 606 821 tales
629 761 738 842 pati1)
764 772 916 840 pastores,
938 757 1062 819 aliunde

141 847 289 905 intrantes
311 863 403 923 quam
425 863 480 922 per
502 846 626 905 ostium.

223 927 318 987 Facta
352 936 399 986 est
431 926 556 987 tandem
580 929 638 987 bac
660 930 778 987 ratione
800 927 893 1006 copia
917 923 1061 984 crudelis·

139 1012 218 1071 sima
251 1010 437 1089 quibuslibet
475 1011 696 1089 nebulonibus,
737 1011 887 1090 apostatis
922 1016 955 1068 et
985 1025 1061 1087 quos

139 1095 254 1172 alioqui
276 1093 361 1152 nulla
380 1112 452 1172 pars
475 1106 622 1155 terrarum
645 1095 844 1174 lerrepctuit‚
868 1090 910 1152 ad
924 1104 1060 1151 restrum

140 1178 339 1236 ministerium
362 1177 576 1256 perveniendi,
605 1182 648 1237 ita
676 1188 709 1238 ut
738 1182 770 1237 in
792 1177 927 1236 fabulam
952 1175 1060 1235 abierit

140 1261 218 1320 haec
240 1261 351 1319 misere
374 1269 477 1319 vestra
498 1264 680 1338 necessitas,
711 1261 853 1321 videlicet
875 1258 961 1337 quod
985 1259 1062 1317 Boe-

141 1345 197 1404 mis
219 1341 329 1424 dignus
351 1345 389 1402 sit
411 1345 568 1419 sacerdos,
590 1347 640 1422 qui
664 1345 746 1423 apud
756 1343 916 1403 Teutonas
931 1342 1059 1421 laqueos
1163 1330 1168 1385 l

140 1436 172 1487 et
199 1444 310 1487 corvos
340 1428 457 1486 meruit.
507 1427 559 1487 Sic
586 1428 744 1488 Boemiam
779 1427 890 1505 repleri
926 1424 1062 1504 oportuit
1165 1458 1168 1469 ·

139 1511 299 1590 insigniter
319 1510 477 1570 sceleratis
499 1512 589 1571 simul
611 1521 642 1571 et
656 1510 789 1570 indoctis
803 1507 992 1589 pastoribus,
1016 1507 1062 1567 vel

140 1594 219 1673 lupis
242 1595 345 1673 potius
378 1595 551 1673 rapacibus.
595 1593 675 1670 Quid
703 1595 823 1653 interim
852 1592 891 1651 ad
922 1600 1061 1651 sanctam

139 1674 253 1740 Sedem
282 1676 472 1756 Romanam,
506 1676 616 1756 quibus
642 1678 741 1737 modis
773 1676 908 1756 perirent
933 1672 1062 1735 Boemi?
1165 1684 1168 1691 '

141 1760 227 1840 Opus
249 1779 319 1819 sese
340 1759 552 1838 dignissimum
576 1762 658 1839 tecit,
682 1761 753 1820 dum
771 1759 910 1839 pecuniis
925 1757 1061 1838 acceptis
1165 1776 1169 1829 ;

139 1842 311 1904 libertatem
340 1861 378 1902 sc
410 1843 564 1903 licentiam
594 1844 706 1904 talibus
732 1844 869 1923 pestibus
897 1850 929 1900 et
956 1841 1062 1901 bestiis

139 1928 171 1989 in
195 1934 312 1988 vestras
334 1928 453 1986 enimes
465 1928 627 2006 grassandi
648 1927 796 2002 vendidit,
818 1926 961 2005 quamvis
982 1926 1061 1984 enim
1166 1956 1169 1971 =

139 2019 171 2071 et
198 2010 254 2070 has
290 2017 393 2089 pestes
421 2011 509 2070 vobis
545 2011 695 2089 invideat,
733 2019 835 2071 tamen
871 2009 946 2069 vicit
977 2026 1063 2068 amor
1166 2006 1170 2065 :

140 2095 271 2172 nummi,
303 2101 335 2152 ut
374 2094 546 2154 misericors
572 2093 659 2154 fieret
689 2102 721 2154 et
750 2092 913 2155 haereticis
937 2093 1061 2171 suisque
1167 2100 1170 2107 '

140 2178 270 2239 inimicis
293 2175 416 2237 ordines
438 2196 512 2237 suos
534 2177 690 2239 venderet.

223 2261 302 2319 Hinc
325 2268 429 2320 manat
450 2259 591 2343 cha0s2)
627 2260 701 2321 illud
735 2266 765 2319 et
788 2257 962 2337 Babylonia
992 2278 1061 2318 con·

139 2343 293 2404 fusissime
322 2344 351 2402 in
377 2343 545 2404 clarissimo
568 2364 664 2423 regno
694 2350 812 2421 vestro,
847 2345 918 2401 dum
950 2344 1060 2423 partim

140 2428 325 2488 necessitate
348 2427 480 2487 habendi
505 2430 643 2505 ministri,
666 2429 774 2508 partim
792 2428 975 2504 impotentia
999 2444 1061 2487 cor-

139 2509 257 2591 rigendi
282 2509 332 2587 fit,
356 2521 387 2569 ut
410 2514 538 2590 quisquc
561 2513 673 2571 doceat
695 2511 776 2590 quod
800 2510 948 2586 voluerit,
979 2508 1060 2569 aliud

140 2596 169 2655 in
202 2596 261 2654 alio
298 2595 366 2657 loco
400 2597 571 2674 praedicet,
601 2595 740 2656 nonnulli
776 2591 848 2652 ficto
890 2592 1061 2653 sacerdotis

140 2678 226 2738 tilulo
256 2678 387 2757 populos
422 2677 628 2759 ludificentur,
668 2680 719 2738 alii
750 2675 913 2758 parochias
948 2684 1061 2752 emant,

139 2762 191 2821 elii
215 2763 243 2820 vi
265 2761 475 2841 intrudantur,
506 2781 667 2823 successor
695 2760 848 2822 contraria
870 2761 1060 2820 antecessori

139 2851 262 2906 statuat.
305 2845 345 2904 Et
368 2845 438 2904 dum
466 2845 566 2904 nullus
599 2854 645 2906 est
674 2846 783 2908 modus
821 2849 851 2902 et
883 2842 962 2903 ratio
991 2844 1061 2903 iusti

140 2929 313 3008 ministerii,
346 2927 450 2989 videre
473 2939 519 2989 est
547 2930 681 2989 nobilem
705 2928 863 2988 Boemiam
895 2925 980 2986 velut
1002 2924 1061 2988 Ba·

140 3012 283 3092 bylonem
312 3011 412 3089 illam,
441 3031 530 3091 quam
559 3010 720 3088 Esaias*)
746 3011 904 3087 describit,
941 3011 971 3069 in
1004 3029 1064 3090 que

138 3096 229 3175 pilosi
252 3094 375 3172 saltent,
398 3103 428 3156 et
451 3096 553 3156 ululae
572 3105 603 3156 et
625 3099 734 3176 striges
754 3102 784 3154 et
801 3094 913 3153 lamiae
931 3112 1061 3174 respon-

138 3178 220 3243 dent.
265 3179 344 3253 Quid
375 3181 481 3239 mirum
504 3181 612 3260 igitur,
651 3182 675 3239 si
706 3179 761 3238 sub
789 3179 847 3237 iste
878 3178 1063 3239 confusione

139 3262 270 3341 populus
293 3263 440 3323 Boemise
475 3265 548 3323 nihil
578 3266 635 3323 nisi
658 3273 762 3323 sectae
785 3261 874 3339 liant,
910 3281 1062 3342 nusquam

138 3354 222 3406 certe
245 3347 321 3406 ratio
344 3348 384 3406 sit
406 3348 550 3408 credendi
574 3356 604 3407 et
627 3345 764 3424 vivendi,
795 3352 970 3406 attentum
994 3367 1064 3427 per·

137 3430 262 3491 ditionis
285 3430 336 3490 illc
362 3433 528 3493 ministeria
550 3452 618 3492 esse
643 3431 810 3492 videantur.

134 3619 551 3631 *ιιι-Ἥ...-

191 3710 221 3855 pl)
237 3710 422 3841 lpspdlgens
442 3712 568 3770 tolerare.
614 3712 647 3778 2)
670 3711 701 3766 ln
719 3709 764 3767 ed.
784 3709 870 3783 orig.=
891 3712 993 3771 cahos.
