2392 4170
384 261 523 319 ‘noa
543 262 623 321 uss.
640 229 720 319 euin.
827 260 833 307 1
993 259 1055 329 399

134 442 275 508 pugnare
297 431 409 507 potest,
434 444 502 486 cum
525 425 564 486 sit
586 423 708 487 Christi.
750 424 790 486 iit
817 424 884 488 orbi
905 431 972 487 toto
994 425 1055 486 iem
1152 442 1155 449 ·

135 515 278 589 constet,
300 528 350 570 me
373 508 412 569 de
431 507 510 587 fids,
535 507 574 568 de
601 509 747 586 caritate,
770 508 808 570 de
832 508 991 591 operibus,
1024 517 1055 571 et

134 591 173 654 de
195 591 242 671 iis,
265 611 345 673 quse
367 593 461 653 sacris
485 591 579 652 literis
602 593 724 673 spiritus
737 591 847 652 Christi
860 610 917 654 nos
940 591 1055 671 docuit,

134 694 257 757 semper
277 672 493 737 fuisseeodem
517 693 619 753 sensu,
642 692 764 755 semper
781 675 888 736 sedern
912 675 1054 737 docuisse

134 765 165 819 et
186 759 362 838 scripsisse,
393 758 464 820 licet
497 777 551 817 usu
585 767 616 818 et
638 757 739 819 studio
780 757 818 818 de
850 758 899 819 die
921 759 950 819 in
973 758 1054 821 diem

134 843 232 922 magis
259 860 297 903 ec
331 842 427 921 magis
455 841 657 921 profecerim,
692 848 723 901 et
745 840 868 902 easdem
902 861 950 902 res
974 861 1055 903 nunc

133 925 195 1004 sic,
223 943 304 985 nunc
330 925 375 985 sic
397 923 592 1001 tradiderim,
628 925 793 1005 aiiquendo
822 926 953 1005 clarius,
982 925 1053 986 alibi

134 1008 332 1088 locupletius,
354 1006 426 1069 eiibi
454 1009 609 1089 copiosius
630 1014 663 1068 et
683 1008 766 1068 varie
788 1009 957 1088 tractarim,
991 1026 1052 1088 quo

134 1090 229 1152 modo
251 1099 281 1150 et
303 1092 389 1171 ipsae
412 1109 519 1151 sacrae
542 1090 650 1151 literae
671 1088 797 1151 easdem
820 1110 869 1152 res
891 1096 1032 1156 tractent.

216 1172 306 1248 Quod
330 1175 353 1232 si
378 1173 460 1234 volet
482 1192 531 1234 me
552 1175 582 1235 in
605 1173 652 1234 bis
675 1173 764 1234 rebus
800 1174 871 1236 mibi
894 1193 956 1236 non
980 1193 1054 1235 con·

133 1263 233 1334 stare,
261 1275 342 1337 ques
362 1263 450 1318 extra
473 1255 644 1337 Scripturas
668 1259 815 1339 tractavi,
846 1276 958 1338 nempe
980 1256 1053 1341 del)

134 1338 262 1419 Pepetu,
284 1340 495 1420 indulgentiis,
518 1340 619 1401 Missis
641 1348 672 1401 et
693 1341 758 1401 eius
775 1343 895 1422 generis
918 1340 1053 1419 uiuentis,

134 1423 243 1503 quibus
265 1443 284 1484 a
306 1424 457 1504 principio
479 1423 618 1484 modeste
637 1422 777 1499 dissensi,
800 1433 910 1504 postes
931 1428 1053 1504 penitus

134 1506 279 1567 damnavi
304 1511 355 1582 (ut
377 1505 455 1586 Regi
477 1512 563 1567 tento
586 1505 778 1568 mendacium
800 1507 861 1568 boc
881 1509 1054 1586 ignoscam,

134 1589 216 1670 quod
239 1587 385 1650 adversus
417 1589 574 1650 bominem
597 1586 764 1651 Lutherum
794 1593 936 1651 mentitur
956 1594 986 1651 in
1009 1611 1053 1652 re·

133 1671 191 1733 bus
213 1672 379 1754 humanis),
401 1673 469 1752 quis
491 1691 553 1732 non
578 1671 662 1732 videt
691 1673 850 1734 stultitiam
880 1682 910 1735 et
930 1675 1053 1735 irebctu·

133 1754 236 1816 dinem
258 1757 322 1817 eius
343 1755 584 1816 Thomisticam‘i
606 1757 657 1835 qui
684 1757 716 1816 in
738 1757 1053 1819 universeThomisti-

134 1845 197 1899 tete
218 1856 274 1898 sue
296 1837 424 1900 necdum
448 1857 487 1900 eo
510 1839 683 1919 promovit,
706 1848 737 1899 nt
758 1842 868 1921 sciret,
892 1859 970 1920 quae
992 1836 1054 1902 sint

133 1922 301 2002 pugnantia
323 1929 354 1983 et
375 1941 436 1984 non
459 1924 627 2002 pugnantia
643 1922 798 2004 dogmata.
833 1924 966 2002 Accede,
987 1925 1052 2004 gio·

132 2006 215 2066 riose
241 2002 417 2084 Tbomiste,
446 2003 485 2066 ed
508 2005 636 2067 ferulam
651 2053 661 2086 ,
689 2004 809 2067 docebo
833 2015 886 2086 te,
919 2008 990 2088 quid
1014 2009 1053 2068 sit
1140 2059 1143 2065 .

133 2107 271 2168 pugnero
293 2088 450 2170 dogmata.
570 2093 573 2098 ’

216 2169 248 2232 Si
269 2171 330 2234 hoc
356 2181 404 2233 est
424 2172 481 2233 sibi
510 2192 571 2234 non
594 2178 737 2234 constare
779 2174 808 2232 in
846 2172 1052 2254 dogmatibus,

134 2260 168 2314 ut
187 2251 254 2314 Rex
281 2251 487 2316 Thomisticus
515 2255 643 2337 delinit,
672 2258 697 2316 si
727 2259 794 2336 quis
826 2257 914 2318 aliter
941 2259 1053 2319 sentiet

134 2336 260 2415 cognita
291 2338 419 2399 veritate
452 2346 483 2399 et
512 2358 614 2402 errore
641 2346 808 2414 revocato,
836 2357 926 2419 quam
960 2349 1052 2403 antea
1134 2344 1137 2349 ’

133 2427 293 2498 senserat,
326 2419 473 2497 obsecro,
504 2422 642 2501 quisset
673 2424 966 2504 sapientissimorum
1002 2425 1052 2485 vsi

132 2503 394 2564 sanctissimorum
433 2506 566 2572 virorum
612 2505 669 2566 sibi
712 2524 844 2586 unquam
889 2508 1052 2567 constitit?

133 2585 353 2649 Demnebimus
381 2584 464 2648 Peuli
498 2588 646 2669 epistolas
678 2591 855 2670 universas,
887 2590 968 2670 quod
1001 2591 1052 2652 ille

136 2669 257 2749 penitus
281 2675 418 2730 stercora
439 2689 520 2731 nunc
542 2680 653 2750 vocat,
675 2690 753 2751 quae
775 2682 867 2735 antee
887 2673 944 2734 sibi
970 2674 1051 2734 lucra

134 2752 308 2834 fuerent²)?
351 2752 538 2816 Damnemus
555 2757 588 2815 et
607 2753 821 2836 Augustinum,
843 2760 894 2836 qui
905 2757 1052 2837 singulari

134 2837 212 2898 iibro
245 2836 341 2898 muita
372 2837 550 2899 retractavit
592 2844 623 2898 et
649 2838 742 2919 longe
772 2842 926 2902 contrarie
948 2841 1052 2922 primis

133 2919 247 2986 docuit.
291 2920 370 2996 Quin
392 2921 478 2982 iuxta
498 2919 587 2981 huius
608 2919 703 3001 Bagis
729 2924 910 3004 sapientiam
932 2925 1053 2985 inaesti-
1150 2935 1153 2939 ’

134 3001 276 3065 mabiienr
288 3013 470 3085 peccatores
487 3003 635 3065 desinant
645 3005 804 3084 poenitere
826 3009 1051 3069 etsententienr
1092 3027 1095 3031 ’

132 3087 162 3146 in
187 3087 294 3148 melius
315 3091 443 3167 mutare,
465 3106 504 3149 ne
525 3087 593 3148 Rex
610 3087 741 3168 Augiiee
762 3089 856 3149 iratus
868 3090 944 3153 libro
968 3091 1051 3152 edito

133 3171 257 3231 damnet
278 3189 332 3233 eos
353 3172 578 3234 inconstantiae
598 3179 630 3232 et
651 3171 849 3232 dissensionis
870 3176 1023 3256 propriae.

215 3253 255 3315 iit
284 3272 338 3315 cur
363 3260 424 3317 'non
455 3274 525 3316 sese
557 3272 681 3335 quoque
712 3252 779 3314 Rex
814 3255 870 3316 sua
902 3260 1053 3338 sapientia

133 3337 264 3418 metitur,
287 3344 317 3398 st
338 3358 421 3399 nunc
443 3339 546 3400 vinum
569 3337 663 3420 bibit,
687 3337 738 3417 qui
761 3337 834 3398 oiim
857 3338 906 3398 lec
928 3345 1052 3404 nutricis

132 3419 285 3502 sugebat?
328 3420 389 3501 Our
411 3441 493 3484 nunc
513 3428 648 3484 armatur
668 3421 760 3498 ferro,
783 3423 834 3502 qui
857 3421 929 3482 olim
953 3428 1052 3503 pueri·

136 3573 363 3582 ——-—.—---..

203 3633 237 3703 1)
257 3636 288 3689 in
307 3632 350 3690 ed,
370 3633 438 3706 orig.
458 3635 550 3692 deest:
570 3638 612 3694 de.
650 3640 683 3707 2)
707 3641 737 3695 in
757 3637 800 3695 ed.
819 3638 890 3696 len:
911 3636 986 3712 quod
1006 3636 1052 3696 iiia

131 3710 197 3775 post
214 3707 421 3763 conversionem
444 3707 554 3777 penitus
577 3716 701 3766 surcore
719 3718 810 3779 vocat,
830 3726 903 3786 quae
921 3718 1005 3768 autea
1023 3711 1051 3768 in

131 3774 271 3833 Iudaismo
290 3777 343 3834 sibl
364 3778 441 3835 lucra
459 3777 576 3836 irrorent.
695 3822 698 3827 .
729 3799 733 3821 ³
872 3804 875 3809 ·
920 3818 923 3823 -
