2340 4162
153 186 197 257 64
395 184 535 259 Apologia
551 184 674 257 Philippi
690 180 858 241 Ualauehh.

155 352 216 413 tius
249 369 343 431 quam
371 352 401 409 in
432 349 553 411 Christo
581 347 826 409 Christianorum
861 347 978 411 suituii
1018 345 1087 409 lies

155 434 247 499 aliter
261 436 413 495 exorienti
429 430 590 512 Evangelii
613 432 671 493 luci
694 431 817 507 (audite
830 430 1005 514 Sophistae,
1020 450 1085 493 nou

154 518 359 595 intellecturi)
393 516 600 577 adversamini
637 528 730 595 atque
771 514 852 575 hlosi
887 516 1009 577 hones
1047 535 1086 577 an

154 600 319 663 lambres.
359 600 496 675 Quorum
522 602 687 675 posteritas
709 611 756 659 est
777 599 938 660 Serbonac
958 599 1084 678 lumilia,

156 704 270 766 nempe
291 704 332 744 ex
354 687 406 743 illa
427 683 626 745 n'orhontude
649 685 844 762 Aegyptiace
863 698 1025 763 proguttts.

239 767 334 828 Porro
364 786 425 847 qus
451 766 512 825 lide
554 768 718 846 aliquoties
750 769 916 826 citaveritis
936 768 1085 827 adversus

154 850 318 913 humerum
342 852 506 929 Augustini
528 852 707 925 sententias,
730 847 823 929 paulo
846 859 918 929 post
938 850 1083 912 monebo.

155 934 221 998 latu
253 944 286 995 et
316 948 440 1014 praeter
466 936 568 992 locum
589 932 629 993 de
651 934 747 994 libero
770 934 895 993 arbitrio
918 945 949 994 et
974 938 1085 1013 gratis,

157 1016 300 1100 resumi)
328 1027 406 1097 est,
436 1015 519 1096 quod
556 1035 618 1076 non
656 1018 719 1075 vult
749 1017 894 1095 distingui
933 1016 1085 1079 lutherus

154 1100 269 1183 Legem
291 1106 322 1161 in
344 1102 475 1161 consilis
496 1109 527 1159 et
547 1112 724 1179 praecepta.
760 1098 851 1174 Quod
873 1110 1084 1161 commentum

154 1190 215 1247 soli
257 1183 462 1244 scholasticae
498 1183 674 1263 theologiae
710 1183 877 1261 debemus,
913 1201 995 1263 quse
1032 1186 1083 1245 uhi

156 1272 260 1349 coepit
281 1268 415 1327 divinam
449 1268 547 1345 legem
580 1272 617 1324 ud
647 1266 875 1346 philosophiam
907 1268 1084 1327 Aristotelis

155 1355 292 1432 exigere,
314 1369 371 1431 pro
395 1350 519 1410 libidine
541 1350 663 1423 refixit,
685 1366 762 1427 quas
786 1352 883 1409 voluit
905 1352 991 1431 leges
1013 1349 1083 1414 liet.

239 1434 314 1511 Quis
337 1436 418 1494 enim
440 1443 576 1493 veterum
594 1452 658 1492 non
680 1451 736 1511 pro
755 1436 937 1493 necessariis
960 1433 1084 1513 legibus

154 1518 263 1582 hebuit
301 1536 348 1598 ea,
375 1535 455 1596 quae
484 1520 602 1576 sancita
629 1529 700 1575 suut
728 1518 766 1575 de
794 1535 856 1575 non
884 1517 1083 1578 vindicando.

154 1602 305 1681 Hilarius,
327 1604 470 1681 exigunt,
491 1601 603 1680 inquit,
625 1598 799 1680 Evangelia
821 1600 1017 1661 ulciscendae
1039 1603 1083 1660 in·

154 1688 251 1748 iuriae
291 1683 578 1745 dissimulationem.
637 1685 826 1762 Augustinus
868 1683 899 1743 io
939 1701 1083 1745 sermone

153 1766 280 1831 Domini
301 1768 332 1828 in
354 1776 459 1828 moute
475 1773 756 1847 praeceptsvccat,
777 1768 918 1845 quaeisti
940 1768 1081 1846 consilia,

155 1860 250 1933 atque
276 1856 320 1912 its
340 1851 492 1931 disputat,
522 1859 554 1909 ut
575 1850 781 1910 necessariam
809 1868 879 1909 esse
909 1851 1010 1932 legem
1040 1849 1081 1911 de

155 1954 217 1997 uon
249 1934 433 1996 vindicando
456 1934 614 2014 adpareat.
657 1932 696 1992 Et
724 1934 755 1993 in
778 1933 837 1993 hac
857 1937 1012 1995 sententia
1033 1947 1081 1995 est

156 2018 413 2101 Chrysostomus,
437 2019 488 2097 qui
517 2026 633 2078 tantum
657 2016 760 2097 abest,
788 2026 821 2076 ut
842 2015 990 2080 vindicari
1013 2038 1080 2099 per·

156 2107 266 2184 mittut,
290 2110 323 2162 ut
343 2119 404 2161 non
427 2103 520 2161 alism
543 2101 643 2181 legem
667 2102 774 2181 exigat
787 2103 983 2180 pertinacius.
1018 2101 1079 2163 liix-

156 2196 218 2249 stat
238 2188 317 2246 illius
339 2181 468 2266 ὁμιλία,
491 2205 600 2264 quam,
638 2185 663 2243 si
692 2184 764 2244 licet
793 2184 880 2245 voltis
909 2204 1080 2271 perparva

157 2271 310 2350 logicalis,
333 2269 470 2348 Magistri
492 2269 604 2346 nostri,
626 2269 762 2348 relegite.
805 2266 895 2343 Quod
918 2289 986 2330 cum
1011 2273 1079 2330 Ari·

156 2355 275 2415 stotelis
286 2351 482 2434 philosophis
495 2371 556 2412 oon
571 2353 717 2413 convenit
739 2353 798 2430 lex,
815 2371 876 2413 non
889 2353 1080 2431 laboramus,

157 2438 228 2517 quid
252 2440 331 2497 enim
356 2437 394 2496 ad
411 2454 478 2512 uos,
501 2434 572 2514 quid
595 2437 793 2515 illeimpuros
815 2435 909 2497 homo
924 2455 1079 2500 commeo·

157 2530 205 2582 tus
227 2520 290 2582 sit?
331 2517 413 2582 Num
436 2518 556 2580 Christo
579 2519 673 2598 pluris
694 2521 891 2582 Aristotelem
913 2521 1080 2581 faciemus?

238 2604 302 2667 sod
324 2603 363 2664 de
386 2605 443 2663 hac
471 2603 540 2682 lege
561 2602 640 2662 infra
662 2605 754 2682 paulo
777 2605 864 2684 plura
885 2605 1080 2668 disseremus.

155 2688 189 2750 lu
213 2690 367 2769 plerisque
389 2688 465 2747 locis
487 2689 554 2746 aliis
573 2686 653 2745 idem
684 2689 804 2747 ostendi
825 2696 946 2768 potest,
967 2707 1078 2749 conve·

156 2774 221 2833 nire
243 2772 375 2833 Luthero
399 2789 467 2830 cum
491 2770 654 2832 veteribus.
689 2770 751 2832 Sed
774 2791 842 2831 cum
866 2791 905 2832 ex
927 2775 1080 2833 sententia

157 2856 195 2916 de
218 2856 314 2916 libero
336 2854 460 2915 arbitrio
484 2862 515 2915 et
535 2855 635 2934 gratis
648 2853 710 2914 lere
732 2855 835 2935 colligi
849 2857 978 2936 possint,
1000 2874 1081 2936 quae

156 2939 195 2999 dc
223 2939 407 2999 contritione
446 2950 476 2997 et
517 2937 729 2999 satisfactione
760 2940 884 3020 scripsit
916 2940 1078 3019 lutherus,

157 3024 230 3103 quid
252 3024 362 3084 attinet
395 3022 495 3083 multis
524 3022 645 3081 Petrum
674 3024 856 3084 testimoniis
878 3045 993 3105 agere,
1023 3026 1080 3084 nisi

156 3108 239 3186 quod
262 3102 299 3170 ἐν
319 3112 357 3195 τῇ
379 3110 567 3192 μεσημβρίᾳ
587 3104 728 3185 λύχνονῖ

239 3190 316 3251 Sunt
345 3202 446 3251 autem
475 3193 625 3270 quaedam
657 3193 686 3249 iu
719 3190 918 3274 Lutherauis,
947 3211 1027 3274 quae
1049 3191 1081 3252 iu

156 3273 279 3335 Petrum
294 3276 415 3353 scriptis
431 3295 493 3336 non
516 3277 604 3335 suciis
627 3280 760 3353 reperias
778 3278 879 3354 qualis
902 3289 983 3356 sunt,
1001 3293 1081 3356 quas

157 3358 195 3418 de
229 3372 492 3419 sacramentorum
514 3377 652 3434 numero,
675 3358 713 3418 de
735 3360 941 3440 consessione,
968 3361 1008 3421 de
1029 3377 1081 3419 vo·

156 3443 194 3502 tis
234 3442 334 3522 deque
377 3442 525 3503 similibus
558 3456 729 3522 temporum
765 3453 939 3507 nostrorum
977 3443 1077 3505 causis

156 3525 301 3605 prodidit.
338 3525 406 3588 Non
430 3529 510 3590 enim
526 3532 646 3595 illorum
670 3538 840 3609 tempotum
854 3533 930 3592 tutio
952 3526 1070 3590 ferebss

154 3676 530 3695 „n———n—--mnum
567 3676 572 3682 ι

227 3728 259 3799 1)
282 3728 310 3780 ln
329 3726 373 3781 ed.
395 3726 481 3796 orig:
502 3734 631 3780 veterum.
