2392 4170
125 244 147 318 6
429 248 505 304 Acta
523 248 556 302 D.
576 248 609 303 ll.
630 244 743 304 Lutberi

128 424 251 505 seipse
273 432 443 503 exponeret
466 420 620 501 periculo,
642 439 711 479 oum
734 419 851 481 rideret
871 419 952 481 haec
972 418 1052 499 pria·

129 507 211 589 cipia
231 514 338 568 contra
361 505 464 567 datam
483 503 574 564 fidem
591 503 665 575 lieri,
688 502 799 563 auditis
823 503 965 565 omnibus
987 504 1067 583 ipse,

129 610 244 672 magno
265 592 369 651 animo
395 587 576 668 respondit:
609 587 680 646 llibi
711 606 803 662 vero,
834 588 886 667 qui
924 598 1071 647 vocatus.

129 694 213 748 sum,
242 673 399 734 decretum
429 684 460 733 et
495 682 610 731 certum
644 679 690 730 est
727 669 846 749 ingredi
880 670 988 730 urbem
1021 670 1051 729 in

130 759 254 819 nomine
276 757 398 817 Domini
420 753 489 816 lesu
507 754 628 830 Christi,
651 755 769 813 etiamsi
793 755 901 813 scirem
923 763 968 813 tot
991 753 1051 812 dia·

129 842 219 903 bolos
242 841 314 901 mihi
335 840 515 921 oppositos,
537 844 613 917 quot
639 844 710 897 sunt
739 837 861 917 tegulae
896 839 926 897 iu
957 837 1052 897 omni·
1111 872 1118 887 ι

128 923 186 987 bus
211 925 305 985 totius
326 924 408 984 orbis
430 922 519 983 tectis
540 928 599 981 eto.

213 1007 320 1069 Altero
347 1006 398 1067 die
418 1013 490 1086 post
515 1004 680 1064 adventum
711 1004 791 1083 eius,
824 1004 898 1064 teria
932 1011 1052 1082 quarta,

130 1093 176 1152 vir
196 1090 318 1170 nobilis,
335 1086 485 1168 Magister
506 1089 641 1167 equiturn
665 1088 804 1167 lmperii‚
837 1085 980 1148 Utrichus
1015 1086 1052 1145 de

130 1174 356 1255 Pappenbeim,
376 1191 397 1232 a
418 1172 551 1233 Caesare
573 1173 701 1249 missus,
723 1180 794 1230 ante
828 1169 948 1250 prandii
981 1178 1053 1230 tem-

131 1278 190 1338 pna
211 1258 305 1334 venit,
326 1254 466 1316 indicans
490 1255 618 1314 Doctori
641 1254 771 1314 llartino
794 1253 896 1314 Caroli
926 1253 1052 1313 mauda-

132 1351 206 1419 tum,
229 1348 263 1401 nt
282 1339 360 1401 hora
381 1337 593 1418 pomeridiana
614 1347 721 1416 quarta
754 1337 836 1416 apud
868 1337 1052 1398 Caesaream

131 1424 334 1501 Maiestatem,
357 1422 513 1500 Principes
534 1422 704 1491 Electores,
727 1421 840 1497 Duces,
869 1432 897 1480 et
922 1422 1054 1500 reliquos

132 1507 253 1588 Imperii
271 1505 402 1567 Ordines
424 1524 493 1565 sese
516 1505 612 1582 sistat,
635 1504 793 1564 auditurus
814 1504 853 1564 ad
866 1504 939 1583 quid
955 1522 1055 1563 accer-

132 1593 206 1651 situs
228 1591 280 1669 sit,
302 1588 385 1668 quod
409 1588 526 1648 Doctor
549 1588 706 1661 Martinus,
729 1598 761 1647 ut
782 1587 896 1655 debuit,
924 1586 1052 1667 accepit.

213 1674 262 1733 Ac
282 1673 385 1732 statim
408 1680 479 1749 post
509 1671 616 1730 boram
648 1679 787 1750 quartam
821 1671 956 1731 auditam
989 1672 1053 1730 eius

133 1756 194 1816 diei
216 1758 300 1816 venit
321 1756 357 1816 [t.
379 1753 520 1816 Ulrichus
544 1753 582 1813 de
605 1754 821 1834 Pappenbeim,
846 1768 874 1813 et
900 1755 1053 1833 Casparus
1118 1788 1121 1793 -

132 1837 245 1913 Sturm,
268 1837 391 1898 Fetialis
413 1857 468 1916 per
490 1837 673 1897 Germanias
695 1837 876 1916 Caesareus,
901 1846 982 1913 (quo
1005 1854 1054 1896 ca·

131 1921 297 1982 duceatore
325 1941 341 1980 e
373 1919 596 1998 Wittemberga
619 1932 684 1981 erat
706 1923 826 1981 excitus
853 1940 893 1980 ac
912 1918 1052 1981 Worma-

131 2008 204 2066 tiam
235 2023 334 2084 usqne
356 2002 504 2063 deductus
528 2004 563 2065 D.
588 2002 766 2086 Martinus),
788 2007 839 2084 qui
864 2006 1053 2084 ipsnm'ero·

130 2096 231 2149 catum
246 2084 469 2148 comitabantur
481 2104 537 2164 per
551 2085 670 2145 bortum
686 2090 788 2146 curiae
801 2089 1052 2157 Teutonicornm,

129 2173 159 2230 in
185 2171 384 2231 diversorium
407 2167 536 2227 Palatini
560 2169 698 2229 Comitis.
728 2171 768 2230 Et
790 2191 828 2231 ne
846 2169 917 2249 quid
933 2190 951 2229 a
965 2169 1052 2230 turbs

129 2260 294 2333 pateretur,
316 2270 396 2331 quae
417 2252 448 2309 in
480 2252 540 2309 isto
573 2251 612 2311 ad
636 2254 818 2313 Caesaream
853 2256 977 2313 domum
1008 2255 1051 2311 iti-

130 2355 203 2396 nere
225 2354 338 2414 magna
359 2334 424 2413 luit,
456 2353 511 2412 per
533 2335 647 2414 gradus
682 2339 832 2414 quosdam
867 2336 990 2398 abditos
1022 2338 1051 2395 in

129 2418 312 2480 auditorium
336 2416 484 2477 deductus
507 2428 565 2477 est.
600 2418 668 2477 Nou
692 2429 793 2480 tamen
820 2420 904 2479 latuit
928 2420 1052 2497 multos,

130 2504 180 2582 qui
213 2502 252 2562 ab
291 2503 432 2580 ingressu
477 2501 530 2560 vix
564 2502 593 2559 vi
629 2502 883 2582 prohibebantur,
914 2504 1052 2582 plerique

129 2585 273 2666 pergulas
286 2583 323 2666 *J
348 2584 595 2645 conscenderunt
617 2583 720 2645 studio
738 2586 862 2645 videndi
876 2586 1050 2646 Lutherum.

213 2667 289 2729 Cum
312 2668 403 2746 igitur
425 2674 519 2726 staret
540 2667 572 2728 in
588 2678 757 2746 conspectu
774 2669 946 2729 Caesareae
960 2669 1050 2728 blais·

130 2752 229 2830 statis,
250 2751 424 2830 Principum
449 2750 623 2810 Electorum
647 2764 677 2810 et
693 2751 820 2819 Ducum.
842 2752 972 2812 breviter
987 2771 1051 2812 om-

129 2836 212 2894 nium
233 2834 355 2913 Imperii
377 2833 545 2911 Ordinum,
575 2836 627 2912 qui
662 2842 724 2893 tum
758 2837 882 2896 Caesari
917 2835 1052 2907 adfuere,

130 2917 166 2977 D.
189 2914 339 2978 Martinus
361 2918 490 2995 primum
514 2916 690 2976 admonitus
713 2928 760 2977 est
792 2920 830 2978 ab
854 2918 978 2978 Ulr·iobo
1015 2917 1051 2975 de

129 2998 349 3080 Pappenheim‚
371 3019 409 3058 ne
432 2999 504 3077 qnid
526 2999 702 3076 loqueretur
724 3003 779 3061 nisi
804 3005 968 3080 quaesitus.

212 3082 257 3143 lbi
276 3081 448 3141 Caesareae
479 3082 647 3142 Maiestatis
678 3081 800 3164 Orator,
835 3085 986 3143 lohannes
1013 3082 1051 3142 ab

129 3164 214 3241 usk,
237 3164 385 3225 Ollicinlis
409 3165 564 3244 generalis
587 3167 725 3246 episcopi
748 3168 953 3227 Trevireusis.
992 3168 1050 3223 utta

129 3254 159 3306 et
179 3247 360 3324 intelligibili
380 3266 457 3308 voce
473 3248 602 3326 primum
620 3249 723 3326 latine,
742 3250 852 3311 deinde
866 3252 1051 3329 gerrnnuioe,

128 3333 212 3389 iussn
235 3329 265 3390 S.
282 3329 454 3390 Caesareae
467 3331 645 3407 Maiestatis,
666 3332 744 3392 dixit
760 3344 790 3393 et
805 3336 965 3412 proposuit
982 3351 1050 3391 ean·

84 3426 87 3431 ·
130 3413 197 3472 dem
221 3413 420 3490 Sententiam,
443 3416 472 3472 in
496 3415 588 3489 bunc,
610 3424 662 3474 aut
686 3418 713 3475 ei
736 3417 766 3475 in
786 3417 894 3476 effectu
911 3417 1051 3486 similem,

129 3498 179 3575 qui
203 3497 349 3572 sequitur,
372 3496 513 3556 modom:
538 3496 666 3556 blattina
687 3498 827 3573 Lutbere,
850 3517 936 3557 sacra
960 3510 988 3557 et
1007 3500 1048 3556 in-

130 3581 211 3638 victa
234 3578 387 3639 Caesarea
409 3579 565 3655 Maiestas,
588 3580 625 3639 de
649 3581 778 3642 oonsilio
808 3580 942 3642 omnium
972 3582 1049 3641 sarri

202 3762 234 3845 a)
253 3762 285 3821 In
302 3760 345 3819 ed.
367 3759 450 3839 origo
470 3761 588 3817 casulas..
