2392 4170
195 239 258 306 33ss
424 239 581 312 Responsio
600 241 633 296 D.
647 237 682 295 ii.
704 241 732 296 L.
752 242 787 296 sd
804 237 905 297 tibrum

198 394 323 471 iocum,
353 395 478 472 itania,
506 395 560 454 sed
585 405 700 456 tantum
726 397 859 475 (inquit)
883 395 1040 469 homines,
1066 393 1120 472 qui

199 495 261 537 non
284 476 399 537 habent
419 480 538 557 signum
550 479 607 538 Dei
629 481 659 538 in
671 479 821 540 frontibus
837 480 911 556 suis,
932 477 963 536 id
984 485 1041 555 est,
1062 475 1119 537 ati-

197 561 280 639 quod
303 560 437 633 foenum,
459 581 532 638 eos,
554 564 605 640 qui
627 581 688 623 non
710 560 825 622 habent
846 560 947 640 fidem,
970 567 1121 639 quaeest

197 643 388 722 signaculum
412 643 486 724 Dei,
509 663 600 723 quam
622 646 653 704 in
677 645 867 705 conscientia
888 662 965 722 pura
992 651 1024 704 et
1046 659 1119 702 con·

197 727 371 786 versatione
393 727 487 786 libera
508 735 674 807 gestamus.

280 808 320 868 Et
342 809 454 869 dictum
477 811 615 888 catillis,
640 830 677 869 ne
700 809 876 869 occiderent
899 827 963 884 eos,
985 806 1039 867 sed
1052 825 1119 867 cru·

199 894 315 952 ciarent
337 894 491 952 mensibus
515 894 658 972 quinque.
703 891 770 952 Hoc
793 891 865 951 mihi
894 892 1007 950 dictum
1036 887 1120 951 vids·

115 972 125 985 ’
198 976 306 1036 tarde
328 971 469 1035 doctrina
491 976 609 1055 morali,
632 993 712 1055 quae
734 995 803 1034 cum
827 992 887 1034 non
912 973 1023 1033 doceat
1045 991 1120 1052 cog·

200 1060 348 1118 uitionem
373 1061 491 1138 peccati
516 1079 629 1137 veram,
652 1061 731 1118 sicut
752 1058 804 1117 lex
826 1057 883 1116 Dei
910 1074 972 1115 non
995 1055 1121 1133 occidit,

203 1141 257 1201 sed
281 1141 379 1201 solum
403 1143 490 1201 vanis
514 1143 620 1202 studiis
643 1159 698 1201 eos
720 1138 837 1219 affligit,
859 1158 985 1218 semper
1001 1137 1120 1199 discen·

201 1233 247 1283 tes
272 1231 304 1283 et
324 1242 478 1301 nunquam
504 1225 542 1284 ad
565 1225 724 1284 scientiam
745 1223 880 1282 ueritatis
896 1223 1121 1301 pervenientes.

200 1307 304 1368 Occisi
333 1309 412 1366 enim
445 1308 530 1367 litera
553 1307 744 1367 vivificantur
765 1308 870 1384 spiritu
898 1314 1034 1381 aeterno,
1055 1323 1119 1367 non

201 1391 375 1450 cruciantur
396 1390 551 1449 mensibus
573 1393 724 1469 quinque,
751 1388 781 1447 id
803 1396 860 1464 est,
882 1396 946 1448 toto
969 1387 1121 1449 sensualis

202 1476 284 1534 vitae
307 1484 454 1552 ternpore,
475 1474 505 1532 in
529 1491 590 1552 quo
613 1471 746 1533 morales
770 1472 894 1531 virtutes
918 1479 1057 1548 regnant.
1079 1469 1121 1531 Et

202 1557 339 1616 videmus
362 1558 493 1615 morales
515 1555 678 1635 theologos
707 1573 815 1614 omnes
837 1572 906 1613 esse
932 1557 1122 1633 pessimam

202 1639 411 1698 infelicissima
433 1640 632 1716 conscientia,
654 1638 762 1718 plenos
786 1636 935 1716 scrupulis
956 1643 987 1696 et
1003 1637 1120 1716 inquie-

200 1721 314 1798 tudine,
338 1740 395 1781 nec
417 1720 489 1781 boni
512 1740 569 1782 nec
592 1722 662 1781 maii
685 1739 754 1780 esse
776 1727 927 1799 potentes.
970 1719 1044 1780 Ideo
1072 1738 1120 1781 sc·

199 1806 312 1883 quitur:
338 1805 377 1864 Et
399 1807 551 1870 cruciatus
574 1824 678 1865 eorum
702 1813 734 1862 ut
748 1804 900 1862 cruciatus
915 1803 1039 1883 scorpii,
1048 1820 1119 1864 cnm

199 1889 328 1967 percutit
349 1887 515 1948 hominem.
558 1888 640 1948 Ecce
663 1887 852 1946 conscientia
874 1887 970 1964 laesa,
991 1887 1122 1965 exponit

200 1971 279 2029 enim
304 1971 386 2048 quod
410 1969 538 2047 dixerat,
561 1989 621 2031 nou
645 1967 744 2029 occidi
773 1986 827 2028 eos
855 1967 1031 2047 salubriter,
1060 1986 1121 2029 nec

200 2052 345 2112 vivificari
367 2053 584 2132 spiritualiter„
615 2053 654 2112 Εἰ
682 2055 711 2112 in
743 2051 849 2111 diebus
880 2051 939 2110 illis
969 2060 1120 2130 quaerent

197 2135 337 2195 homines
360 2143 488 2195 mortem
512 2143 543 2193 et
565 2156 625 2195 non
648 2137 803 2194 invenient
827 2153 893 2192 eam
917 2142 948 2194 et
974 2134 1119 2195 disidera-

198 2218 274 2277 bunt
299 2218 386 2297 mori,
408 2225 439 2277 et
463 2237 543 2278 mors
566 2219 661 2298 fugiet
682 2218 720 2277 ab
744 2219 796 2280 eis.
842 2217 970 2277 Mortem
1000 2217 1120 2277 scilicet

196 2303 333 2381 peccati,
364 2301 447 2379 quod
478 2302 566 2360 nimis
598 2303 672 2360 vivit
693 2304 721 2359 in
746 2301 936 2360 conscientia
963 2309 1118 2361 ettamen

198 2403 259 2444 non
284 2392 367 2443 recte
389 2387 596 2463 cognoscitur,
618 2386 642 2443 si
668 2385 748 2443 enim
772 2393 1021 2463 cognosceretur,
1045 2403 1118 2444 mox

198 2468 333 2527 occisum
356 2469 481 2546 periret,
504 2467 564 2528 hoc
586 2469 664 2527 onim
689 2486 749 2527 non
772 2465 949 2526 Ethicorum
972 2469 1119 2526 Aristote-

199 2549 245 2627 lis,
268 2549 321 2609 sed
344 2549 450 2610 literae
473 2556 503 2609 et
524 2552 646 2629 spiritns
670 2549 801 2610 osticium
826 2554 882 2608 est.

283 2633 320 2692 Et
342 2632 553 2693 similitudines
577 2634 763 2694 locustarum
787 2632 900 2692 similes
923 2634 1008 2710 equis
1032 2652 1118 2712 para·

198 2718 235 2794 tis
257 2718 288 2775 in
312 2717 435 2793 bellurn,
459 2717 576 2777 scilicet
598 2718 811 2795 disputationis
835 2721 865 2775 et
882 2714 1119 2776 conflictationis

197 2800 401 2859 scholasticae
436 2799 545 2859 beilum
579 2800 637 2859 hac
670 2799 818 2878 allegoria
841 2799 948 2877 pingit,
985 2799 1118 2878 prompti

199 2883 278 2942 enim
302 2892 372 2941 sunt
399 2901 527 2962 arguere
555 2901 611 2961 pro
634 2888 664 2942 et
691 2894 798 2941 contra
823 2887 873 2953 (nt
895 2881 1035 2955 dicitur).
1078 2880 1119 2941 Et

200 2983 291 3045 super
313 2967 414 3044 capita
446 2984 548 3024 earum
580 2983 715 3025 coronae
750 2964 863 3024 similes
887 2983 977 3038 auro,
1006 2963 1035 3022 id
1060 2971 1117 3041 est,

200 3048 323 3108 nontina
345 3057 376 3108 et
397 3048 474 3108 tituli
497 3046 660 3126 graduum:
684 3048 830 3128 Magister
852 3055 955 3107 noster
976 3047 1120 3121 eximius,

197 3149 304 3189 sacrae
327 3131 503 3209 theologiae
525 3131 646 3190 humilis
669 3142 699 3190 et
719 3131 860 3210 indignus
878 3130 1037 3190 Professor
1059 3136 1118 3193 etc.

198 3211 238 3272 Et
260 3213 352 3272 facies
371 3233 475 3272 eorum
499 3219 645 3291 tanquam
669 3214 761 3273 iacies
778 3214 945 3294 hominum,
959 3215 1031 3291 quia
1047 3213 1118 3274 doc

198 3298 277 3355 trina
295 3305 324 3354 et
346 3297 407 3355 vita
429 3314 534 3356 eorum
558 3314 618 3355 non
643 3298 749 3377 spiritu
772 3296 853 3373 fidei,
877 3295 930 3355 sed
953 3296 1119 3356 dictamine

198 3377 343 3437 naturalis
366 3380 491 3439 rationis
513 3380 636 3456 regitur,
659 3381 770 3439 lumine
798 3388 925 3438 naturae
953 3379 1120 3440 Aristotele

197 3460 395 3521 illuminatae.
437 3461 477 3520 Et
488 3462 642 3522 habebant
658 3463 798 3542 capillos,
813 3464 893 3521 sicut
910 3462 1039 3542 capillos
1056 3481 1119 3523 mu·

198 3543 321 3620 lienum3
343 3542 531 3605 sacrificulos
555 3543 747 3605 effeminatos
770 3545 895 3605 etluxui
914 3544 1033 3606 deditos
1052 3547 1118 3626 gig-

197 3628 242 3689 nit
264 3627 470 3708 philosophia,
492 3629 521 3686 in
545 3628 654 3706 quibus
678 3629 752 3688 nihil
774 3629 915 3709 spiritus,
946 3646 1046 3707 neque
1075 3629 1116 3688 vi·

68 3692 261 3924 qis
281 3710 311 3771 in
335 3709 456 3805 Christo
479 3729 587 3807 sensns
611 3713 702 3791 viget.
746 3710 855 3792 Capilli
878 3714 958 3772 enim
975 3710 1118 3772 sacerdo-
