2392 4170
97 1092 298 1188 'Contra
342 1090 586 1211 Papistieas
635 1093 775 1214 Leges
826 1097 1061 1192 saeerdoti-

135 1207 196 1272 bus
218 1208 424 1294 prohibentes
447 1209 694 1292 matrimonium,
723 1211 872 1296 apologia
894 1212 1060 1277 Bartholo-

136 1293 220 1354 maei
234 1291 389 1357 Bernardi
403 1291 668 1374 Veltkirohensis‚
683 1293 827 1357 Pastoris
841 1293 1060 1380 Kembergen-

135 1373 191 1456 sis,
205 1376 259 1460 qui
271 1395 374 1460 nuper
386 1377 542 1440 eoolesiaa
552 1395 633 1451 suae
645 1396 804 1440 consensu
815 1396 948 1442 uxorem
960 1378 1060 1444 duxit.

548 1520 655 1594 1521.

493 1741 703 1750 --—--—-—

86 1901 89 1905 ·
121 1863 124 1867 .
221 1886 475 1947 Bartholomaeus
496 1885 689 1948 Bemhardus
715 1888 966 1968 Veltlrirahensis,
1003 1890 1059 1951 Ba-

136 1989 238 2045 rarus,
261 1970 370 2030 Curiae
392 1973 422 2029 in
436 1969 561 2031 Rhaetis
573 1971 719 2033 sacerdos
741 1971 850 2050 iaetus,
872 1991 954 2032 anno
980 1975 1057 2036 1521

138 2049 379 2135 (morsellum,
404 2060 436 2113 ut
465 2055 584 2133 opinari
614 2054 716 2132 lieet),
731 2074 837 2135 ,quum
866 2055 1060 2136 Kambsrgae

134 2137 201 2196 sive
222 2136 402 2216 (lammam,
434 2137 516 2215 quod
544 2138 690 2216 oppidum
715 2145 762 2199 est
789 2142 832 2200 ais
854 2138 954 2199 Albim
978 2138 1058 2200 haud

133 2220 242 2300 prooul
259 2216 593 2299 Wittembergasitum,
616 2224 809 2301 praepositus
827 2224 892 2282 sive
905 2223 1058 2302 parochus
1160 2217 1164 2222 ’

134 2311 225 2379 esset,
246 2305 361 2383 primus
387 2312 485 2382 (quae
498 2303 620 2382 quidem
635 2306 769 2364 omnium
792 2305 856 2365 fere
869 2315 917 2366 eet
933 2306 1058 2386 opinio)

128 2387 164 2445 in
203 2384 360 2447 Saxoniae
399 2386 572 2466 pastoribus
606 2405 732 2447 uxorem
770 2386 864 2449 duxit.
917 2389 1059 2449 tilbertus
1147 2423 1158 2442 ·

135 2469 320 2548 Oardinalis,
349 2469 609 2548 Arohiepisoopus
632 2470 922 2550 Magdeburgensis‚
949 2471 1059 2532 deinde

134 2553 173 2613 ab
194 2552 337 2613 Electore
360 2552 515 2613 saxoniae
543 2553 728 2634 postulavit,
757 2561 791 2614 ut
813 2573 881 2613 eum
904 2553 998 2614 Halae
1020 2554 1059 2614 ad

135 2654 259 2696 oausam
292 2654 347 2715 pro
376 2656 409 2696 re
443 2636 551 2708 uxoria
585 2634 747 2696 dioendam
775 2637 912 2713 sisteret,
943 2637 996 2696 sed
1032 2639 1058 2697 is

135 2738 237 2779 moras
259 2721 387 2780 comiter
410 2720 561 2798 quaesivit
591 2725 620 2778 et
640 2719 791 2779 lictorium
820 2720 896 2780 illud
920 2719 1056 2780 odicium

132 2801 241 2862 dextre
272 2803 446 2863 declinavit.
489 2803 564 2862 Tum
594 2801 751 2882 Apologia
780 2804 819 2863 B:
837 2802 1004 2864 Bernhardi
1027 2806 1057 2863 in

130 2883 233 2948 luoem
257 2885 371 2966 prodiit
393 2885 431 2946 ad
460 2885 608 2946 officiales
637 2886 849 2947 Dioeoesanos
873 2885 1057 2965 Magdebur-

133 2970 238 3049 gensis
262 2969 570 3049 Arohiepisoopatus,
600 2986 680 3047 quae
702 2991 720 3030 a
742 2969 883 3050 Philippo
908 2969 1059 3031 Melanch·

133 3053 228 3118 thone
251 3054 426 3132 oonsoripta
448 3071 516 3113 esse
560 3053 692 3113 ereditur
716 3051 769 3134 (ol.
804 3053 955 3119 Seolrend.
979 3052 1059 3120 Hist.

132 3135 220 3197 Loth.
242 3134 256 3196 Ι
285 3142 313 3210 ξ.
338 3137 397 3200 104
418 3156 448 3216 p.
474 3134 541 3201 170.
578 3135 647 3197 ooll.
677 3135 836 3213 Gieseler,
875 3135 1058 3216 Kirohenge·

133 3219 271 3296 sohiohte
293 3219 354 3298 lll,
391 3224 418 3281 1.
449 3239 479 3299 p.
503 3218 571 3301 98).
607 3219 636 3280 A
663 3219 795 3280 Luthero
825 3228 898 3280 tuno
923 3221 953 3279 in
988 3239 1059 3281 aree

134 3300 321 3382 Wartburgo
344 3303 458 3363 latente
487 3302 546 3363 hoo
576 3301 689 3362 laetum
715 3303 880 3363 Bernhardi
905 3310 936 3363 et
956 3322 1057 3364 sacer-

135 3385 241 3449 dotum
274 3387 450 3466 coniugium
483 3405 544 3445 non
573 3386 778 3465 improbatum
812 3405 899 3465 esse,
928 3389 1061 3448 cernitur

133 3489 173 3530 ex
196 3469 356 3550 epistolis,
391 3487 467 3547 quas
497 3468 549 3529 ille
571 3476 643 3529 tuno
678 3470 716 3530 ad
746 3469 920 3550 oomplores
943 3472 1060 3531 amieos

134 3551 220 3614 dedit
242 3553 295 3634 (ol.
317 3551 404 3613 Loth.
420 3551 497 3631 Epp.
513 3552 561 3612 ed.
585 3552 623 3612 de
635 3549 737 3615 Wette
752 3553 787 3633 ΙΙ,
810 3573 840 3633 p.
864 3555 1059 3627 9.34.133).

134 3636 235 3712 Quum
269 3655 342 3697 vero
377 3635 519 3695 Albsrtus
559 3635 729 3696 Gordinalis
768 3636 852 3696 hano<
882 3636 1059 3717 apologiam

132 3719 336 3783 sufficientem
359 3738 428 3783 esse
449 3726 605 3801 negasset,
630 3719 822 3782 Bernhardus
832 3720 903 3842 ¹ipss
923 3719 1060 3783 libellum

804 3807 823 3873 7
