2392 4170
409 237 674 308 unsrprrvmn.
693 237 775 297 uu
1000 232 1062 306 151

138 411 208 474 bam
231 421 262 474 et
284 411 508 475 multitudinem
531 410 573 474 ed
597 410 711 473 malum
734 416 842 473 eontra
866 413 968 497 legem
993 416 1061 493 nst

138 505 170 560 et
190 497 315 559 deseres
337 499 523 576 pauoitstem
553 494 591 557 ad
616 495 752 558 bonum?
786 514 854 556 oum
884 499 989 563 videas
1011 502 1062 563 hio

137 580 264 644 verbum
289 580 410 659 Christi,
432 581 494 642 illio
516 597 589 641 vero
604 578 728 641 verbum
741 578 898 643 hominum
920 604 1061 665 regnare,

138 664 219 726 unde
242 671 342 725 sertus
365 683 434 726 esse
448 664 578 745 cogeris,
602 663 715 725 oeulos.
726 661 836 725 Christi
860 685 898 727 eo
911 676 1061 750 speetare,

137 748 189 811 uhi
212 747 336 809 verbum
361 768 449 809 suum
471 752 590 826 regnat,
613 747 732 808 etiamsi
744 744 806 806 duo
829 755 945 812 tantum
958 760 1063 814 essent

137 831 179 893 ihi
215 834 416 912 oongregati,
454 849 580 892 aversos
603 836 705 890 autem
740 848 824 908 esse,
856 832 905 893 ubi
935 836 1061 898 verbnm

138 936 225 977 suum
250 915 381 992 exsulat,
404 915 522 976 etiamsi
546 919 592 975 tot
613 913 717 994 Papae
748 921 825 994 quot
857 916 931 979 tolia
952 919 1062 996 silvae,

138 1005 185 1060 tot
206 998 387 1061 cardinales
410 1005 486 1080 quot
507 1015 613 1078 grana,
635 1003 682 1058 tot
703 996 841 1078 episeopi
860 1008 936 1079 quot
956 1009 1063 1083 guttae

138 1084 240 1163 maris,
264 1081 435 1162 omnesque
456 1082 513 1143 toti
535 1081 647 1161 aurati,
670 1083 831 1161 gemmati,
853 1088 1011 1166 purpurati
1032 1093 1063 1148 et

137 1165 242 1228 muloti
265 1176 295 1227 et
316 1167 426 1228 asineti
448 1164 489 1225 ibi
511 1172 624 1225 essent.
675 1163 785 1224 Nonne
806 1186 881 1245 prae
903 1168 1063 1233 maiestate

138 1249 222 1312 verbi
247 1250 357 1313 Christi
380 1267 488 1311 omnes
516 1247 571 1308 has
594 1247 696 1307 larvas
717 1254 782 1327 pro'
805 1256 941 1312 stereore
962 1260 1062 1315 terrae

138 1333 270 1396 haberes
292 1331 483 1394 iustissime?
527 1329 607 1406 Quid
634 1338 680 1391 est
712 1348 804 1411 ergo,
835 1338 867 1393 ut
895 1343 1013 1398 metuas
1038 1341 1063 1397 's

137 1416 216 1479 faeie
238 1417 366 1478 istorum
388 1415 614 1478 levissimorum
637 1414 813 1492 hominum,
837 1419 888 1496 qui
909 1419 1062 1482 Christum

137 1498 233 1563 habes
246 1509 346 1562 teoum
369 1506 401 1560 et
413 1496 580 1560 seeundum
597 1497 724 1559 verbum
737 1498 802 1559 eius
814 1499 917 1562 iaoist
953 1503 1064 1581 Ndnne

137 1582 334 1658 Iohannes*)
356 1583 395 1645 de
420 1602 458 1645 eo
481 1581 568 1643 dioit:
591 1581 689 1643 Maior
701 1588 748 1642 est
769 1583 819 1662 qui
842 1584 874 1663 in
896 1585 985 1647 nohis
1007 1594 1064 1666 est,

138 1686 230 1747 quam
254 1669 358 1749 quiin
388 1665 502 1728 mundo
525 1664 597 1726 est?
648 1665 803 1727 Damnent
833 1668 938 1748 itaque
972 1670 1064 1750 lupae

137 1753 168 1815 et
187 1750 295 1813 larvae
318 1750 395 1814 istae
417 1758 502 1812 tuum
529 1749 661 1827 laetum,
698 1754 730 1809 et
751 1750 870 1829 erigant
901 1753 1062 1832 saoridoia,

137 1853 216 1913 quae
238 1836 391 1917 ignorant,
413 1836 528 1895 iaotent
551 1832 665 1913 Patres,
688 1828 802 1893 vehant
821 1834 970 1916 Conoilia,
993 1854 1061 1917 pro-

134 1917 234 1979 terant
265 1917 428 1981 multorum
453 1936 556 1988 usum,
579 1915 633 1976 tibi
657 1913 787 1976 sufficiat
814 1936 892 1978 unus
920 1925 951 1980 et
976 1920 1062 1983 solus

135 2000 273 2063 Christus
305 2020 375 2062 oum
403 2002 509 2082 pausis
533 2002 596 2060 suis
618 2000 647 2060 in
681 2001 742 2061 hoo
764 2001 893 2077 mundo,
933 2003 971 2064 de
999 2022 1061 2083 quo

135 2085 323 2146 uertissimus
338 2105 382 2164 es,
407 2105 467 2146 non
485 2083 678 2144 saorifloasse
701 2101 770 2143 eum
782 2103 894 2164 panem
906 2092 937 2147 et
958 2087 1061 2148 vinum

135 2168 166 2228 in
189 2168 296 2228 ultima
327 2186 435 2232 ooena.
479 2168 547 2228 Non
588 2167 745 2229 damnabit
774 2172 827 2244 te,
855 2169 939 2249 quod
966 2169 1009 2230 illi
1032 2177 1063 2230 te

136 2250 283 2326 iudioant,
306 2251 361 2312 sed
383 2250 554 2331 coronabit,
578 2252 660 2331 quod
685 2269 770 2328 sese,
800 2270 863 2312 non
885 2253 955 2315 illos
977 2272 1063 2314 seau-

135 2344 183 2394 tus
205 2335 306 2400 tueris.
349 2335 396 2396 Tu
418 2333 514 2395 habes
537 2333 663 2396 verbum
687 2342 718 2395 et
740 2335 917 2415 exemplum
940 2335 1063 2414 Christi,

135 2417 218 2496 quod
240 2424 377 2479 ostentes
400 2425 431 2477 et
463 2436 605 2497 opponas
638 2419 730 2480 etiem
753 2420 849 2497 portis
883 2419 989 2496 inferi,
1019 2418 1063 2480 illi

135 2499 208 2580 quid
222 2499 359 2562 habent?
382 2499 507 2575 infulas,
530 2501 639 2584 pileos,
663 2519 749 2561 rasos
768 2501 908 2580 vertices,
931 2503 1064 2564 annulos

137 2589 170 2644 et
190 2583 301 2663 sigilla.
345 2584 400 2646 His
424 2584 505 2645 enim
529 2585 717 2665 argumentis
752 2582 884 2664 probant
912 2603 1063 2664 quaeeun-

137 2685 197 2746 que
221 2666 363 2748 probant.
406 2667 447 2728 Et
476 2668 505 2726 in
537 2667 585 2727 his
606 2667 697 2729 rebus
723 2665 840 2746 pendet
875 2668 923 2727 ins
957 2675 988 2728 et
1017 2669 1064 2728 vis

135 2749 322 2811 deseruendi
347 2750 547 2829 quaestiones
568 2750 656 2830 fidei,
679 2751 802 2830 quassi
825 2750 870 2810 eis
884 2749 1064 2828 detraxeris,

135 2852 199 2894 non
221 2833 291 2913 plus
313 2834 540 2914 episcopalium
561 2854 661 2896 rerum
685 2834 714 2894 in
739 2835 783 2895 eis
800 2834 950 2913 invenias,
972 2852 1063 2913 quam

135 2917 165 2977 in
190 2918 251 2977 isto
273 2918 361 2978 asino
385 2924 416 2978 et
437 2923 558 2981 trunoo.
773 2966 778 2973 .

219 2996 424 3063 Commendet
444 3001 548 3080 itaque
572 2999 736 3080 diligenter
757 3001 827 3080 pius
850 3000 971 3060 animus
994 3015 1065 3060 oon·—

135 3083 284 3144 soientiae
306 3102 382 3145 suae
404 3084 465 3144 hoo
486 3083 578 3146 fidele
600 3083 776 3164 exemplum
793 3082 915 3163 Christi,
938 3100 997 3143 nee
1011 3081 1066 3144 du·

134 3163 221 3242 bitet,
243 3166 318 3226 nulli
341 3185 466 3245 prorsus
489 3168 669 3249 angelorum
696 3167 808 3243 lioere,
831 3165 946 3227 nedum
968 3164 1064 3227 Bullis

132 3249 296 3327 humanis,
318 3269 336 3310 e
358 3249 559 3313 sacramento
581 3251 639 3312 Dei
670 3249 789 3326 faeere,
819 3248 901 3328 quod
925 3249 1065 3312 Christus

132 3333 201 3413 ipse
222 3351 285 3394 non
308 3332 390 3395 teoit.
434 3333 524 3409 Quod
546 3334 571 3394 si
600 3352 660 3414 qua
692 3333 811 3394 ratione
841 3332 934 3394 etism
958 3332 1065 3394 liseret

134 3434 190 3495 per
211 3416 412 3496 impossibile,
436 3416 536 3479 adhue
557 3437 619 3478 non
642 3423 690 3478 est
710 3418 875 3497 integrum,
896 3433 997 3494 neque
1018 3420 1064 3477 tu⁶

134 3508 205 3561 tum·
234 3499 407 3561 Christiano
436 3500 474 3561 sb
508 3500 652 3580 exemplo
679 3499 792 3561 Christi
824 3497 1004 3578 discedere,
1035 3503 1067 3559 et
1180 3527 1183 3530 >

132 3580 248 3662 aliquid
271 3582 337 3642 sine
360 3582 504 3663 exemplo
527 3587 592 3646 eius
614 3584 787 3661 innovare,
822 3582 1001 3662 praesertim
1028 3582 1065 3667 ¹iu

115 3833 116 3837 Ἰ
211 3763 243 3835 ⁸)
264 3765 290 3820 1.
304 3762 404 3827 lotan.
422 3765 449 3822 4.
542 3824 544 3828 .
