2392 4170
138 237 201 304 432
430 234 591 297 Oonssisniio
610 240 779 297 Luiberinna
852 315 859 326 Ι

139 413 231 474 quom
259 401 330 453 onte
357 395 519 455 ludibrium
548 396 666 456 Lniomi
704 405 765 456 stne
799 414 855 475 pro
888 414 946 455 me.
979 394 1067 457 buu

139 479 220 538 enim
242 476 338 538 Isnins
357 480 512 538 irascente
534 479 601 540 Deo
624 487 654 538 ei
677 480 705 538 in
729 480 960 559 captivitatem,
971 479 1064 541 rusb}

106 570 109 575 ’
139 567 232 622 istem
246 560 277 637 ¹)
311 560 450 622 irudenie
470 561 620 641 populum
659 561 793 622 Deum
786 581 846 622 ιοιιι
869 579 944 622 non
953 579 1065 623 secun

138 644 212 704 dnm
234 643 490 720 ιιιίιοιίοοιιΙίοιιι,
522 645 576 704 sed
604 645 772 704 secundnm
801 644 964 722 iudioinm‚
998 646 1063 706 imo

138 729 213 788 irom
248 746 316 786 num
349 729 394 786 eis
422 746 523 806 ogere
567 728 599 787 ln
630 746 690 807 quo
720 727 833 789 iudinio
856 729 914 788 etsi
936 727 1007 786 sini
1014 729 1064 807 pii

139 818 170 869 et
190 811 259 869 iusti
282 811 353 887 viri,
385 829 514 889 quorum
536 812 651 871 iustitio
672 819 760 871 exire
780 810 924 870 iudioium
948 810 1065 873 munds

138 913 208 953 esse
229 900 351 972 poterat
377 892 434 953 sub
464 911 561 972 regno
592 893 835 969 misericordiae,
865 911 948 954 nuno
982 893 1063 955 odeo

138 976 212 1035 nibil
233 975 359 1055 prodest
379 975 454 1054 illis,
484 987 516 1036 ut
538 976 653 1036 similes
677 979 738 1036 sini
759 978 933 1036 novissimis
957 984 987 1036 ei
1009 979 1064 1041 im·

139 1058 345 1119 mundissimis
380 1059 602 1200 peoofutoribus
644 1059 714 1120 Non
736 1061 816 1119 euim
841 1061 984 1140 agnoseit
1006 1079 1062 1120 eos

139 1141 319 1202 Dominus
312 1160 341 1200 ιιι
365 1146 424 1202 isto
448 1143 569 1234 furore,
592 1142 646 1202 sed
670 1142 757 1202 simui
781 1143 871 1202 trudis
893 1144 1008 1202 iustum
1033 1151 1063 1202 oi

137 1226 281 1304 impium,
304 1242 362 1283 neo
384 1226 455 1284 sinii
476 1243 510 1283 se
518 1215 637 1285 teneri.
682 1224 760 1300 Quo
775 1225 847 1303 qnid
870 1225 952 1284 uliud
975 1223 1061 1300 iunii,

138 1326 230 1386 quom
253 1307 336 1386 quod
367 1326 435 1384 eos,
474 1308 526 1386 qui
547 1309 618 1368 iusti
640 1318 724 1386 sunt,
759 1310 804 1366 sio
832 1307 940 1389 bobei,
963 1319 995 1369 et
1017 1310 1062 1369 sie

76 1459 78 1464 ,
137 1409 287 1471 apparere
307 1390 395 1469 noir,
430 1409 468 1452 so
496 1393 522 1451 si
545 1391 615 1450 iusti
638 1410 699 1451 non
723 1400 835 1453 esseni.
877 1391 910 1450 ln
934 1410 996 1469 quo
1019 1401 1062 1453 is·
1112 1413 1114 1417 ¹

137 1493 207 1533 men
227 1473 353 1551 indioio,
375 1474 447 1552 quin
469 1474 547 1534 iuste
569 1473 683 1535 iudioat
706 1482 830 1550 etvere,
851 1476 1060 1537 neeessarium

136 1566 184 1618 est
206 1555 297 1617 simul
317 1575 373 1616 eos
395 1575 464 1616 esse
484 1557 592 1634 iustos,
615 1565 768 1617 ettamen
790 1557 976 1618 immundos.
1021 1557 1063 1618 lut

136 1639 350 1716 inserendis,
378 1657 468 1718 quam
493 1639 592 1698 nullus
614 1641 644 1698 in
667 1659 723 1700 suu
746 1641 878 1716 iustitio,
913 1642 967 1700 sed
991 1639 1062 1703 eoin

137 1722 347 1783 misericordis
378 1723 444 1783 eius
477 1723 531 1782 niti
564 1721 683 1785 debent.
727 1722 794 1783 Ηοο
823 1741 914 1782 sensu
947 1731 976 1782 et
1003 1721 1061 1787 lob

137 1807 165 1868 9.
188 1805 337 1885 loquitur:
360 1804 460 1866 Unum
484 1805 605 1866 loeutus
627 1825 709 1880 sum,
734 1807 929 1866 innocentem
953 1814 983 1865 et
1005 1807 1060 1869 im·

137 1890 219 1968 pium
250 1889 317 1968 ipse
351 1890 512 1948 consumit.
555 1887 663 1968 Neque
695 1890 775 1948 enim
811 1889 850 1949 de
872 1887 942 1948 dote
973 1889 1060 1953 inno·

136 1981 225 2032 oense
248 1971 391 2050 loquitur,
415 1979 570 2032 ettamen
594 1973 747 2032 oonsumii
769 1991 838 2032 eum
861 1991 922 2031 non
936 1973 1059 2034 iniuste.

135 2055 181 2115 itu
210 2063 240 2114 et
267 2054 362 2115 isoins
396 2054 446 2115 bio
478 2073 549 2114 vere
581 2055 678 2116 iustos
701 2064 731 2114 et
754 2054 885 2114 mundns
906 2055 1059 2154 intelligit.

135 2137 204 2198 Non
228 2139 308 2196 enim
331 2135 454 2216 spiritus
476 2139 506 2195 in
529 2137 635 2216 spiritu
655 2139 775 2216 piorum
799 2138 837 2197 de
858 2136 937 2197 boiis
960 2140 1059 2217 iustis,

135 2239 189 2285 seu
222 2221 252 2278 in
281 2218 352 2279 fiete
379 2220 527 2280 iustorum
551 2240 684 2298 persona
706 2221 846 2300 loquitur
892 2221 1060 2283 Ver-issima
1103 2246 1104 2250 ¹

135 2311 183 2364 ssi
202 2304 333 2380 iustitia,
360 2309 515 2363 ettamen
538 2303 622 2363 velut
645 2304 802 2364 immunde
809 2304 922 2400 ‚quod
945 2307 1060 2383 potitur

135 2387 239 2448 omnis
260 2404 377 2463 eornm,
394 2404 473 2465 quoe
488 2387 634 2446 immundi
649 2352 816 2466 potiuntur:
829 2406 890 2447 non
912 2389 1059 2449 innoeen-

135 2479 181 2529 ier
200 2468 283 2549 opud
306 2471 416 2528 iustum
439 2469 567 2548 Deum,
582 2469 651 2530 iioei
673 2471 853 2531 innocenter
876 2489 979 2531 eorum
1004 2471 1058 2533 bo·

136 2553 267 2614 minibus
290 2560 321 2612 et
343 2553 372 2611 in
395 2555 585 2613 oonseientio
608 2562 723 2615 nostre.

217 2635 285 2696 Ηοο
306 2655 397 2695 sensu
421 2644 451 2696 et
473 2635 584 2697 Psnlm.
607 2634 714 2711 44²),
750 2638 799 2696 ubi
824 2635 953 2714 plurima
977 2637 1059 2699 moin

134 2721 272 2800 perpessi
294 2718 415 2779 dieunt:
444 2718 531 2778 Haeo
560 2719 664 2779 omnio
698 2730 846 2780 venerunt
874 2739 967 2799 snper
989 2739 1058 2794 nos,

135 2811 166 2862 et
186 2805 290 2881 inique
311 2820 373 2862 non
396 2803 515 2882 egimus
537 2805 568 2861 in
583 2808 768 2862 testamento
792 2811 855 2876 tuo,
879 2821 936 2862 neo
958 2821 1058 2866 renes·

134 2887 173 2947 sit
200 2897 281 2946 retro
311 2904 365 2945 οοι
386 2892 541 2962 nostrum,
574 2902 632 2944 neo
665 2884 893 2945 declinaverunt
927 2888 1058 2948 semitae

134 2978 259 3031 nostroe
280 2987 299 3028 ο
322 2969 371 3028 vin
392 2976 461 3046 tuo,
491 2930 552 3028 ho’o
574 2976 639 3046 esi,
674 2969 787 3047 quod
780 2989 809 3028 ιιι
832 2967 961 3029 Ieremia
984 2969 1059 3030 dinit

134 3052 274 3135 ospite⁸J
291 3052 346 3114 48:
368 3051 460 3129 Eone,
482 3051 592 3131 quibus
615 3070 674 3112 nnn
698 3059 764 3112 ersi
785 3051 941 3131 iudicium,
959 3056 992 3113 ui
1015 3051 1058 3114 bi·

134 3135 240 3196 herent
261 3134 399 3214 oolioem,
423 3133 562 3195 bibentes
587 3133 707 3211 bibent,
731 3144 761 3194 et
783 3144 813 3194 ιιι
836 3136 985 3195 innocens
1007 3152 1056 3199 re·

133 3217 300 3298 linqueris?
343 3216 412 3278 Non
445 3220 504 3277 eris
533 3219 698 3295 innocens,
731 3217 785 3279 sed
824 3217 930 3280 bibens
958 3216 1057 3282 bibes.

135 3301 300 3377 Quomodo
322 3320 383 3362 non
406 3311 471 3361 erut
492 3301 551 3362 iliis
573 3301 728 3377 iudicium,
750 3312 781 3361 et
803 3309 903 3361 iumen
927 3300 1057 3363 bibunt?

133 3386 299 3446 scindetis
323 3385 512 3445 conscientia
535 3403 592 3444 suo
613 3394 644 3445 et
666 3404 769 3445 oorsm
791 3383 977 3464 hominibus,
1000 3387 1056 3445 sin·

206 3572 224 3577 re.
234 3569 561 3578 .-—....----.-—---·-*-

205 3657 235 3722 1)
255 3654 287 3709 lo
307 3654 433 3710 eddom:
457 3656 644 3724 captivitatem
665 3660 693 3706 et
713 3650 878 3706 vestitatem.
903 3651 937 3717 2)
958 3651 988 3705 Io
1009 3651 1053 3706 sd.

132 3725 358 3798 01¹8·=P⁸,·43··.
381 3727 409 3794 3)
428 3726 495 3783 ibid.
515 3726 617 3794 deson:
637 3727 735 3795 sepite.
765 3808 767 3812 λ
849 3778 851 3785 ,
