2392 4170
157 276 220 345 522
493 276 537 335 lts
554 275 733 349 tutttpmts

240 442 295 506 liis
323 452 354 506 et
380 442 530 507 similibus
562 443 665 507 multis
701 445 779 507 locis
812 450 877 505 tum
906 438 1077 519 hungeli,

159 534 222 590 tnm
245 530 339 590 totins
360 528 545 610 Scriptum,
568 529 679 610 qnibns
700 529 912 601 admonemur,
933 544 975 585 nc
997 524 1077 586 falsis

159 611 337 674 doctoribus
360 611 532 687 credamus,
554 612 627 694 quid
648 613 730 675 alind
752 613 914 686 docemur,
936 627 1030 689 qnam
1047 614 1077 668 nt

158 704 283 758 nostrae
305 697 464 778 propriae,
493 697 623 778 quisque
648 717 705 777 pro
734 716 769 757 se
797 694 905 756 salutis
925 693 1076 754 rationem

160 779 294 857 habena,
316 789 417 841 cer-tna
438 781 497 854 ait,
526 779 598 861 qnid
621 780 726 842 credat
748 786 779 841 et
799 784 957 858 sequatur,
978 795 1018 838 ac
1037 776 1077 835 in·

158 862 218 924 dex
242 864 413 925 liberrimus
434 864 473 924 ait
494 865 647 944 omnium,
674 865 727 945 qni
749 863 863 925 docent
883 880 972 931 cnm,
997 861 1076 920 intus

157 967 176 1007 a
199 948 265 1008 Deo
288 947 356 1008 solo
380 946 499 1026 doctus,
520 947 629 1010 Iohan.
646 951 675 1014 6.
718 947 827 1027 Neque
846 944 930 1006 enirn
953 943 1076 1005 alterins

158 1030 297 1092 doctrina
320 1051 392 1092 reru
414 1030 463 1092 vel
485 1031 563 1091 ialsa
584 1030 778 1093 damnaberis
805 1035 858 1090 ant
880 1026 988 1090 sslvns
1009 1028 1075 1096 eris,

157 1113 211 1175 sed
239 1121 291 1176 tna
320 1106 416 1175 oblias
443 1113 511 1177 flde.
556 1113 677 1177 Doceat
708 1134 784 1195 ergo
810 1110 966 1193 quisquis,
997 1109 1075 1193 qnod

157 1197 258 1276 docet,
280 1198 335 1258 tihi
368 1197 533 1259 videndum
562 1206 609 1259 est
640 1207 693 1261 tuo
715 1215 835 1258 anmmu
863 1196 1005 1276 periculo
1026 1202 1074 1255 ant

157 1281 334 1357 commodo,
354 1281 426 1362 qnid
450 1281 568 1344 credas.

239 1366 352 1426 Verum
369 1365 499 1426 'Paulus
524 1370 549 1430 l.
573 1365 709 1427 Corinth.
738 1365 775 1426 ¹4
804 1365 943 1425 omnium
973 1367 1075 1445 poten·

157 1449 274 1510 tissime
301 1449 384 1510 hunc
410 1449 518 1511 fortem
541 1450 571 1509 in
593 1450 673 1510 atrio
694 1467 753 1509 sno
775 1447 898 1528 ligavit,
933 1466 973 1508 ac
1003 1467 1077 1511 rasa

156 1533 222 1593 eiua
245 1533 377 1613 diripuit,
401 1528 451 1593 ubi
474 1531 561 1593 dicit:
590 1531 622 1594 st
644 1528 957 1605 sedenti'rcrelatnn'r
977 1531 1075 1608 inerit,

157 1616 239 1698 prior
260 1616 375 1693 taceat,
406 1616 582 1677 etiterum:
612 1613 744 1697 Spiritus¹
766 1613 987 1696 prophetarum
1010 1616 1075 1677 srib-

157 1699 225 1759 lecti
254 1707 323 1761 sunt
346 1699 521 1782 prophetis,
550 1708 581 1761 et
605 1700 732 1761 iterum:
763 1696 896 1760 Potestis
918 1700 1002 1760 eninr
1024 1718 1075 1780 per

156 1783 294 1863 singulos
328 1781 522 1864 prophetare.
570 1781 651 1858 Quid
678 1782 730 1844 hic
752 1781 836 1844 valet
863 1783 983 1845 ebrium
1000 1789 1074 1844 tara·

156 1872 277 1928 tantara
296 1866 370 1928 illud
383 1866 487 1947 Papae
500 1873 533 1927 et
552 1874 676 1927 suornm
691 1864 894 1944 Papiatsmm,
915 1872 1074 1947 qnantum·

156 1948 230 2010 libet
251 1951 394 2011 usitatum
415 1949 518 2011 multia
540 1948 674 2010 seculis?
716 1949 781 2011 Nos
803 1949 1000 2025 mandamns,
1021 1968 1073 2011 ncs

156 2031 292 2094 districte
315 2035 531 2114 praecipimus,
553 2031 688 2095 ecclesia
697 2033 839 2097 Romarm
861 2039 908 2094 est
932 2035 1074 2114 magistra

155 2117 353 2178 ecclesiarum
377 2123 409 2178 et
429 2115 535 2198 regula
557 2115 651 2176 fidei?
671 2115 758 2189 Esto,
781 2114 889 2179 sedeat
909 2122 944 2178 et
965 2116 1072 2178 doceat

155 2208 184 2260 et
215 2202 255 2261 sit
277 2203 441 2280 magistra,
470 2207 571 2260 tamen
593 2199 643 2259 hio
664 2200 692 2260 ei
715 2207 819 2262 tacere
839 2199 1022 2280 mandatur,
1049 2201 1070 2258 ai

154 2282 272 2343 sedenti
296 2283 464 2344 revelatum
494 2284 591 2352 luerit,
615 2290 645 2343 et
667 2301 729 2343 non
753 2283 819 2345 sola
840 2285 925 2364 ipsa,
949 2283 1004 2344 sed
1022 2304 1072 2363 per

154 2366 292 2446 singulos
315 2386 479 2447 possumus
506 2365 691 2448 prophetare
723 2365 785 2446 (ait
811 2366 944 2443 Paulus,
983 2368 1071 2428 ctiam

154 2449 234 2510 Petri
252 2451 438 2510 simulatoria
460 2450 606 2530 magister
626 2456 657 2509 et
673 2452 860 2530 correptor),
882 2457 1000 2528 quanto
1014 2469 1070 2510 ma·
1165 2490 1169 2533 ᾗ

153 2534 200 2613 gis
229 2552 285 2594 noa
318 2533 534 2594 simulatricem
565 2539 596 2592 et
623 2530 795 2593 simulatam
823 2533 988 2594 ecclesiam
1016 2533 1072 2595 Rc·

155 2636 274 2677 manum
298 2638 366 2677 cnm
389 2615 501 2676 fiducia
521 2615 667 2692 iudicare,
689 2622 720 2676 et
741 2636 802 2678 non
815 2616 944 2677 iudicari
956 2615 995 2678 ab
1008 2617 1073 2696 ipra

154 2699 311 2779 debemus,
333 2699 390 2760 sub
411 2699 548 2780 periculo
572 2700 664 2760 etiam
687 2699 791 2760 salutis
813 2700 1003 2781 proprisset
1026 2718 1072 2760 na
1161 2768 1167 2793 1

153 2783 247 2863 gandi
270 2783 401 2844 christi?

220 2865 297 2927 'Sed
320 2866 422 2927 ethic
444 2865 546 2928 videre
569 2869 616 2926 eet
637 2863 822 2944 pulchellum
842 2863 927 2925 illam
946 2866 1073 2947 pruden-

153 2951 226 3010 tiam
251 2950 418 3018 larvarum,
448 2967 538 3028 qnam
560 2947 652 3009 foedo
674 2948 731 3008 nihi
753 2948 828 3027 ipsis
850 2948 944 3009 etiam
967 2948 1074 3010 adver-

154 3040 275 3110 santur,
306 3032 377 3093 dum
400 3033 468 3092 Deo
491 3039 522 3092 et
544 3030 701 3106 omnibns,
736 3050 815 3109 quae
837 3031 895 3092 Dei
918 3039 1000 3105 aunt,
1025 3032 1073 3093 ad·

153 3123 321 3179 versantur.
372 3114 533 3176 Credimus
570 3115 652 3174 eninr
689 3133 744 3173 eos
785 3113 929 3194 credere,
968 3116 1073 3176 saltem

153 3199 292 3259 videmus
315 3218 369 3260 eoa
399 3199 501 3278 lateri,
536 3208 627 3278 atque
660 3196 739 3257 adeo
764 3197 905 3276 gloriari,
941 3218 1011 3259 esse
1043 3218 1075 3258 ae

153 3282 394 3342 Christianorum
428 3281 584 3342 hominum
613 3279 706 3340 duces
729 3286 761 3340 et
782 3286 933 3358 pastores.
980 3281 1075 3344 Porro

153 3363 357 3429 Christianum
382 3384 450 3425 ease
472 3370 547 3444 puto
572 3366 845 3444 <cogenturetiam
863 3362 972 3445 lateri)
998 3386 1075 3442 eum,

1162 2988 1171 3217 l

154 3449 211 3536 qui
228 3446 373 3528 Spiritum
409 3454 549 3507 sanctum
573 3444 753 3528 hebeat¹),
787 3447 838 3525 qni
863 3445 916 3529 (nl
939 3448 1077 3510 (hristus
1168 3496 1171 3505 .

207 3696 236 3763 t)
258 3697 288 3750 In
307 3694 352 3753 ed.
370 3696 439 3752 len:
458 3694 551 3752 habat.

1168 3572 1173 3615 1
