2392 4170
451 241 530 302 boor.
549 240 630 303 Mart.
648 238 748 302 Lon·
995 235 1057 311 287
1130 276 1133 284 «

134 424 182 478 tur
214 416 357 497 operibus
385 418 447 477 sois
481 436 550 477 sesa
572 435 713 493 sanare,¹
731 423 860 497 peccata
889 417 992 479 delere
1017 422 1058 478 et

134 504 262 580 gratiam
287 502 405 580 mereri,
428 520 496 561 oum
532 500 592 560 hoc
620 501 649 560 in
675 501 749 561 solis
772 501 880 562 Christi
913 500 1056 581 operibus

135 604 189 664 per
210 584 300 645 tidem
325 583 533 662 quaerendum
556 585 604 647 sit.

218 668 273 727 Hic
300 667 386 727 vides
409 666 585 727 damnatum
614 685 683 726 esse
709 674 740 726 et
766 666 886 729 Christo
917 666 1058 731 adversa·

134 753 210 812 rium
235 753 408 811 universum
439 753 485 810 ius
513 750 695 811 canonicum
726 757 756 810 ct
786 769 914 829 regnum
943 749 1057 830 Papae,

134 835 215 913 quod
240 835 313 894 nihil
334 833 416 894 aliud
439 834 520 913 facit,
544 852 634 912 quam
656 831 738 912 quod
763 833 968 893 conscientias
993 832 1056 894 illa·
1136 842 1142 853 '

135 927 226 996 queat
248 918 391 999 operibus
423 918 552 996 propriis
585 925 656 976 eta
689 915 810 977 Christo
834 916 977 997 divellit,
1006 937 1056 975 ex·

134 1003 245 1062 stincta
268 1012 328 1061 taur
363 1001 502 1061 libertate
545 1019 635 1079 quam
670 1000 816 1060 libertatis
856 999 995 1059 doctriua
1028 1008 1058 1059 et

134 1087 271 1146 scientia.
316 1085 449 1144 Maxime
483 1103 556 1144 vero
588 1083 638 1142 hio
666 1082 827 1143 damnatur
854 1085 974 1162 impura
1005 1082 1059 1144 illa

134 1177 165 1228 et
187 1168 343 1228 obscoena
356 1169 498 1227 meretrix
513 1167 691 1227 Parisiensis
710 1167 845 1245 scholae,
868 1185 947 1245 quae
962 1165 1058 1226 deter-

136 1252 281 1320 minavit,
306 1250 479 1311 Aristotelis
502 1250 650 1329 dogmata
675 1253 705 1308 in
729 1249 893 1310 moralibus
916 1269 976 1310 non
1001 1248 1058 1312 dis-

135 1337 247 1395 sentire
270 1334 379 1394 Christi
403 1335 566 1413 dogmatis,
590 1351 658 1392 cum
681 1333 733 1392 itte
754 1334 836 1393 aliud
852 1352 913 1393 nou
936 1332 1058 1409 doceat,

136 1438 226 1498 quam
251 1437 304 1497 per
326 1437 420 1497 opera
442 1418 558 1495 acquiri
585 1418 730 1491 virtutes,
753 1415 874 1476 dicens:
902 1415 1056 1476 Facienda

135 1509 302 1581 temperata
326 1501 474 1561 efficimur
497 1501 673 1580 temperati3
697 1499 778 1578 quod
792 1500 964 1560 Christiana
987 1519 1058 1559 con·

135 1586 260 1644 scientia
284 1604 341 1645 cau
370 1585 519 1643 sentinam
553 1584 662 1643 inferni
695 1591 871 1643 exsecratur
899 1593 930 1642 et
967 1584 1056 1643 dicit:

134 1667 296 1729 credendo
318 1669 348 1729 in
373 1668 523 1728 Christum
549 1675 763 1762 temperatum,
793 1665 908 1727 elficiar
937 1675 968 1726 et
998 1685 1057 1746 ego

136 1759 314 1847 temperata,
337 1751 416 1811 illius
435 1751 638 1831 temperantia
659 1758 689 1810 et
710 1769 779 1810 mea
802 1759 857 1827 est,
880 1748 993 1810 donum
1012 1756 1059 1810 est

133 1837 213 1894 enim
226 1834 315 1902 illius
339 1855 400 1895 non
419 1854 497 1914 opus
514 1854 624 1895 meum.
660 1833 796 1928 Summa,
814 1835 950 1893 omnium
970 1833 1058 1892 scho-
1064 1849 1068 1854 ·

133 1918 228 1977 larum
246 1905 466 1997 theologiam,
464 1926 525 1978 tam
541 1914 760 1996 speculativam
775 1936 865 2000 quam
880 1917 1058 1996 practicam,

132 2001 182 2060 hic
215 2001 388 2061 damnatam
421 2001 525 2076 vides,
558 2019 618 2062 non
649 2002 729 2060 euim
759 2001 872 2060 docent
894 1999 1057 2078 Christum,

133 2083 187 2143 sad
211 2083 400 2163 prudentiam
422 2084 603 2160 humanam,
633 2103 712 2162 quae
739 2084 904 2145 dictamine
926 2101 982 2142 suo
1006 2099 1058 2160 pa-

132 2165 218 2242 rat¹t
243 2169 333 2226 etiam
362 2167 452 2226 fidem
486 2187 575 2246 quam
611 2176 722 2228 vocant
755 2168 948 2246 acquisitam
994 2166 1058 2224 Vae

133 2248 276 2307 Sodomis
298 2251 362 2308 istis
386 2257 417 2308 et
439 2249 595 2309 Gornorris
619 2252 743 2329 perditis
779 2259 810 2312 et
831 2248 1056 2311 abominandis

133 2330 228 2391 Simul
252 2331 301 2390 hio
324 2331 418 2400 vides,
441 2352 494 2391 cur
517 2330 590 2398 et²t
584 2347 710 2413 topera
740 2335 816 2432 legis
840 2333 962 2394 divinae
1003 2351 1058 2392 seu

132 2416 277 2474 iustitiam
303 2414 378 2493 tagis
401 2413 526 2474 damnet
543 2415 663 2494 Paulus,
685 2425 781 2476 etcur
801 2419 946 2477 iustitiam
970 2435 1056 2476 suam

133 2498 364 2572 Pharisaioam,
403 2516 493 2575 quam
543 2497 671 2577 Philipp
706 2497 765 2580 3³)
804 2500 954 2577 gloriatur
992 2502 1058 2558 sine

133 2582 259 2659 querela
281 2581 389 2658 fuisse,
418 2599 473 2660 pro
503 2591 638 2641 stercore
671 2590 702 2640 et
730 2580 913 2641 detrimento
945 2580 1058 2641 ducat?

133 2663 256 2724 Scilicet
285 2664 367 2744 qnod
390 2664 571 2723 adversatur
592 2664 727 2724 iustitiae
739 2683 854 2744 ,quae
876 2684 915 2723 ex
937 2663 1058 2724 Christo

132 2758 161 2807 et
192 2749 222 2807 in
245 2746 366 2807 Christo
402 2757 457 2810 est
501 2746 612 2808 Avellit
646 2749 725 2806 eninr
756 2748 1001 2826 conscientiam
1029 2757 1061 2806 et

132 2850 192 2890 non
216 2832 286 2890 sinit
308 2833 338 2891 in
362 2832 471 2892 Christi
494 2833 609 2891 iustitia
631 2831 764 2901 haerere
791 2830 844 2892 sed
868 2838 952 2889 tenet
973 2848 1062 2908 prae·

132 2917 333 2974 sumentem
326 2936 355 2975 ιιι
379 2935 434 2974 sua
457 2916 582 2993 propria
604 2915 719 2975 iustitia
752 2921 782 2974 et
804 2909 957 2994 operibus
981 2933 1000 2972 a
1023 2931 1060 2972 se

131 2997 236 3074 factis3
258 2999 335 3058 sicut
357 2997 429 3058 dicit
454 2998 540 3060 Rom.
564 2999 596 3061 9:
640 2997 775 3076 Gentes,
811 3017 889 3077 quae
912 3015 973 3056 nou
996 3007 1072 3055 seo·⁴

132 3043 273 3141 labantur
289 3082 443 3154 iustitiam,
456 3081 723 3161 apprehenderunt
738 3047 894 3157 iustitiam,
914 3081 1057 3139 iustitiam

131 3172 325 3243 autemquae
347 3174 394 3224 est
416 3185 454 3224 ex
478 3165 552 3242 fide3
580 3163 676 3226 lsrael
701 3183 774 3225 vero
798 3163 1057 3242 sectandolegem

131 3248 285 3323 iustitiae,
313 3249 342 3307 in
366 3248 465 3327 legem
489 3251 623 3309 iustitiae
654 3268 714 3308 non
738 3249 886 3328 pervenit.
931 3244 1059 3321 Quare?

132 3329 212 3404 Quia
235 3349 296 3389 non
321 3350 359 3389 ex
383 3330 453 3410 tide,
476 3333 529 3391 sed
551 3332 636 3411 quasi
661 3332 880 3411 exoperibus.

215 3413 367 3492 Intelligis
390 3416 616 3496 nnnotandem,
640 3434 694 3475 cur
717 3416 808 3476 toties
826 3414 970 3474 dixerim:
994 3412 1060 3472 Neo

131 3505 204 3556 vota
228 3515 285 3556 neo
308 3516 404 3576 opera
434 3508 538 3558 nostra
566 3501 742 3558 necessaria
763 3518 833 3559 esse
852 3497 891 3557 ad
914 3497 1059 3556 iustitiam

444 3631 555 3638 -...--

131 3696 477 3829 demtlcppoepd.2priorez
497 3705 585 3768 paret
621 3701 650 3766 2)
676 3696 799 3784 Ibidem:
819 3706 848 3754 et
864 3714 922 3755 cnr.
960 3701 1048 3769 3)ι
1008 3697 1060 3756 lbi·
