2392 4170
139 258 202 329 420
344 261 447 316 Contra
464 256 611 316 Henriomn
631 270 725 330 regem
743 254 867 328 Angllas

218 434 282 495 lam
304 431 386 495 aliud
401 433 496 512 Regis
518 432 619 512 robur,
642 431 724 511 quod
748 437 895 511 oporteat
916 432 964 492 sio
985 450 1064 513 esse,

136 519 209 598 quia
229 517 313 577 alara
334 523 406 576 sunt
419 513 553 598 (inquit)
569 515 663 575 verba
685 514 796 575 Christi
819 514 968 575 dicentis:
997 515 1066 576 Hoa

136 607 184 661 est
205 619 317 680 eorpus
345 618 456 679 meum,
479 616 541 659 non
564 598 651 658 dieit:
681 597 757 657 Cum
779 599 850 676 hoe,
873 600 982 658 autin
1005 598 1065 659 hoo

141 690 188 744 est
210 701 321 762 eorpus
344 700 456 742 meum.

218 765 276 824 Hie
296 766 405 825 iterum
439 783 501 823 non
542 772 603 822 tarn
633 763 802 844 lethargum
826 763 936 843 Regis,
972 783 1063 843 quam

136 850 301 928 nequitiam
335 866 457 907 aoouso.
501 845 551 906 Sia
579 848 658 906 enirn
683 847 844 906 detrunoat
864 847 944 906 latro
971 847 1065 908 verba

136 931 257 1006 Christi,
280 939 310 990 st
333 949 432 989 meum
456 937 667 1008 argumentum
690 930 833 1009 regaliter
856 929 1005 1007 transilit,
1028 949 1066 990 ao

136 1017 161 1075 si
182 1016 229 1073 ius
252 1012 378 1073 haberet
401 1012 493 1071 verba
516 1012 572 1071 Dei
594 1032 702 1092 rapere
725 1019 755 1072 et
775 1022 893 1092 ponere
915 1031 973 1092 pro
997 1012 1063 1079 libi·

136 1098 216 1159 dine.
260 1096 329 1174 lpse
359 1097 445 1155 iuxta
477 1094 669 1154 rudissimam
702 1102 733 1155 et
765 1096 916 1154 asininam
939 1095 1064 1157 Thorni-

135 1189 249 1239 starum
272 1177 499 1258 philosophiam
522 1186 608 1258 aptat
632 1196 802 1258 pronomen
824 1178 893 1237 Hoo
915 1177 954 1238 ad
977 1198 1064 1258 prae

137 1262 269 1322 dinatum
293 1261 412 1340 Corpus
437 1279 553 1334 meum,
586 1260 809 1338 deludamur,
840 1262 927 1347 quasi
948 1262 981 1322 id
1005 1263 1065 1323 svi-

136 1346 237 1424 oisset‚
260 1344 388 1404 elamat:
431 1346 546 1423 Aperta
567 1350 639 1403 sunt
659 1343 768 1404 verba:
791 1343 859 1404 Hoo
880 1351 927 1402 est
951 1363 1063 1426 eorpus

137 1447 247 1489 meum.
291 1426 351 1487 Sed
375 1428 494 1486 interim
531 1433 626 1486 totum
651 1426 788 1506 pondus,
822 1445 883 1506 quo
913 1427 1063 1489 larvalem

135 1509 218 1570 illam
242 1509 469 1589 philosophiam
493 1511 654 1588 urgebam,
677 1518 760 1569 tanet
781 1508 928 1570 subdolus
953 1511 1065 1591 Sophi-

136 1599 193 1654 sta.
235 1592 303 1652 Hoo
325 1594 405 1652 enirn
430 1598 494 1652 tota
516 1592 723 1671 disputatione
747 1594 806 1671 egi,
828 1612 867 1652 ne
891 1612 1063 1672 pronomen

137 1676 203 1736 Hoo
235 1675 272 1734 ad
298 1693 408 1755 eorpus
433 1694 532 1734 meum
555 1676 652 1755 aptari
675 1676 774 1755 possit
794 1676 824 1735 in
848 1676 984 1739 eolooo.
1009 1678 1065 1737 Ne·

136 1778 195 1838 que
218 1759 297 1818 enim
335 1777 412 1837 opus
449 1758 520 1817 mihi
543 1765 608 1817 eret
637 1766 698 1818 tarn
722 1759 832 1818 crassis
853 1758 980 1840 porois,
1014 1760 1063 1839 qui

137 1842 209 1903 mihi
232 1842 383 1916 diserent,
413 1840 486 1900 nihil
509 1860 578 1900 esse
600 1842 658 1900 nisi
680 1859 790 1921 eorpus
812 1841 868 1920 ibi,
903 1843 929 1902 si
953 1862 1062 1923 prono-

137 1945 205 1985 men
228 1925 296 1985 Hoo
317 1943 378 1984 non
402 1925 458 1982 nisi
483 1942 595 2002 eorpus
618 1924 851 1986 demonstraret.

210 2006 280 2070 'Sed
306 2008 518 2066 vitiosissimus
542 2007 655 2087 petitor
681 2008 836 2087 principii,
869 2013 904 2066 ut
926 2015 976 2068 est
998 2026 1063 2068 mos

136 2092 270 2152 omniurn
294 2089 522 2168 Sophisturum,
557 2089 689 2151 debebat
728 2089 857 2170 primum
888 2091 1062 2167 ostendere,

135 2192 305 2254 pronomen
329 2172 395 2231 Hoc
435 2173 472 2230 ed
507 2172 714 2250 praedicatum
749 2175 900 2252 pertinere
924 2180 956 2232 et
981 2193 1061 2235 meas

135 2258 269 2317 rationes
294 2255 418 2315 diluere.
462 2255 576 2315 Horum
601 2258 675 2317 nihil
708 2257 780 2316 faeit
810 2264 840 2314 et
875 2259 974 2335 garrit
995 2258 1061 2317 ridi·

136 2340 212 2416 cule,
236 2338 387 2398 Christum
411 2357 473 2397 nou
498 2338 629 2399 dixisse:
672 2339 704 2399 ln
728 2340 802 2419 hoo,
826 2339 873 2397 vel
898 2359 969 2399 euru
993 2341 1060 2416 hoe,

135 2422 204 2484 sed:
247 2421 315 2481 Hoe
344 2427 391 2479 est
418 2441 530 2500 eorpus
564 2442 672 2486 meum,
716 2422 828 2481 Nonne
856 2428 887 2480 et
918 2441 980 2500 ego
1004 2425 1060 2483 ista

134 2505 333 2567 subtilissima
354 2503 521 2563 subtilitate
542 2505 767 2565 'shomistarum
792 2523 915 2583 possem
939 2505 1059 2566 dicere:

135 2588 272 2648 Christus
295 2607 356 2646 uon
381 2587 473 2646 dixit:
498 2587 588 2647 Panis
612 2588 917 2647 transsubstantiatur
939 2589 971 2647 iu
997 2607 1060 2648 aor-

134 2692 200 2751 pus,
225 2681 257 2730 ut
280 2690 334 2730 vos
358 2670 527 2729 fabularum
553 2672 688 2750 Magistri
710 2670 846 2749 lingitis?

217 2752 276 2814 Sed
301 2753 349 2812 hia
383 2753 479 2811 luerat
503 2754 578 2832 Regi
612 2754 828 2829 laborandum,
860 2752 911 2812 ubi
935 2773 976 2812 ex
1008 2752 1059 2812 lilo

134 2839 284 2897 sermonis
308 2835 430 2895 ostendi
463 2856 632 2915 pronomen
656 2837 723 2896 Hoo
752 2835 791 2895 ad
824 2855 935 2915 panem
962 2838 1058 2916 aptari

134 2925 165 2979 et
186 2919 231 2978 sio
251 2937 362 2978 sonere
383 2919 526 2997 apertel)
551 2919 656 2979 verba:
678 2919 746 2979 Hos
759 2927 804 2978 est
816 2937 927 2996 eorpus
946 2938 1057 2997 meum,

133 3002 251 3082 idest,
285 3002 340 3059 hie
358 3004 445 3080 panis
479 3010 526 3062 est
559 3021 670 3082 eorpus
700 3021 810 3064 meum.
854 3001 932 3060 Nam
959 3009 1059 3062 textus

133 3087 178 3143 sio
199 3085 307 3145 habet:
329 3083 460 3163 Accepit
482 3105 603 3165 panem,
625 3084 790 3159 benedixit,
813 3083 903 3163 fregit
916 3091 947 3143 et
970 3084 1058 3144 dixit:

132 3166 200 3226 Hoo
222 3174 269 3226 est
306 3185 416 3245 eorpus
450 3187 550 3228 meum
575 3175 632 3230 ete.
678 3167 770 3228 Vides
800 3166 865 3245 hio,
900 3175 933 3226 ut
956 3168 1060 3227 omnia

132 3248 186 3310 illa
209 3249 312 3325 verba,
335 3251 464 3329 aceepit,
488 3250 654 3328 benedixit,
676 3251 777 3330 fregit,
802 3248 933 3328 depane
957 3249 1059 3310 diean-

76 3382 78 3387 .
133 3341 188 3392 tur.
234 3331 272 3390 Et
294 3331 424 3392 eundem
447 3332 637 3393 demonstrat
673 3351 842 3412 pronomen
870 3332 958 3410 Hoo,
990 3336 1059 3411 quia

131 3414 205 3474 illud
228 3417 337 3494 ipsum,
362 3416 442 3494 quod
458 3419 586 3495 aoeepit,
611 3416 776 3489 benedixit,
799 3414 898 3496 fregit,
922 3416 985 3475 hoo
1000 3418 1058 3492 lin·

132 3500 240 3575 quarn)
265 3507 423 3576 aooeptum
449 3508 480 3558 et
503 3500 694 3559 benedictum
713 3508 743 3558 et
765 3498 1057 3578 fruetumsignifloa·

131 3590 188 3660 tur,
211 3598 279 3639 oum
304 3579 426 3644 dieitur:
449 3582 516 3642 Hoa
540 3587 586 3644 est
608 3601 718 3662 eorpus
745 3600 864 3661 meum,
887 3600 952 3642 non
975 3601 1058 3662 pras

207 3762 236 3834 (1
254 3759 288 3818 lu
305 3760 350 3819 ed.
367 3761 437 3818 leur.
455 3768 560 3832 aperta.
