2392 4170
131 262 195 334 412
337 266 441 327 Contra
458 266 604 326 Horridum
624 281 717 339 regam
735 264 858 340 Augilas

97 454 99 459 ·
216 432 272 495 llic
294 432 366 495 mihi
395 433 456 495 iam
489 451 551 496 uon
573 452 641 496 cum
663 433 783 497 inscitia
803 425 1053 506 etebebetadine,

133 515 187 577 sed
221 536 288 578 cum
323 517 477 579 obstinata
514 524 545 579 et
575 517 742 599 impudenti
770 515 908 598 nequitia
929 511 1053 575 Haurici

133 599 295 680 agendum.
338 601 407 662 Non
429 602 479 663 bic
496 603 639 663 mentitur
661 602 768 682 modo,
786 602 865 661 siout
885 615 994 659 scurra
1014 595 1054 655 le·

133 685 292 764 vissimus,
320 684 426 745 sedin
449 684 540 746 rebus
563 685 609 745 bis
631 687 716 746 seriis
740 703 821 747 uano
842 680 952 758 audet,
974 697 1055 741 nano

133 766 224 847 fugit,
243 787 324 828 nuuc
345 768 481 846 simulat,
521 788 603 830 uano
624 768 786 850 depravat,
820 785 903 828 nunc
925 767 1054 844 torquet,

134 869 258 936 prorsus
280 852 384 912 omnia
407 870 462 931 pro
485 871 569 913 mera
591 852 715 915 libidine
737 851 811 913 dicit
837 856 868 912 et
895 854 994 928 tacet,
1025 853 1054 906 nt

134 934 351 1013 nequissimum
375 935 570 1017 nebulonem,
593 937 619 996 si
633 956 694 998 non
709 941 841 1017 superni,
862 937 949 996 certe
972 950 1053 1012 egre·

133 1017 183 1097 gie
206 1024 317 1097 aequet
328 1017 364 1099 ¹).
407 1019 490 1100 Lege
513 1039 613 1083 meum
646 1020 780 1082 libellum
813 1018 853 1104 de
875 1016 1054 1097 captivitate

135 1099 332 1182 Babylonica,
355 1105 511 1165 carissime
533 1104 645 1181 lector,
658 1113 698 1166 et
719 1123 793 1166 vera
816 1120 866 1163 me
888 1099 995 1162 dicere
1017 1098 1055 1157 vi·

134 1183 230 1262 debis,
253 1186 406 1247 robustius
443 1188 523 1249 enim
546 1190 667 1268 scripsi,
700 1207 790 1268 qaam
819 1204 901 1247 nunc
922 1181 1054 1247 scribere

134 1270 265 1347 possim,
300 1270 381 1350 quod
416 1271 596 1333 virulentum
625 1279 654 1332 et
676 1290 808 1352 nequam
829 1269 914 1329 hunc
934 1266 1054 1328 Thami-

134 1358 211 1413 stam
235 1355 368 1416 sensisse
390 1355 451 1417 boc
473 1362 683 1435 argumentum
706 1363 763 1435 est,
784 1350 867 1433 quod
880 1370 968 1412 meas
981 1350 1053 1430 opti·

134 1455 200 1496 mas
222 1444 253 1498 et
274 1439 502 1519 potentissimas
526 1452 588 1500 tum
611 1438 797 1520 Scripturas,
817 1442 899 1503 ,tum
922 1435 1054 1496 rationes

134 1521 257 1601 reliquit
277 1524 416 1594 intactas,
438 1524 557 1584 interim
571 1542 627 1584 suo
644 1522 846 1584 insulsissimo
868 1517 978 1580 libello
991 1518 1054 1598 pios

134 1604 266 1666 lectores
289 1612 508 1688 occupaturus,
531 1626 570 1668 aa
594 1625 694 1668 meum
719 1604 853 1667 libellam
885 1602 998 1683 legant
1027 1606 1053 1660 et

133 1706 205 1748 suas
227 1691 379 1769 nequitias
396 1689 634 1771 deprehendant.

217 1773 374 1834 Confiteor
395 1773 497 1854 plane,
520 1793 569 1835 me
590 1773 685 1842 faisse
706 1772 843 1836 aoauibil
857 1775 1054 1845 commotum,

134 1855 204 1916 dum
226 1857 347 1918 collatis
367 1877 437 1920 mco
461 1865 492 1920 et
512 1858 593 1919 illius
609 1857 719 1920 libellis
742 1853 944 1937 deprehendi,
967 1872 1053 1934 quam

134 1942 271 2020 nequiter
294 1943 446 2004 transierit
466 1941 579 2004 robora
601 1962 670 2003 mea
691 1948 818 2002 ettanta
840 1939 942 2000 bucca
965 1939 1054 1999 iacta·

134 2032 179 2082 ret
212 2026 415 2085 assertionem
445 2024 712 2087 &aeramentorum
746 2030 854 2085 contra
882 2021 1054 2082 Lutherum.

135 2105 259 2166 Scilicet
280 2107 340 2167 hoc
362 2109 694 2189 regnumpapisticum,
715 2129 733 2169 a
756 2106 924 2167 mendaciis
943 2111 1054 2178 natam,

135 2189 207 2248 nibil
232 2197 333 2269 potest
355 2211 428 2270 prae
449 2193 574 2271 ingenio
598 2211 664 2271 suo,
687 2193 745 2251 nisi
758 2195 909 2272 perpetuo
927 2188 1054 2261 mentiri,

133 2271 249 2351 fallere,
272 2275 430 2356 simulare,
452 2276 595 2351 illudere,
618 2295 710 2356 super
732 2276 840 2335 aristas
862 2272 1010 2332 incedere
1030 2272 1057 2329 et

133 2355 163 2412 iu
187 2355 233 2416 his
256 2358 397 2419 omnibus
419 2358 544 2440 gloriari
568 2365 599 2420 el
620 2358 788 2438 triumphos
810 2358 935 2417 iactare.

218 2439 278 2501 Sed
301 2461 368 2522 age,
392 2443 563 2503 revelemus
586 2442 765 2503 sceleratam
788 2440 867 2500 hano
891 2444 923 2499 et
944 2437 1055 2517 regiam

135 2525 301 2603 nequitiam
341 2527 370 2586 in
395 2529 492 2607 prima
513 2525 689 2607 tyrannide,
727 2524 860 2598 scilicet,
890 2533 1056 2601 unaparts

135 2605 334 2672 Sacramenta
377 2609 445 2690 Ego
469 2610 596 2670 alteram
620 2614 736 2689 partem
766 2626 834 2666 esse
856 2607 953 2685 impie
976 2603 1055 2665 Chri·

135 2692 237 2751 stiano
262 2693 377 2772 populo
401 2693 533 2754 ablatam
568 2701 685 2773 septem
709 2689 896 2770 argumentis
920 2685 1056 2767 probavi,

136 2791 215 2850 quae
236 2784 267 2834 et
289 2782 361 2835 tanc
394 2796 442 2837 me
464 2776 643 2855 vincebant,
672 2792 754 2834 nnnc
776 2780 877 2832 autem
902 2778 934 2830 et
957 2771 1057 2830 trium·

133 2855 240 2936 pirent,
262 2868 428 2940 postquam
453 2868 587 2921 assertor
605 2860 796 2939 Papistaram
819 2855 1057 2935 gloriosissimus

134 2941 221 3018 regia
248 2942 425 3003 fortitudine
446 2944 500 3004 illa
521 2945 631 3004 transit
651 2943 775 3002 intacta.

218 3026 350 3085 Primum
388 3035 452 3086 erat
480 3027 627 3088 autoritas
650 3022 916 3100 Evangelistarum
941 3038 1056 3080 narrau

136 3109 208 3168 tium
232 3111 384 3170 constanti
420 3117 449 3170 ct
471 3129 532 3170 uno
555 3128 698 3169 sermono
720 3106 871 3167 Christum
895 3104 1057 3164 instituisse

135 3193 295 3271 atramque
318 3194 451 3272 speciem
497 3194 544 3270 iis,
577 3194 628 3271 qui
665 3189 841 3250 memoriam
876 3188 923 3246 sui
961 3189 1058 3248 essent

134 3274 260 3349 facturi,
290 3282 321 3335 et
343 3277 499 3356 signanter
520 3275 557 3335 ad
582 3275 708 3335 calicem
731 3271 856 3332 adiecit:
902 3269 1004 3330 Bibita
1024 3287 1058 3327 sx

136 3376 174 3416 eo
198 3376 314 3419 omnes.
360 3358 406 3418 Ad
446 3359 508 3421 hoo
529 3357 603 3418 nibil
626 3356 698 3416 dicit
721 3356 802 3432 Rex,
838 3353 987 3414 defensor
1018 3369 1058 3412 ec·

136 3439 260 3501 clasiae.

181 3540 186 3548 ·
218 3524 392 3584 Secundum
422 3532 503 3603 erat,
536 3526 560 3582 si
595 3523 671 3583 solis
707 3518 895 3600 presbyteris
929 3518 1059 3578 dedisset

136 3606 273 3667 Christus
294 3609 324 3667 in
349 3627 448 3669 coena
469 3606 717 3685 Sacramentum,
757 3621 819 3663 non
854 3601 948 3668 licere
972 3600 1058 3667 ullam

497 3727 555 3734 ..μ-

208 3793 241 3863 1)
261 3790 294 3850 ln
313 3789 360 3866 ed,
377 3789 463 3884 origo.
479 3793 592 3878 aequat..
