2392 4170
140 238 205 313 464
450 246 590 303 Adrianus
607 246 686 318 Papa
704 243 744 304 VI

139 422 232 503 tiliae,
255 440 346 502 quam
358 427 401 501 ut,
423 420 573 482 libertatis
595 421 719 481 nomine
735 419 914 482 obedientia
926 421 1062 483 amnium

141 505 263 568 eublala
310 505 382 585 quid
405 505 516 584 auique
545 503 665 565 libuerit
686 503 818 565 leniendi
841 503 999 566 licentiam
1020 506 1065 566 in·

142 553 278 661 duaanli
309 590 357 649 An
381 587 471 649 ulline
495 590 581 667 penei
603 589 687 648 iueea
708 593 740 648 at
762 586 847 667 legee
868 596 989 650 vestrae
1008 587 1063 649 lra-

141 672 258 734 bitume
279 669 414 748 eraditis,
436 673 487 751 qui
510 689 615 733 aaarae
637 670 781 731 Oanonee
804 676 836 732 et
857 670 981 733 Petrum
1007 670 1062 733 De·

141 764 303 817 oretanae
335 773 396 815 aaa
420 760 620 815 aaaraeauata
643 753 798 833 eoncilia,
820 771 952 834 quarum
977 761 1064 816 auta-

139 840 219 900 ritati
243 838 463 919 Imperatorum
492 837 576 918 legee
605 856 727 916 semper
754 847 785 897 et
808 838 937 898 libenter
960 842 1064 899 'aeaea-

140 929 210 983 runt
238 929 269 982 et
289 929 432 1002 prompte
453 920 618 982 famulatae
648 930 734 1000 eunt,
768 939 831 982 nan
865 921 967 982 ealum
998 922 1062 982 vili·

163 1004 288 1083 endunt,
310 1004 364 1065 eed
387 1005 480 1065 eliam
503 1003 656 1066 diabaliaa
674 1004 758 1067 rabie
774 1003 911 1067 lacerare
933 1013 966 1065 et
981 1024 1064 1066 aam-

141 1026 249 1151 Kurere
282 1107 343 1149 nau
380 1087 542 1148 vereatur?
585 1085 718 1167 denique
750 1089 802 1166 qui
839 1087 1063 1167 eaoerdatibue,

141 1177 192 1253 qui
215 1171 396 1251 Epieaapie‚
431 1171 482 1250 qui
506 1168 648 1232 Panlillai
672 1189 801 1231 ¹eumma
826 1170 962 1232 debitam
989 1171 1062 1233 abe·

138 1256 284 1317 dientiam
306 1253 498 1315 detrectant?

223 1338 271 1398 An
305 1340 434 1419 eperatie
472 1345 672 1399 eontenturae
710 1338 877 1418 sacrilegae
912 1358 1063 1401 nianuea

140 1422 300 1483 Laiearum
324 1422 412 1482 banis
435 1428 465 1481 et
487 1439 547 1481 nan
572 1422 790 1501 amniapatiua
812 1420 880 1492 eibi,
903 1441 986 1502 quae
1008 1443 1061 1504 pa-

141 1510 256 1583 terunt,
278 1505 511 1582 vendiaalarae,
540 1505 590 1584 qui
613 1521 661 1564 ree
685 1504 751 1585 Dea
774 1505 890 1565 dicatae
923 1508 1061 1585 quotidie

139 1589 227 1651 vnbie
250 1588 461 1668 pmeeentibue
493 1588 593 1664 ierunt
624 1587 803 1668 aguntque?
846 1592 895 1649 An
924 1590 1059 1670 denique

141 1673 249 1733 reetrie
272 1669 443 1734 eerviaibue
475 1671 663 1751 paraturae,
694 1672 845 1750 quinon
886 1675 1060 1753 tangendae

139 1755 269 1816 ahrietae
298 1754 422 1816 Domini
454 1761 682 1832 aanlemerare,
724 1753 870 1831 medere,
908 1756 1060 1818 truaidare

139 1840 206 1900 auei
227 1837 319 1899 eunt?
362 1835 397 1899 Iu
422 1856 494 1915 vae,
516 1839 549 1898 in
570 1843 688 1898 restrae
709 1856 769 1915 ree,
791 1837 911 1914 domae,
935 1858 1059 1917 uxorea,

116 1921 252 2000 librae,
280 1921 428 1999 ditinum,
460 1919 652 1996 dominatus,
685 1921 816 2001 templa,
845 1940 927 2001 quae
949 1924 1059 2001 aalide,

138 2005 216 2067 haee
238 2004 411 2067 miseranda
438 2003 598 2084 aelamitae
628 2004 741 2082 tendit,
779 2005 836 2065 niei
864 2012 987 2068 mature
1009 2008 1059 2069 al)-

138 2091 219 2151 viam
244 2090 330 2153 eatie.

221 2172 352 2233 Proinde
375 2171 607 2246 Fraternitatee‚
639 2169 825 2234 Nobilitatea
859 2179 892 2232 et
913 2172 1058 2235 Devatia·

138 2276 193 2317 nee
216 2263 332 2317 veetrae
356 2256 490 2317 amnium
513 2265 543 2315 et
564 2254 753 2335 singularum
776 2257 806 2315 in
830 2256 966 2318 Domina
989 2259 1058 2319 har·

139 2348 238 2401 tamur
259 2346 290 2400 et
318 2359 373 2420 per
395 2339 598 2400 Christianam
632 2340 788 2399 caritatem
812 2347 843 2398 et
865 2338 1057 2420 religionem,

138 2442 229 2503 quam
263 2430 324 2483 tam
356 2441 449 2502 eaepe
472 2423 602 2483 Maiaree
631 2423 723 2482 veetri
761 2441 816 2482 aua
845 2425 998 2503 sanguine
1029 2437 1058 2485 et

138 2508 225 2569 tutati
247 2514 319 2567 sunt
340 2513 371 2566 et
392 2511 558 2582 auxerunt,
582 2506 798 2585 abaearamue,
828 2515 920 2584 atque
943 2508 976 2568 in
999 2511 1057 2569 vir·

138 2599 202 2652 tute
223 2598 349 2650 sanetae
383 2588 593 2665 obedientiae,
630 2607 721 2668 quam
751 2593 816 2651 Dea
845 2600 875 2649 et
909 2590 943 2652 B.
967 2591 1056 2651 Petra

137 2677 264 2753 eiusque
299 2675 412 2734 viaaria
436 2691 544 2734 amnee
567 2672 731 2734 Chrietiani
754 2672 881 2749 debent,
916 2692 935 2733 a
971 2675 1056 2736 vebia

137 2760 327 2838 requirimus,
349 2764 382 2817 ut
404 2755 562 2837 depositis,
582 2757 606 2815 ei
630 2775 709 2836 quae
731 2760 803 2818 eunt
824 2757 904 2817 inter
924 2776 999 2838 vae,
1020 2760 1056 2818 ei·

137 2840 313 2902 multatibus
335 2840 373 2900 ad
396 2841 456 2901 hae
482 2858 645 2900 commune
659 2838 835 2901 ineendium
857 2841 1055 2923 exstinguen-

137 2925 208 2985 dum
231 2943 313 2985 nune
335 2922 444 2984 ealtem
458 2928 524 2986 tata
537 2923 640 2984 anima
652 2923 834 2984 incumbalie
847 2932 878 2984 et
893 2924 1055 2986 Martinam

134 3008 298 3069 Lutherum
322 3015 504 3086 aeterneque
525 3007 652 3067 istarum
665 3007 848 3067 tumultuum
864 3016 894 3066 et
916 3027 1054 3070 errorum

135 3098 259 3153 autaree
281 3091 320 3152 ad
342 3096 457 3151 reatam
480 3090 631 3150 sentiendi
653 3098 685 3151 et
706 3090 827 3151 vivendi
851 3091 931 3151 viam
955 3091 1054 3171 (quod

136 3175 224 3236 nabie
246 3176 451 3256 gratissimum
470 3181 501 3234 et
515 3173 768 3234 iucundissimum
788 3180 886 3249 eeeet)
913 3175 1055 3236 amnibue

135 3261 248 3318 sanatis
271 3258 370 3320 madia
393 3257 539 3318 redueere
560 3258 727 3321 enitamini.

218 3341 306 3416 Quod
335 3343 376 3419 ei,
410 3340 492 3421 quad
525 3347 644 3401 avertet
672 3341 770 3420 Deua,
804 3341 898 3400 veluti
931 3341 1055 3422 aepidee

135 3421 285 3485 obturatis
308 3425 430 3485 auribus
453 3423 559 3484 audire
581 3426 800 3503 remeaverint,
822 3443 860 3483 ne
882 3424 966 3503 quad
989 3425 1055 3487 reli·

134 3527 226 3587 quum
247 3515 277 3568 et
299 3526 380 3568 nune
408 3523 517 3569 eanum
540 3514 662 3568 aanetat
688 3526 756 3569 aum
791 3526 904 3588 magna
927 3516 958 3568 et
979 3511 1055 3570 eine·

133 3591 202 3651 dem
226 3591 358 3652 nationis
382 3598 502 3652 vestrae
525 3590 647 3651 maeula
669 3600 700 3653 et
723 3592 816 3652 latine
833 3591 952 3673 reipub.
972 3591 1054 3654 Olari-

132 3676 251 3735 stianae
274 3675 436 3735 manileeta
458 3675 594 3756 perieula
621 3674 792 3754 inflaiatur,
826 3676 856 3734 in
889 3693 946 3736 eae
969 3676 1056 3737 iuxta

131 3777 235 3821 aaarae
257 3759 512 3838 aaaetitutianea‚·
529 3761 615 3821 iuxta
637 3759 721 3841 legee
750 3779 768 3821 a
791 3760 978 3821 veetratibue
999 3759 1054 3822 lm·
