2392 4170
132 245 196 312 352
362 247 520 318 mssa
539 245 669 304 nuru
688 246 844 302 unum

135 401 207 481 quid
235 409 322 462 satan
352 420 518 482 suggerere
552 406 653 483 potuit
681 405 899 484 papistiearum
934 403 1057 480 artium

79 534 84 545 .
135 483 331 545 abuteretur?
353 487 513 565 appellans
524 486 645 546 iuterim
660 488 788 548 dilectos
803 486 1058 563 titiosecetense,

135 567 229 648 digna
245 569 363 628 scilicet
384 569 526 628 mercede
548 571 668 650 accepti
689 572 825 650 impepii,
846 586 909 649 qno
930 577 1059 630 satanae

135 653 250 711 servire
271 654 473 724 suntccacti.
517 651 680 712 [litamen
708 655 739 712 in
770 654 807 712 iis
834 653 978 712 omuibus
998 654 1059 734 sig·

135 735 182 794 nia
211 745 242 794 et
268 736 416 814 prodigiis
443 736 617 815 praevaluit
643 744 733 796 satan
760 739 790 794 in
818 745 935 795 tautam
956 735 1058 796 cletus

134 819 345 895 securitatem,
378 829 411 877 nt
431 820 506 877 uiuit
527 819 588 878 iam
615 819 715 878 libere
736 820 851 898 possit,
881 819 965 898 quod
994 837 1060 880 non

135 901 248 963 audeat
268 903 407 979 exsequi,
429 908 461 961 et
482 905 660 981 exsequitur
682 896 825 978 feliciter,
852 919 954 980 neque
976 905 1060 962 euim

134 983 213 1044 haec
234 987 394 1064 potuisset,
415 985 472 1044 uisi
493 988 613 1065 uragnis
635 986 867 1064 operationibus
878 994 910 1044 et
932 985 1061 1046 miracu·

135 1068 171 1126 lis
205 1079 332 1127 satanae
362 1067 482 1126 adiutus
518 1069 633 1128 luisset.
675 1069 715 1126 At
745 1067 817 1146 quid
849 1068 896 1127 liis
917 1068 1062 1129 omuibus

136 1148 332 1229 quaesitum?
359 1149 504 1230 Nunquid
530 1152 629 1231 gloria
650 1150 782 1210 Christi?
811 1150 953 1230 Nunquid
975 1151 1062 1223 salus

136 1233 326 1294 animarum?
348 1233 492 1313 Nunquid
511 1234 713 1314 Evangeliurn
729 1239 760 1294 et
780 1233 880 1293 tides?
901 1233 984 1314 Non,
1005 1233 1061 1294 sed

136 1319 222 1377 solae
250 1319 346 1377 iacies
373 1328 404 1376 et
431 1320 675 1397 propositiones,
703 1319 771 1378 sola
798 1318 939 1381 ecclesia,
958 1334 1062 1378 sacro

136 1409 244 1460 sancta
264 1400 422 1479 Romana,
451 1401 605 1479 sedesque
624 1402 814 1481 apostolica,
843 1403 1063 1480 patrimonium

136 1483 289 1560 crucifixi,
324 1485 406 1543 bona
433 1486 531 1543 sancti
561 1485 657 1563 Petri,
690 1488 818 1543 istorum
849 1485 998 1544 bellorum
1032 1493 1064 1543 et

136 1585 236 1625 rerum
260 1569 388 1626 materia
408 1565 494 1626 fuere
514 1578 546 1626 et
571 1576 652 1628 sunt.
694 1567 756 1626 lata
784 1568 874 1645 signa
901 1574 932 1626 et
961 1567 1064 1647 prodi·

137 1653 187 1730 gia
199 1650 372 1731 palpamus,
395 1662 425 1709 et
447 1658 550 1710 tamen
572 1659 721 1730 operante
737 1658 847 1710 satana
870 1650 1064 1710 mendesium

137 1751 243 1794 corum
267 1752 328 1792 non
353 1732 507 1808 videmus,
535 1736 578 1793 ita
607 1736 852 1812 praestringente
879 1734 987 1793 oeulos
1008 1750 1064 1793 uo·

136 1827 217 1875 atros
228 1815 408 1875 antichristo
424 1818 538 1877 sanctis
557 1817 730 1876 nominibus
743 1817 809 1893 Dei,
832 1816 954 1891 Christi,
971 1816 1065 1894 Petri,

138 1900 288 1959 ecclesiae
315 1910 347 1958 et
366 1900 526 1976 similium,
554 1901 664 1978 quibus
687 1901 877 1960 conscientia
900 1898 1062 1975 inerudita,

138 1984 200 2043 imo
222 1993 254 2042 et
278 1983 397 2041 erudita
419 1988 550 2061 (nempe
567 1985 753 2061 electorum)
777 1986 869 2041 etiam
892 1984 1022 2061 capitur.

221 2063 297 2140 Quis
322 2083 396 2124 vero
417 2075 575 2125 enumeret
602 2065 743 2146 prodigia
773 2067 826 2126 illa
856 2065 894 2125 de
916 2067 990 2125 eolis
1012 2065 1064 2127 dc·

138 2144 259 2224 iunctis,
282 2151 363 2208 bone
377 2148 471 2226 Deus,
493 2160 638 2227 quantum
662 2149 712 2208 hic
728 2167 812 2207 mare
834 2148 1063 2208 mendaciorum

139 2232 178 2292 de
199 2233 456 2311 apparitionibus,
479 2232 737 2312 adiurationibus,
765 2233 983 2312 responsisque
1004 2233 1064 2312 api·

138 2316 250 2374 situum
272 2315 454 2376 inundavit?
476 2313 594 2390 Quibus
605 2317 718 2376 factum
741 2324 798 2392 est,
820 2322 854 2374 ut
874 2316 1063 2395 papaetiam

139 2410 328 2458 mortuorum
351 2418 406 2457 rex
428 2400 526 2458 iactus
540 2401 589 2473 sit,
611 2410 642 2459 et
663 2401 692 2458 in
716 2400 895 2480 purgatorio
918 2403 978 2458 iarn
996 2417 1063 2479 reg-

140 2491 208 2561 net,
237 2500 350 2560 magno
372 2482 613 2541 sacrificulorum
642 2482 858 2558 incommodo,
891 2482 917 2541 si
945 2489 1064 2562 pergat,

140 2567 190 2644 qui
212 2584 230 2623 a
252 2569 427 2646 purgatorio
452 2584 575 2625 omnem
599 2568 727 2641 victum,
751 2584 858 2626 omnes
881 2584 973 2644 opes,
998 2584 1063 2624 om·

140 2668 209 2709 nem
232 2650 313 2708 illam
337 2668 437 2708 rerum
459 2667 606 2729 pompam
637 2649 764 2726 habent,
795 2650 893 2708 minus
922 2647 1064 2724 habituri,

140 2732 278 2792 silidam
301 2733 467 2792 viventium
490 2751 589 2811 aeque
611 2731 773 2809 docerent,
805 2742 896 2810 atque
924 2731 1064 2811 proposi-

140 2817 240 2875 tiones
278 2814 500 2876 del'unctorum.
553 2815 619 2874 Nec
654 2823 701 2893 est
732 2828 883 2895 repertum
917 2816 954 2873 ab
977 2815 1063 2874 initio

141 2900 244 2959 mundi
267 2903 424 2978 negotium
446 2901 660 2979 quaestuosius
681 2906 710 2958 et
734 2901 859 2958 minoris
881 2915 1005 2977 operae,
1028 2898 1066 2956 si·

141 2985 263 3062 quidem
285 2984 345 3042 hoo
366 2985 490 3063 ingenio
522 2982 583 3041 huc
608 2984 763 3042 derivatae
792 2989 863 3041 sunt
883 3001 938 3061 per
958 2980 1065 3041 lunda·

140 3072 222 3126 tores
245 3067 444 3126 ecclesiarum
467 3069 602 3126 omnium
626 3066 720 3126 ferme
742 3067 912 3146 principum
940 3072 972 3123 et
993 3065 1066 3124 divi·

140 3157 204 3208 tum
228 3167 303 3228 opes
333 3159 364 3208 et
396 3168 451 3230 per
477 3167 553 3230 opes
576 3150 723 3226 deliciae,
754 3159 786 3209 et
814 3152 893 3226 otia,
926 3167 981 3228 per
1002 3148 1066 3208 otia

141 3240 243 3291 sutem
282 3232 421 3313 Babylon
451 3234 520 3313 ipse
551 3242 581 3294 et
613 3232 760 3293 Sodoma.
813 3232 945 3293 Odiebst
983 3232 1064 3291 enim

142 3324 267 3376 satanas
296 3329 522 3377 sacramentum
545 3317 667 3392 altaris,
695 3335 753 3376 neo
775 3316 900 3395 patebat
923 3314 972 3373 via
994 3332 1064 3374 eva·
1104 3316 1107 3329 '

142 3402 253 3458 ouandi
275 3402 350 3462 eius.
392 3400 512 3461 lnveuit
541 3419 631 3480 ergo,
663 3407 695 3458 ut
722 3418 777 3479 pro
808 3399 889 3458 bono
918 3415 1013 3476 opere
1036 3405 1067 3457 et

142 3483 292 3545 sacrificio
314 3483 669 3563 habereturqemeretur,
692 3484 883 3560 venderetur,
903 3479 986 3559 quod
1009 3497 1065 3560 pro

143 3578 336 3629 sacramento
366 3558 503 3628 Christus
537 3567 575 3626 ad
604 3568 695 3627 fidem
727 3567 890 3626 viventium
923 3564 1065 3649 piendam

143 3648 292 3712 duntaxat
312 3653 451 3713 instituit.
494 3651 595 3730 Atque
617 3653 660 3712 ita
681 3649 740 3710 ilde
763 3652 914 3711 exstincta
937 3665 997 3708 non
1021 3647 1064 3706 vi·

144 3737 303 3817 ventibus,
330 3735 386 3796 sed
415 3736 541 3798 mortuis
563 3735 821 3797 accommodatur
850 3731 984 3794 salutare
1005 3729 1067 3792 hoc
