2392 4170
181 265 246 333 242
421 253 622 323 Διίοιιιιιιῦ
643 267 721 322 Erus.
742 269 820 322 Rote.
840 275 891 323 etc.

267 422 336 498 Quo
359 424 457 502 magis
485 423 514 481 in
538 423 595 483 hac
622 443 656 481 re
679 422 835 482 vitandum
865 442 1014 503 praeceps
1037 439 1110 485 cou-

184 505 293 567 silium
699 532 712 542 ·
1147 523 1151 535 ι

267 589 327 648 Res
351 588 391 648 ad
412 590 510 648 maius
534 587 695 689 discrimen
719 596 859 667 spectat,
872 607 961 667 quam
986 542 1109 670 quidam

185 673 371 733 existimant.

234 754 376 814 Butlue
410 755 538 814 saevitia
569 752 683 832 probos
713 732 819 814 omues
850 754 978 813 offendit
966 762 1039 815 tut
1067 756 1111 813 in

188 839 282 919 digna
305 838 465 897 mitissimo
489 835 599 897 Christi
623 835 755 898 Vinario
1079 860 1082 865 ’

268 920 336 996 Quo
370 916 542 999 diligentius
577 928 642 978 erat
673 920 878 979 examinanda
918 941 936 979 a
969 922 1111 1000 personis

112 1042 115 1050 ι
186 1023 246 1065 uon
270 1005 421 1083 suspectis
444 1021 481 1062 ac
503 1020 607 1062 esrum
631 1021 729 1062 rerum
753 1004 867 1081 peritis.
1023 1021 1025 1024 ’

138 1098 142 1106 “
268 1086 355 1146 Duae
378 1085 529 1146 duntaxat
545 1085 764 1144 Universitates
789 1087 1032 1146 condemnarunt
1054 1085 1108 1146 Lu

184 1171 300 1229 therum
324 1189 364 1228 ex
385 1171 639 1242 inminuamus,
662 1179 692 1227 et
681 1169 991 1228 toondemuaruutt
979 1177 1111 1269 tautum,

186 1269 247 1312 nou
271 1253 490 1326 convicerunt
509 1270 566 1310 nec
588 1251 645 1309 hae
669 1253 872 1314 consentiunt.

269 1335 339 1416 lpse
372 1298 491 1395 videtui
524 1333 664 1393 omnihus
698 1336 803 1412 aequis
829 1344 962 1413 aequum
997 1341 1112 1414 petere,

187 1429 255 1478 dum
285 1418 393 1479 offerat
424 1436 457 1476 sc
486 1416 682 1512 disputationi
706 1417 863 1497 publicae,
892 1426 926 1476 et
954 1416 1114 1479 submittat

189 1520 224 1562 se
245 1500 395 1561 iudicibus
418 1518 478 1560 non
503 1501 663 1579 suspectis.

269 1583 327 1658 Qui
351 1583 512 1642 Lutherum
535 1584 694 1662 impetunt
717 1602 752 1642 ea
776 1583 933 1659 inducunt,
957 1584 1114 1681 quaenui

187 1614 235 1727 lae
257 1686 346 1726 aures
367 1667 438 1762 pias
460 1667 570 1728 ferunt

271 1750 312 1809 At
300 1751 383 1828 tqui
406 1749 479 1810 ssoit
467 1757 532 1808 tse
554 1747 684 1807 iudicem
708 1756 761 1808 aut
778 1750 1039 1828 reprehensorem,
1063 1747 1113 1809 de-

188 1833 270 1892 bet
262 1852 328 1912 rpse
351 1851 455 1892 carcre
475 1832 724 1911 reprehensione.

267 1915 415 1975 Lutherus
437 1915 509 1974 nihii
532 1914 640 1989 ambit,
659 1914 730 1974 ideo
755 1917 853 1975 minus
877 1920 1049 1994 suspectus.

272 1999 410 2058 Aliorum
435 1999 590 2077 negotium
616 1999 724 2075 agitur.

272 2080 412 2141 Pontifici
435 2083 518 2159 prior
545 2087 592 2139 eat
614 2081 712 2158 gloria
735 2081 845 2140 Christi
869 2100 959 2159 quum
984 2100 1054 2157 sua,
1083 2088 1115 2140 et

189 2166 304 2224 tucrum
328 2165 515 2240 animarum,
547 2181 648 2241 quarnv
664 2164 755 2223 ullum
779 2162 860 2223 aliud
886 2163 1114 2244 compendium.

273 2247 313 2307 Ut
334 2247 412 2305 haec
435 2247 568 2305 maxime
589 2246 708 2325 agenda
732 2249 802 2325 sint,
826 2254 927 2307 tamen
952 2248 1115 2308 convenie-

189 2330 242 2391 bat
265 2329 325 2390 alio
349 2336 487 2408 tempore
508 2328 582 2389 fieri.

272 2410 389 2491 Urgent
377 2410 514 2472 t'ardua
537 2413 677 2492 negotia
713 2417 743 2471 et
731 2412 868 2473 tCaroli
891 2414 1028 2493 auspicia
1051 2432 1114 2474 uon

190 2494 303 2556 debent
325 2494 499 2555 huiusmodi
524 2495 639 2555 odiosis
662 2496 817 2559 funestari.

272 2578 428 2638 Videtur
421 2599 450 2637 ιι
474 2598 536 2638 reru
561 2577 727 2657 Pontificio,
751 2577 822 2653 utl)
852 2599 899 2638 res
928 2599 982 2658 per
1004 2599 1115 2665 graves

190 2669 221 2722 et
242 2681 304 2723 non
327 2671 487 2742 suspectos
512 2664 591 2723 viros
615 2670 733 2722 maturo
749 2662 877 2722 consilio
901 2672 1115 2741 componatur

189 2745 232 2805 its
254 2746 369 2824 optime
392 2745 568 2806 consuletur
590 2744 745 2805 Pontidois
768 2744 917 2825 dignitati.

273 2827 331 2903 Qui
353 2828 502 2888 hactenus
524 2830 710 2908 scripserunt
733 2836 840 2888 contra
861 2829 1067 2906 Lutherum,
1059 2820 1115 2888 rur·

189 2909 358 2994 probantur
380 2911 471 2973 etiarn
497 2931 515 2972 a
537 2910 705 2992 theologis,
736 2913 786 2990 qni
810 2912 884 2973 alias
908 2911 1040 2993 Luthero
1064 2912 1115 2991 od·

190 3001 359 3054 versantur.
737 3006 739 3010 ·

272 3075 403 3137 Mundus
426 3079 488 3137 sitit
518 3078 680 3136 veritatem
705 3078 932 3158 evangelicam,
968 3087 998 3137 et
1030 3078 1113 3138 fatali

189 3156 322 3239 quodam
347 3159 497 3257 desiderio
523 3158 641 3219 videtur
663 3160 722 3219 huc
743 3161 821 3222 ferri.

272 3242 360 3304 Unde
395 3244 477 3324 quis
494 3239 611 3328 forte²)
648 3240 726 3304 adeo
762 3264 821 3304 non
857 3254 979 3324 oportet
1008 3240 1116 3316 odiose

189 3327 297 3388 resisti.

242 3598 278 3672 1).
295 3599 327 3651 In
346 3554 508 3682 ed3priuca
528 3602 562 3650 et
601 3593 633 3659 1)
656 3595 684 3646 tn
706 3595 746 3647 ed.
766 3596 839 3648 ten:
860 3592 932 3647 undo
952 3595 1032 3651 forts.
