2392 4170
442 251 525 310 Doct
544 251 624 310 biart
642 252 723 310 Lutb.
987 251 1051 322 295

131 424 309 487 etiterum:
342 424 403 501 Qui
424 430 533 486 autem
548 444 605 487 vos
623 425 797 502 maurum,
818 427 954 508 portabit
976 426 1051 490 iudi-

131 509 211 569 cium
236 527 335 586 suum,
357 508 530 590 quicunque
551 510 641 572 inerit
660 510 723 573 ille.
771 510 819 572 Ex
849 510 958 592 quibus
986 530 1051 574 ver·

131 591 179 654 bis
199 591 305 669 habes,
327 591 403 653 nibil
423 592 516 655 licere
538 593 591 655 ulli
613 593 740 675 docere,
768 595 851 674 quod
877 597 919 657 sit
946 595 1051 659 adver-

132 695 184 749 sus
206 675 418 756 evangelicam
441 675 623 739 libertatem.
673 677 720 738 Ea
745 680 827 739 euim
856 678 981 741 libertas
1008 678 1051 740 di·

131 759 195 821 vini
216 759 290 820 iuris
313 765 375 841 est,
403 779 494 840 quam
517 760 600 822 Deus
621 763 740 842 sanxit,
764 781 856 841 quam
877 780 935 823 uec
963 781 1051 824 revo-

132 841 224 926 cabit,
246 862 346 922 neque
368 843 514 905 adversus
537 863 606 907 cam
628 845 795 925 quidquam
818 852 982 925 acceptare
997 862 1053 926 po*

132 932 201 1004 test,
224 944 326 1005 neque
347 927 466 989 homiui
487 929 559 989 iicet
578 948 647 990 eam
670 928 786 989 violare
807 929 870 990 ullo
892 928 942 989 vel
963 929 1053 989 mini-

132 1028 183 1070 mo
213 1012 370 1072 statutulo.
420 1012 477 1073 Eat
503 1018 606 1073 mrtem
642 1033 678 1072 aa
706 1011 831 1080 libertas
858 1031 921 1074 uon
952 1011 1052 1074 sotum

131 1091 185 1178 illa
207 1092 366 1173 praedicta
386 1095 418 1155 in
440 1095 546 1175 spiritu
570 1101 601 1156 et
622 1097 810 1157 conscicntia
828 1114 970 1176 regnans,
992 1113 1071 1175 qua.

134 1176 225 1237 nullis
248 1177 393 1256 operibus
416 1183 469 1239 aut
490 1197 672 1241 accusamur
691 1185 746 1240 aut
766 1178 970 1258 defendimur,
998 1178 1052 1240 sed

132 1261 224 1321 edam
265 1279 316 1340 ca,
356 1281 419 1343 qua
439 1261 588 1327 sublata.
620 1269 690 1325 sunt
719 1264 862 1323 universa
895 1262 1053 1323 homiuum

134 1342 290 1423 mandata,
312 1350 345 1405 et
365 1342 512 1424 quidquid
532 1347 563 1407 in
586 1347 721 1407 externis
738 1346 922 1408 ceremoniis
938 1345 1054 1408 servam

132 1433 246 1508 potest,
268 1435 300 1488 ut
321 1434 393 1489 sunt
414 1447 522 1489 omues
550 1429 627 1509 cibi,
657 1448 766 1491 omnes
794 1436 912 1505 vestes,
945 1442 1054 1491 omncs

133 1528 301 1590 personae,
323 1530 431 1573 omues
453 1517 574 1593 gestus,
597 1513 702 1574 omnia
723 1513 807 1593 loca,
844 1513 947 1574 omnia
968 1530 1054 1592 vasa,

133 1612 242 1656 omncs
265 1594 341 1673 diss,
363 1602 398 1656 ut
420 1612 458 1656 ea
478 1596 570 1657 liceat
592 1595 766 1674 observare,
794 1615 857 1657 non
879 1596 1054 1672 observare,

133 1676 289 1757 quamdiu,
312 1677 373 1756 ubi,
395 1677 567 1758 quomodo,
589 1679 731 1760 quando,
758 1681 880 1760 quoties
907 1679 1056 1760 placuerit

133 1765 257 1822 autres
279 1762 346 1841 ipsa
368 1762 521 1825 obtulerit.
564 1760 604 1825 Et
638 1764 782 1843 omnino,¹
814 1763 960 1842 quidquid
991 1781 1052 1823 uon

131 1850 178 1906 cst
200 1843 334 1906 mandeti
357 1845 467 1924 divini,
500 1846 683 1927 abrogatum
716 1852 747 1908 ct
781 1846 919 1907 libertate
954 1846 1054 1907 doua-

133 1935 196 1988 tum
219 1933 275 1993 cst.

214 2009 296 2073 Dicit
316 2013 397 2075 cuim
420 2012 531 2074 Paulus
552 2011 674 2074 (tolose.
698 2013 733 2075 2:
767 2010 800 2074 si
832 2030 908 2091 ergo
941 2012 1054 2072 mortui

131 2094 206 2156 estis
227 2113 297 2155 cum
320 2095 440 2157 Christo
464 2096 502 2157 ab
525 2094 686 2158 elementis
715 2095 804 2156 huius
832 2094 953 2170 muudi,
980 2090 1055 2173 quid

133 2177 234 2237 adbuc
256 2184 400 2257 tauquam
424 2181 562 2241 viventes
583 2179 698 2241 mundo
726 2178 858 2240 decretis
886 2176 1055 2238 tenemini?

130 2259 181 2323 Ne
202 2261 376 2339 tetigeritis,
404 2280 444 2322 ne
465 2263 679 2341 gustaveritis,
709 2282 748 2323 ne
777 2261 1052 2338 contrectaveritis,

132 2360 212 2421 quae
233 2350 304 2403 suut
326 2344 432 2404 omnia
450 2345 481 2403 in
503 2346 656 2405 interitum
686 2347 755 2425 ipso
783 2365 857 2424 usu,
884 2343 1054 2405 secuudum

131 2431 301 2506 praecepta
324 2431 355 2486 et
376 2424 532 2486 doctrinas
553 2426 727 2502 homiuum,
756 2434 929 2506 quaesunt
963 2427 1055 2503 ratio-

131 2528 202 2570 nem
227 2508 349 2587 quidem
372 2508 518 2569 habentia
539 2510 711 2589 sapientiae
731 2511 761 2569 in
783 2511 1001 2589 superstitious
1024 2515 1056 2570 ct

131 2591 318 2670 humilitate,
341 2598 372 2652 et
393 2611 454 2653 nou
478 2592 516 2653 ad
539 2591 728 2675 parcendum
750 2593 890 2671 corpori,
923 2610 985 2652 nou
1021 2592 1053 2652 iu
1133 2649 1136 2652 ,

131 2677 252 2738 honore
283 2676 389 2755 aliquo
421 2674 461 2735 ed
495 2676 667 2736 satietatem
702 2675 813 2737 carnia.
864 2674 922 2734 Hie
962 2673 1056 2754 pians

136 2758 307 2838 Apostolus
329 2758 483 2838 prohibet,
516 2759 647 2821 decretis
674 2758 833 2820 hominum
862 2757 968 2820 teneri
1017 2756 1057 2816 Et

132 2840 271 2904 Christus
294 2841 401 2903 Mattb.
422 2846 473 2907 15:
502 2843 626 2904 Frustra
647 2847 749 2905 autem
772 2840 878 2902 colunt
907 2859 973 2916 me,
997 2839 1057 2900 do·

133 2931 240 2987 centes
263 2925 461 2987 mandatust
484 2925 640 2988 doctrinas
662 2925 830 2989 hominum.
873 2923 914 2984 m
935 2923 995 2984 Tit.
1021 2926 1053 2986 t:

132 3007 202 3069 Non
242 3008 437 3070 intendentes
469 3009 623 3071 mandatis
654 3009 811 3071 hominum
847 3007 1054 3068 aversantium

132 3092 302 3154 veritatem.
336 3092 422 3153 Haeo
443 3099 528 3155 certa
549 3098 621 3153 sunt
640 3091 785 3152 mandata
802 3091 869 3171 uei,
891 3088 1055 3171 prohiben-

132 3175 175 3236 tie
195 3174 352 3236 doctrinas
367 3176 531 3248 ,hominum
553 3182 615 3237 tam
636 3175 741 3236 doceri
763 3194 855 3255 quam
876 3172 984 3234 audiri.
1014 3173 1057 3233 At

133 3257 267 3318 vovendi
290 3260 459 3320 institutum
482 3278 586 3322 nonne
609 3259 778 3320 merissime
799 3258 965 3318 humanum
988 3255 1055 3316 asti

132 3339 244 3402 Nonne
265 3343 355 3402 situm
379 3344 477 3404 estin
500 3361 616 3419 rasura,
638 3347 741 3415 reste,
763 3340 847 3418 cibo,
869 3345 960 3420 potu,
994 3338 1056 3400 dic

132 3424 209 3501 bus,
236 3424 331 3501 locis,
365 3425 503 3505 gestibus
526 3433 558 3487 ct
577 3426 646 3487 aliis
675 3423 880 3486 ceremoniis?
914 3422 973 3485 Ubi
1002 3422 1057 3483 ati·

134 3506 208 3586 quid
237 3508 347 3568 horum
385 3510 544 3590 praecepit
576 3508 679 3570 Deus?
716 3507 767 3569 ubi
797 3508 957 3588 praecepit
986 3524 1056 3566 sam
1160 3520 1162 3524 ·

132 3596 364 3670 paupertatem,
402 3611 471 3653 sam
500 3591 722 3669 obedientiam,
761 3610 830 3652 eam
860 3587 1056 3650 castitatem?

133 3671 214 3747 Quid
235 3675 327 3754 igitur
347 3675 448 3736 adhuc
471 3675 592 3738 dubitas
613 3695 652 3737 ea
668 3694 727 3736 neo
743 3674 838 3736 licere
854 3690 915 3734 uec
931 3671 1056 3733 licitisse

133 3757 269 3818 verare?
301 3757 412 3822 Libera
432 3765 504 3821 sunt
525 3757 690 3838 divinitus,
707 3776 790 3839 quae
819 3765 852 3819 tu
879 3753 1058 3817 neumatis
