2392 4170
140 246 183 318 86
494 245 587 327 Ludus
604 240 718 304 Lutlreri

147 423 222 499 tire,
253 424 369 480 utnon
391 418 490 500 possit
515 435 633 497 errare,
661 434 742 497 quae
769 421 851 493 tunt,
878 414 924 477 Re
947 374 1063 497 etrum,

149 503 305 585 Sigillum,
332 509 363 563 et
392 502 570 567 Almutium.
612 499 702 563 Unde
730 505 829 581 patet,
857 517 919 579 quo
972 498 1063 562 valde

148 592 328 668 arroganter
341 591 373 647 et
392 586 530 648 frontose
547 586 668 666 scripsit
685 585 744 644 iste
764 582 939 644 haereticus
956 589 1065 645 contra

143 671 256 732 almam
284 669 484 732 Facultatem.
530 667 714 731 Communia
746 672 848 728 autem
877 667 967 747 signa
993 673 1063 728 sunt

142 753 230 831 haec,
253 759 285 814 et
305 754 345 814 sit
364 753 422 815 sic:
449 753 552 815 Oeteri
577 752 715 832 Magistri
743 750 862 824 nostri,
883 752 1062 830 praesertim

142 837 192 898 isti
225 834 286 897 duo
319 837 585 913 excellentissimi,
623 834 762 911 Quercus
788 839 820 894 et
856 832 959 907 Beda,
993 838 1065 895 snut
1125 858 1133 869 ·

141 918 173 986 8.
196 919 309 981 Paulus
331 925 363 980 et
384 918 573 993 Bamabas¹)
595 920 625 979 in
655 918 736 979 alma
762 916 921 977 Facultate
947 923 1063 978 nostra.

141 999 272 1083 Signum
292 1009 398 1065 autem
418 1022 525 1065 eorum
543 1003 672 1083 primum
696 1007 727 1061 et
748 1001 920 1077 marimum¹
947 1003 996 1062 est
1016 1000 1062 1060 Li·

139 1085 293 1166 ripipium,
315 1104 380 1165 seu,
402 1092 441 1153 ut,
456 1086 565 1148 eruditi
586 1084 705 1163 dicunt,
728 1083 957 1164 Relipendium,
979 1082 1063 1164 quod

141 1176 189 1230 ast
210 1168 471 1231 evidentissimum
494 1176 526 1231 et
538 1169 731 1231 notissimum
754 1169 885 1247 signum,
906 1187 963 1248 per
979 1165 1062 1248 quod

141 1249 335 1314 concluditur
354 1254 412 1313 sic:
433 1251 497 1315 Iste
518 1252 614 1314 habet
634 1251 821 1332 Liripipium,
843 1270 918 1332 ergo
941 1251 1061 1312 esttda·

141 1335 236 1417 gister
257 1341 364 1398 noster
377 1337 409 1396 in
430 1336 491 1399 flde
502 1336 700 1410 illuminatus,
724 1334 903 1414 ergohabet
918 1335 1062 1415 Spiritum

141 1423 291 1484 sanctum.
321 1418 412 1480 Aliud
426 1420 546 1501 signum
559 1425 616 1498 est,
640 1417 723 1498 quod
736 1416 845 1478 sedent
855 1418 886 1478 in
904 1419 1064 1498 superiore

140 1500 305 1578 cathedra,
328 1502 452 1582 quando
475 1503 643 1583 disputant·
659 1507 689 1561 et
709 1500 825 1581 legunt,
846 1521 901 1582 per
914 1498 983 1562 'hoc
1004 1502 1063 1582 sig·

139 1605 211 1645 num
234 1585 371 1666 arguitur
391 1586 456 1648 sic:
481 1584 619 1646 Christus
640 1583 734 1646 dicit:
766 1583 864 1666 Super
885 1583 1062 1645 cathedram

139 1667 266 1745 hlose²)
291 1667 445 1749 sederunt,
458 1687 658 1748 quaecunque
675 1667 817 1746 dixerint,
830 1674 960 1729 servate.
980 1667 1062 1749 Ergo

139 1768 340 1831 quaecunque
372 1751 520 1831 dixerint,
549 1757 620 1812 sunt
648 1749 737 1830 vera,
759 1751 814 1811 sed
836 1752 879 1812 illi
901 1750 1009 1812 sedent
1031 1752 1061 1812 in

139 1833 284 1895 cathedra
303 1840 335 1895 et
355 1833 469 1897 docent
489 1837 543 1915 sic,
566 1854 640 1915 ergo
661 1852 724 1894 non
749 1843 877 1914 possunt
899 1853 1010 1897 errare.

217 1916 309 1978 Aliud
332 1918 454 1997 signum
482 1924 545 1996 est,
575 1917 657 1996 quod
686 1917 920 1998 comprehendit
953 1917 1059 1979 multa.

139 1998 179 2060 ut
200 2001 414 2080 suntinsignia
437 2001 491 2061 illa
508 2000 688 2079 doctoralia,
710 2001 850 2077 annulus,
873 2001 1061 2082 pyrrethum,

136 2082 232 2159 liber,
255 2083 411 2161 osculum,
440 2083 651 2162 chirothecae,
679 2091 710 2144 et
730 2084 876 2164 pyrretha
902 2082 1061 2144 distributa

138 2165 169 2225 iu
192 2165 264 2225 aula
284 2164 446 2243 doctorali,
468 2168 560 2227 etiam
582 2166 731 2227 candelae
742 2167 895 2248 ardentes,
919 2169 949 2228 e't
969 2187 1061 2248 super

139 2248 258 2326 omnia,
281 2247 326 2308 Te
348 2248 446 2310 Deum
474 2250 651 2328 laudamus,
681 2250 762 2328 quod
790 2252 820 2310 in
848 2250 910 2311 fine
932 2252 1059 2329 canitur,

139 2329 245 2390 ultimo
270 2333 426 2412 egregium
450 2335 625 2395 convivium
649 2333 817 2394 doctorale.
851 2334 997 2394 Ultimum
1030 2340 1060 2395 et

136 2412 333 2474 fortissimum
358 2417 478 2497 signum
505 2423 552 2477 est
574 2417 715 2478 introitus
739 2417 861 2479 Domini
884 2417 1002 2477 Decani
1029 2417 1059 2477 in

137 2493 296 2574 Scrbona,
318 2498 442 2578 quando
465 2499 581 2560 Budelli
611 2518 680 2560 eum
713 2501 841 2580 sceptris
862 2499 1059 2580 praecedunt,

136 2583 168 2640 et
202 2597 280 2639 voce
311 2600 425 2661 magna
456 2583 603 2643 clamantt
636 2582 786 2643 Transeat
819 2582 995 2662 spectabilis
1030 2590 1061 2644 et

137 2663 271 2722 eximius
294 2663 441 2744 Magister
474 2673 592 2741 noster,
617 2666 766 2726 Dominus
787 2667 930 2726 Decerne
953 2666 1059 2727 almae

137 2744 301 2807 Facultatis
313 2747 522 2828 Theologicae
544 2767 613 2808 cum
631 2748 785 2828 Magistris
797 2749 909 2810 nostris
929 2750 1058 2814 eximiis.

134 2827 285 2889 Transeat
312 2830 376 2910 ille,
400 2833 544 2892 transeat.
588 2831 628 2891 Et
654 2831 715 2892 hoc
742 2833 863 2911 signum
894 2839 941 2892 est
968 2832 1059 2892 valde

134 2909 214 2973 bane
237 2913 471 2992 masticandum,
493 2915 565 2993 quia
587 2913 755 2975 formaliter
773 2914 939 2990 concludit,
962 2915 1057 2995 Magi-

134 2999 214 3055 stros
236 3000 359 3056 nostros
381 3017 444 3058 non
475 3012 569 3077 posse
592 3016 703 3060 errare.
747 2997 834 3059 Sicut
860 3000 890 3057 in
914 2998 1059 3060 similist

133 3075 220 3157 Papa
241 3095 303 3138 non
327 3085 431 3159 potest
452 3099 573 3158 errare,
596 3080 686 3141 valde
707 3080 876 3141 formaliter
897 3083 1057 3142 concludi·

66 3157 74 3173 ⁴
133 3165 182 3218 tur
202 3178 258 3241 per
278 3160 350 3241 hoc,
373 3161 456 3242 quod
480 3164 549 3223 eum
561 3168 687 3242 portant
698 3183 753 3224 sex
775 3163 892 3224 robusti
910 3165 965 3224 viri
989 3183 1056 3225 curu

9 3269 14 3280 ·
132 3256 246 3321 magna
268 3244 455 3307 solennitate
475 3247 506 3306 in
530 3245 631 3306 media
652 3245 702 3307 die
730 3246 768 3306 de
801 3246 916 3326 palatio
936 3267 1003 3325 suo,
1025 3249 1056 3307 in

132 3326 217 3386 recta
243 3330 274 3385 et
296 3325 379 3389 bona
404 3329 517 3408 platea.
562 3327 726 3404 Quomodo
762 3337 868 3409 posset
897 3350 998 3391 errare
1026 3332 1056 3390 in

132 3407 178 3469 sic
199 3407 282 3469 clara
302 3407 352 3470 die
374 3417 406 3472 st
431 3417 517 3472 recta
536 3411 655 3492 platea,
688 3419 720 3473 et
741 3419 803 3474 tam
826 3413 966 3493 gloriosa
987 3432 1054 3494 por-

131 3489 270 3552 tatione?
313 3491 365 3554 Sic
387 3494 524 3576 Magistri
546 3512 609 3555 non
631 3502 762 3576 possunt
784 3515 894 3569 errare,
919 3497 991 3575 quia
1012 3497 1054 3556 in-

132 3572 245 3634 cedunt
266 3575 357 3636 etiam
380 3576 558 3657 solenniter,
580 3578 708 3640 inclara
730 3577 779 3640 die
792 3585 822 3639 et
836 3577 919 3641 bona
940 3579 1053 3661 platea,

442 3698 550 3708 *-

202 3756 231 3829 1)
248 3740 331 3816 mols
349 3756 488 3817 amasa.
525 3758 558 3832 r)
578 3756 663 3817 roua
684 3760 762 3818 uon.
