<?xml version="1.0" encoding="UTF-8"?>
<!DOCTYPE html PUBLIC "-//W3C//DTD XHTML 1.0 Transitional//EN"
    "http://www.w3.org/TR/xhtml1/DTD/xhtml1-transitional.dtd">
<html xmlns="http://www.w3.org/1999/xhtml" xml:lang="en" lang="en">
 <head>
  <title>
</title>
<meta http-equiv="Content-Type" content="text/html;charset=utf-8" />
  <meta name='ocr-system' content='tesseract 3.04.00' />
  <meta name='ocr-capabilities' content='ocr_page ocr_carea ocr_par ocr_line ocrx_word'/>
</head>
<body>
  <div class='ocr_page' id='page_1' title='image "./dmartinilutheri03luthgoog_0193.png"; bbox 0 0 2392 4170; ppageno 0'>
   <div class='ocr_carea' id='block_1_1' title="bbox 129 248 868 323">
    <p class='ocr_par' dir='ltr' id='par_1_1' title="bbox 129 248 868 323">
     <span class='ocr_line' id='line_1_1' title="bbox 129 248 868 323; baseline -0.001 -13"><span class='ocrx_word' id='word_1_1' title='bbox 129 248 191 316; x_wconf 75' lang='lat'><strong>182</strong></span> <span class='ocrx_word' id='word_1_2' title='bbox 319 252 452 309; x_wconf 73' lang='lat' dir='ltr'><strong>Asmrtio.</strong></span> <span class='ocrx_word' id='word_1_3' title='bbox 478 266 555 308; x_wconf 87' lang='lat' dir='ltr'><strong>omn.</strong></span> <span class='ocrx_word' id='word_1_4' title='bbox 573 250 652 308; x_wconf 78' lang='lat' dir='ltr'><strong>artio&#39;.</strong></span> <span class='ocrx_word' id='word_1_5' title='bbox 669 252 699 308; x_wconf 83' lang='lat' dir='ltr'><strong>D.</strong></span> <span class='ocrx_word' id='word_1_6' title='bbox 716 250 751 307; x_wconf 78' lang='lat' dir='ltr'><strong>li</strong></span> <span class='ocrx_word' id='word_1_7' title='bbox 770 251 799 309; x_wconf 84' lang='lat' dir='ltr'><strong>L.</strong></span> <span class='ocrx_word' id='word_1_8' title='bbox 817 264 868 323; x_wconf 70' lang='lat' dir='ltr'><strong>pu</strong></span> 
     </span>
    </p>
   </div>
   <div class='ocr_carea' id='block_1_2' title="bbox 188 372 1057 551">
    <p class='ocr_par' dir='ltr' id='par_1_2' title="bbox 188 372 1057 551">
     <span class='ocr_line' id='line_1_2' title="bbox 188 372 1057 550; baseline 0.006 -84"><span class='ocrx_word' id='word_1_9' title='bbox 188 408 237 550; x_wconf 74' lang='lat' dir='ltr'><strong>inb</strong></span> <span class='ocrx_word' id='word_1_10' title='bbox 258 425 347 469; x_wconf 74' lang='lat' dir='ltr'><strong>soors</strong></span> <span class='ocrx_word' id='word_1_11' title='bbox 378 406 549 488; x_wconf 69' lang='lat' dir='ltr'><strong>seriptum,</strong></span> <span class='ocrx_word' id='word_1_12' title='bbox 585 424 643 468; x_wconf 88' lang='lat' dir='ltr'><strong>neo</strong></span> <span class='ocrx_word' id='word_1_13' title='bbox 668 407 700 468; x_wconf 89' lang='lat' dir='ltr'><strong>in</strong></span> <span class='ocrx_word' id='word_1_14' title='bbox 724 407 857 486; x_wconf 72' lang='lat' dir='ltr'><strong>sndquis</strong></span> <span class='ocrx_word' id='word_1_15' title='bbox 885 405 918 469; x_wconf 75' lang='grc' dir='ltr'><strong>Β.</strong></span> <span class='ocrx_word' id='word_1_16' title='bbox 943 372 1057 471; x_wconf 75' lang='lat' dir='ltr'><strong>nono·</strong></span> 
     </span>
     <span class='ocr_line' id='line_1_3' title="bbox 192 504 1053 551; baseline 0.003 -1"><span class='ocrx_word' id='word_1_17' title='bbox 192 510 216 550; x_wconf 89' lang='lat' dir='ltr'><strong>rr</strong></span> <span class='ocrx_word' id='word_1_18' title='bbox 241 504 285 551; x_wconf 91' lang='lat' dir='ltr'><strong>us.</strong></span> <span class='ocrx_word' id='word_1_19' title='bbox 1040 516 1053 531; x_wconf 93' lang='lat'><strong>··</strong></span> 
     </span>
    </p>
   </div>
   <div class='ocr_carea' id='block_1_3' title="bbox 130 606 1057 3603">
    <p class='ocr_par' dir='ltr' id='par_1_3' title="bbox 130 606 1057 1672">
     <span class='ocr_line' id='line_1_4' title="bbox 217 606 1057 691; baseline 0 -20"><span class='ocrx_word' id='word_1_20' title='bbox 217 606 371 672; x_wconf 75' lang='lat' dir='ltr'><strong>Malltlose</strong></span> <span class='ocrx_word' id='word_1_21' title='bbox 385 609 467 670; x_wconf 84' lang='lat' dir='ltr'><strong>huns</strong></span> <span class='ocrx_word' id='word_1_22' title='bbox 481 606 640 669; x_wconf 73' lang='lat' dir='ltr'><strong>articulum</strong></span> <span class='ocrx_word' id='word_1_23' title='bbox 653 614 885 691; x_wconf 74' lang='lat' dir='ltr'><strong>congesserunt,</strong></span> <span class='ocrx_word' id='word_1_24' title='bbox 906 627 970 671; x_wconf 89' lang='lat' dir='ltr'><strong>non</strong></span> <span class='ocrx_word' id='word_1_25' title='bbox 982 606 1057 671; x_wconf 77' lang='lat' dir='ltr'><strong>suits</strong></span> 
     </span>
     <span class='ocr_line' id='line_1_5' title="bbox 132 691 1054 775; baseline -0.001 -21"><span class='ocrx_word' id='word_1_26' title='bbox 132 693 242 775; x_wconf 80' lang='lat' dir='ltr'><strong>negavi</strong></span> <span class='ocrx_word' id='word_1_27' title='bbox 265 693 479 755; x_wconf 66' lang='lat' dir='ltr'>contritionem</span> <span class='ocrx_word' id='word_1_28' title='bbox 508 700 538 752; x_wconf 89' lang='lat' dir='ltr'><strong>et</strong></span> <span class='ocrx_word' id='word_1_29' title='bbox 565 691 809 770; x_wconf 83' lang='lat' dir='ltr'><strong>confessionem,</strong></span> <span class='ocrx_word' id='word_1_30' title='bbox 843 692 924 753; x_wconf 87' lang='lat' dir='ltr'><strong>siout</strong></span> <span class='ocrx_word' id='word_1_31' title='bbox 957 698 1054 755; x_wconf 76' lang='lat' dir='ltr'><strong>ttmttt</strong></span> 
     </span>
     <span class='ocr_line' id='line_1_6' title="bbox 131 774 1054 857; baseline -0.002 -18"><span class='ocrx_word' id='word_1_32' title='bbox 131 784 221 839; x_wconf 84' lang='lat' dir='ltr'><strong>sonat</strong></span> <span class='ocrx_word' id='word_1_33' title='bbox 242 776 405 855; x_wconf 81' lang='lat' dir='ltr'><strong>srtioulus,</strong></span> <span class='ocrx_word' id='word_1_34' title='bbox 427 784 458 837; x_wconf 89' lang='lat' dir='ltr'><strong>et</strong></span> <span class='ocrx_word' id='word_1_35' title='bbox 479 774 536 857; x_wconf 85' lang='lat' dir='ltr'><strong>ip&#39;si</strong></span> <span class='ocrx_word' id='word_1_36' title='bbox 561 775 654 835; x_wconf 89' lang='lat' dir='ltr'><strong>videri</strong></span> <span class='ocrx_word' id='word_1_37' title='bbox 677 792 725 834; x_wconf 89' lang='lat' dir='ltr'><strong>ms</strong></span> <span class='ocrx_word' id='word_1_38' title='bbox 747 774 819 835; x_wconf 84' lang='lat' dir='ltr'><strong>talia</strong></span> <span class='ocrx_word' id='word_1_39' title='bbox 841 774 989 837; x_wconf 73' lang='lat' dir='ltr'><strong>docuisse</strong></span> <span class='ocrx_word' id='word_1_40' title='bbox 1008 790 1054 837; x_wconf 77' lang='lat' dir='ltr'><strong>vo</strong></span> 
     </span>
     <span class='ocr_line' id='line_1_7' title="bbox 134 854 1051 943; baseline -0.002 -22"><span class='ocrx_word' id='word_1_41' title='bbox 134 861 211 939; x_wconf 87' lang='lat' dir='ltr'><strong>lunt,</strong></span> <span class='ocrx_word' id='word_1_42' title='bbox 233 860 288 922; x_wconf 82' lang='lat' dir='ltr'><strong>sed</strong></span> <span class='ocrx_word' id='word_1_43' title='bbox 311 860 550 923; x_wconf 77' lang='lat' dir='ltr'><strong>satisfactionem</strong></span> <span class='ocrx_word' id='word_1_44' title='bbox 574 858 694 938; x_wconf 84' lang='lat' dir='ltr'><strong>negavi,</strong></span> <span class='ocrx_word' id='word_1_45' title='bbox 717 854 838 939; x_wconf 83' lang='lat' dir='ltr'><strong>qualem</strong></span> <span class='ocrx_word' id='word_1_46' title='bbox 856 854 916 943; x_wconf 84' lang='lat' dir='ltr'><strong>ipsi</strong></span> <span class='ocrx_word' id='word_1_47' title='bbox 939 856 1051 941; x_wconf 75' lang='lat' dir='ltr'><strong>donent,</strong></span> 
     </span>
     <span class='ocr_line' id='line_1_8' title="bbox 131 934 1049 1029; baseline -0.001 -25"><span class='ocrx_word' id='word_1_48' title='bbox 131 939 214 1029; x_wconf 86' lang='lat' dir='ltr'><strong>qttotl</strong></span> <span class='ocrx_word' id='word_1_49' title='bbox 243 943 315 1004; x_wconf 87' lang='lat' dir='ltr'><strong>mihi</strong></span> <span class='ocrx_word' id='word_1_50' title='bbox 351 962 411 1004; x_wconf 89' lang='lat' dir='ltr'><strong>non</strong></span> <span class='ocrx_word' id='word_1_51' title='bbox 445 942 500 1003; x_wconf 86' lang='lat' dir='ltr'><strong>erit</strong></span> <span class='ocrx_word' id='word_1_52' title='bbox 532 938 655 1003; x_wconf 79' lang='lat' dir='ltr'><strong>difficile</strong></span> <span class='ocrx_word' id='word_1_53' title='bbox 683 938 824 1022; x_wconf 84' lang='lat' dir='ltr'><strong>probare.</strong></span> <span class='ocrx_word' id='word_1_54' title='bbox 877 934 1049 1021; x_wconf 71' lang='lat' dir='ltr'><strong>Ostendent,</strong></span> 
     </span>
     <span class='ocr_line' id='line_1_9' title="bbox 133 1020 1050 1107; baseline -0.001 -19"><span class='ocrx_word' id='word_1_55' title='bbox 133 1028 157 1088; x_wconf 81' lang='lat' dir='ltr'><strong>si</strong></span> <span class='ocrx_word' id='word_1_56' title='bbox 203 1028 319 1106; x_wconf 76' lang='lat' dir='ltr'><strong>essunt,</strong></span> <span class='ocrx_word' id='word_1_57' title='bbox 341 1026 392 1088; x_wconf 88' lang='lat' dir='ltr'><strong>ubi</strong></span> <span class='ocrx_word' id='word_1_58' title='bbox 414 1030 444 1086; x_wconf 92' lang='lat' dir='ltr'><strong>in</strong></span> <span class='ocrx_word' id='word_1_59' title='bbox 468 1032 533 1088; x_wconf 84' lang='lat' dir='ltr'><strong>tota</strong></span> <span class='ocrx_word' id='word_1_60' title='bbox 545 1024 701 1106; x_wconf 76' lang='lat' dir='ltr'><strong>Scriptura</strong></span> <span class='ocrx_word' id='word_1_61' title='bbox 724 1043 800 1085; x_wconf 87' lang='lat' dir='ltr'><strong>onus</strong></span> <span class='ocrx_word' id='word_1_62' title='bbox 823 1038 906 1107; x_wconf 84' lang='lat' dir='ltr'><strong>apex</strong></span> <span class='ocrx_word' id='word_1_63' title='bbox 928 1032 982 1086; x_wconf 83' lang='lat' dir='ltr'><strong>sut</strong></span> <span class='ocrx_word' id='word_1_64' title='bbox 996 1020 1050 1087; x_wconf 82' lang='lat' dir='ltr'><strong>ton</strong></span> 
     </span>
     <span class='ocr_line' id='line_1_10' title="bbox 131 1038 1049 1193; baseline 0.001 -23"><span class='ocrx_word' id='word_1_65' title='bbox 131 1038 298 1191; x_wconf 48' lang='lat' dir='ltr'><strong>rodostum</strong></span> <span class='ocrx_word' id='word_1_66' title='bbox 317 1124 373 1192; x_wconf 89' lang='lat' dir='ltr'><strong>pro</strong></span> <span class='ocrx_word' id='word_1_67' title='bbox 396 1112 525 1193; x_wconf 84' lang='lat' dir='ltr'><strong>peccato</strong></span> <span class='ocrx_word' id='word_1_68' title='bbox 550 1108 671 1170; x_wconf 80' lang='lat' dir='ltr'><strong>mortali</strong></span> <span class='ocrx_word' id='word_1_69' title='bbox 693 1127 755 1168; x_wconf 90' lang='lat' dir='ltr'><strong>uno</strong></span> <span class='ocrx_word' id='word_1_70' title='bbox 779 1104 891 1169; x_wconf 81' lang='lat' dir='ltr'><strong>debere</strong></span> <span class='ocrx_word' id='word_1_71' title='bbox 922 1102 1049 1173; x_wconf 73' lang='lat' dir='ltr'><strong>sanatur</strong></span> 
     </span>
     <span class='ocr_line' id='line_1_11' title="bbox 134 1188 1050 1275; baseline -0.002 -20"><span class='ocrx_word' id='word_1_72' title='bbox 134 1208 148 1255; x_wconf 85' lang='lat' dir='ltr'><strong>s</strong></span> <span class='ocrx_word' id='word_1_73' title='bbox 191 1200 249 1258; x_wconf 80' lang='lat' dir='ltr'><strong>ten</strong></span> <span class='ocrx_word' id='word_1_74' title='bbox 273 1192 382 1255; x_wconf 80' lang='lat' dir='ltr'><strong>anniti</strong></span> <span class='ocrx_word' id='word_1_75' title='bbox 405 1194 523 1267; x_wconf 84' lang='lat' dir='ltr'><strong>diosnt,</strong></span> <span class='ocrx_word' id='word_1_76' title='bbox 547 1193 596 1253; x_wconf 92' lang='lat' dir='ltr'><strong>ubi</strong></span> <span class='ocrx_word' id='word_1_77' title='bbox 619 1207 675 1273; x_wconf 90' lang='lat' dir='ltr'><strong>pro</strong></span> <span class='ocrx_word' id='word_1_78' title='bbox 698 1190 906 1253; x_wconf 80' lang='lat' dir='ltr'><strong>differentibus</strong></span> <span class='ocrx_word' id='word_1_79' title='bbox 928 1188 1050 1275; x_wconf 82' lang='lat' dir='ltr'><strong>penosllt</strong></span> 
     </span>
     <span class='ocr_line' id='line_1_12' title="bbox 131 1268 1047 1359; baseline -0.001 -21"><span class='ocrx_word' id='word_1_80' title='bbox 131 1276 160 1339; x_wconf 91' lang='lat' dir='ltr'><strong>dl</strong></span> <span class='ocrx_word' id='word_1_81' title='bbox 203 1282 306 1339; x_wconf 81' lang='lat' dir='ltr'><strong>rentes</strong></span> <span class='ocrx_word' id='word_1_82' title='bbox 318 1292 436 1359; x_wconf 87' lang='lat' dir='ltr'><strong>poenos</strong></span> <span class='ocrx_word' id='word_1_83' title='bbox 452 1285 566 1339; x_wconf 88' lang='lat' dir='ltr'><strong>statuat</strong></span> <span class='ocrx_word' id='word_1_84' title='bbox 577 1275 715 1337; x_wconf 77' lang='lat' dir='ltr'><strong>Christus</strong></span> <span class='ocrx_word' id='word_1_85' title='bbox 728 1282 758 1335; x_wconf 92' lang='lat' dir='ltr'><strong>et</strong></span> <span class='ocrx_word' id='word_1_86' title='bbox 771 1274 928 1356; x_wconf 77' lang='lat' dir='ltr'><strong>apostoli?</strong></span> <span class='ocrx_word' id='word_1_87' title='bbox 948 1268 1047 1357; x_wconf 76' lang='lat' dir='ltr'><strong>lionrtt</strong></span> 
     </span>
     <span class='ocr_line' id='line_1_13' title="bbox 131 1356 1047 1442; baseline -0.001 -21"><span class='ocrx_word' id='word_1_88' title='bbox 131 1362 337 1423; x_wconf 73' lang='lat' dir='ltr'><strong>haecomnia</strong></span> <span class='ocrx_word' id='word_1_89' title='bbox 359 1368 429 1422; x_wconf 91' lang='lat' dir='ltr'><strong>sunt</strong></span> <span class='ocrx_word' id='word_1_90' title='bbox 451 1360 560 1442; x_wconf 86' lang='lat' dir='ltr'><strong>postea</strong></span> <span class='ocrx_word' id='word_1_91' title='bbox 582 1362 707 1420; x_wconf 87' lang='lat' dir='ltr'><strong>inventa</strong></span> <span class='ocrx_word' id='word_1_92' title='bbox 728 1356 767 1419; x_wconf 86' lang='lat' dir='ltr'><strong>sb</strong></span> <span class='ocrx_word' id='word_1_93' title='bbox 791 1359 966 1441; x_wconf 85' lang='lat' dir='ltr'><strong>episeopis,</strong></span> <span class='ocrx_word' id='word_1_94' title='bbox 996 1358 1047 1421; x_wconf 82' lang='lat' dir='ltr'><strong>im</strong></span> 
     </span>
     <span class='ocr_line' id='line_1_14' title="bbox 132 1440 1048 1526; baseline 0 -22"><span class='ocrx_word' id='word_1_95' title='bbox 132 1440 205 1505; x_wconf 85' lang='lat' dir='ltr'><strong>dettt</strong></span> <span class='ocrx_word' id='word_1_96' title='bbox 233 1454 327 1505; x_wconf 84' lang='lat' dir='ltr'><strong>unum</strong></span> <span class='ocrx_word' id='word_1_97' title='bbox 356 1450 395 1505; x_wconf 79' lang='lat' dir='ltr'><strong>err</strong></span> <span class='ocrx_word' id='word_1_98' title='bbox 426 1444 557 1524; x_wconf 88' lang='lat' dir='ltr'><strong>antiquis</strong></span> <span class='ocrx_word' id='word_1_99' title='bbox 580 1442 736 1520; x_wconf 84' lang='lat' dir='ltr'><strong>Patribus,</strong></span> <span class='ocrx_word' id='word_1_100' title='bbox 770 1443 800 1503; x_wconf 92' lang='lat' dir='ltr'><strong>in</strong></span> <span class='ocrx_word' id='word_1_101' title='bbox 830 1460 891 1524; x_wconf 90' lang='lat' dir='ltr'><strong>quo</strong></span> <span class='ocrx_word' id='word_1_102' title='bbox 921 1442 1048 1526; x_wconf 82' lang='lat' dir='ltr'><strong>leganltt</strong></span> 
     </span>
     <span class='ocr_line' id='line_1_15' title="bbox 132 1490 1057 1672; baseline -0.001 -84"><span class='ocrx_word' id='word_1_103' title='bbox 132 1528 360 1672; x_wconf 61' lang='lat' dir='ltr'><strong>quadrapsnaa</strong></span> <span class='ocrx_word' id='word_1_104' title='bbox 373 1535 529 1609; x_wconf 80' lang='lat' dir='ltr'>septenae,</span> <span class='ocrx_word' id='word_1_105' title='bbox 548 1533 579 1587; x_wconf 89' lang='lat' dir='ltr'><strong>et</strong></span> <span class='ocrx_word' id='word_1_106' title='bbox 592 1527 719 1606; x_wconf 77' lang='lat' dir='ltr'><strong>similie3</strong></span> <span class='ocrx_word' id='word_1_107' title='bbox 741 1524 942 1605; x_wconf 78' lang='lat' dir='ltr'><strong>ubifeterint,</strong></span> <span class='ocrx_word' id='word_1_108' title='bbox 963 1490 1057 1587; x_wconf 66' lang='lat' dir='ltr'><strong>titani</strong></span> 
     </span>
     <span class='ocr_line' id='line_1_16' title="bbox 130 1616 296 1672; baseline 0 -1"><span class='ocrx_word' id='word_1_109' title='bbox 130 1616 244 1672; x_wconf 73' lang='lat' dir='ltr'><strong>revood</strong></span> <span class='ocrx_word' id='word_1_110' title='bbox 267 1624 296 1672; x_wconf 82' lang='lat' dir='ltr'><strong>i).</strong></span> 
     </span>
    </p>

    <p class='ocr_par' dir='ltr' id='par_1_4' title="bbox 132 1688 1049 2772">
     <span class='ocr_line' id='line_1_17' title="bbox 214 1688 1046 1775; baseline -0.004 -21"><span class='ocrx_word' id='word_1_111' title='bbox 214 1688 357 1775; x_wconf 66' lang='lat' dir='ltr'><strong>Legimus</strong></span> <span class='ocrx_word' id='word_1_112' title='bbox 380 1704 455 1755; x_wconf 82' lang='lat' dir='ltr'><strong>sane</strong></span> <span class='ocrx_word' id='word_1_113' title='bbox 475 1692 587 1754; x_wconf 87' lang='lat' dir='ltr'><strong>tttultos</strong></span> <span class='ocrx_word' id='word_1_114' title='bbox 609 1713 627 1753; x_wconf 88' lang='lat' dir='ltr'><strong>a</strong></span> <span class='ocrx_word' id='word_1_115' title='bbox 651 1693 717 1753; x_wconf 89' lang='lat' dir='ltr'><strong>Deo</strong></span> <span class='ocrx_word' id='word_1_116' title='bbox 746 1700 871 1773; x_wconf 88' lang='lat' dir='ltr'><strong>propter</strong></span> <span class='ocrx_word' id='word_1_117' title='bbox 900 1694 1046 1773; x_wconf 82' lang='lat' dir='ltr'><strong>peoostntt</strong></span> 
     </span>
     <span class='ocr_line' id='line_1_18' title="bbox 133 1774 1047 1858; baseline -0.004 -21"><span class='ocrx_word' id='word_1_118' title='bbox 133 1776 208 1838; x_wconf 81' lang='lat' dir='ltr'><strong>sesti</strong></span> <span class='ocrx_word' id='word_1_119' title='bbox 252 1778 311 1858; x_wconf 84' lang='lat' dir='ltr'><strong>los,</strong></span> <span class='ocrx_word' id='word_1_120' title='bbox 333 1777 499 1856; x_wconf 76' lang='lat' dir='ltr'><strong>ornavit,</strong></span> <span class='ocrx_word' id='word_1_121' title='bbox 520 1776 639 1853; x_wconf 82' lang='lat' dir='ltr'><strong>Mosen,</strong></span> <span class='ocrx_word' id='word_1_122' title='bbox 661 1774 778 1853; x_wconf 82' lang='lat' dir='ltr'><strong>Aaron,</strong></span> <span class='ocrx_word' id='word_1_123' title='bbox 800 1774 944 1853; x_wconf 81' lang='lat' dir='ltr'><strong>Mariam,</strong></span> <span class='ocrx_word' id='word_1_124' title='bbox 964 1786 1047 1857; x_wconf 82' lang='lat' dir='ltr'><strong>popt-</strong></span> 
     </span>
     <span class='ocr_line' id='line_1_19' title="bbox 132 1852 1046 1940; baseline -0.001 -20"><span class='ocrx_word' id='word_1_125' title='bbox 132 1860 194 1921; x_wconf 92' lang='lat' dir='ltr'><strong>lum</strong></span> <span class='ocrx_word' id='word_1_126' title='bbox 238 1853 335 1939; x_wconf 70' lang='lat' dir='ltr'><strong>srael,</strong></span> <span class='ocrx_word' id='word_1_127' title='bbox 363 1866 392 1920; x_wconf 88' lang='lat' dir='ltr'><strong>et</strong></span> <span class='ocrx_word' id='word_1_128' title='bbox 424 1854 544 1940; x_wconf 80' lang='lat' dir='ltr'><strong>sliquos</strong></span> <span class='ocrx_word' id='word_1_129' title='bbox 573 1858 736 1937; x_wconf 82' lang='lat' dir='ltr'><strong>eorum¹t‚</strong></span> <span class='ocrx_word' id='word_1_130' title='bbox 770 1876 848 1939; x_wconf 83' lang='lat' dir='ltr'><strong>quos</strong></span> <span class='ocrx_word' id='word_1_131' title='bbox 872 1852 1046 1923; x_wconf 70' lang='lat' dir='ltr'><strong>christoilo</strong></span> 
     </span>
     <span class='ocr_line' id='line_1_20' title="bbox 132 1928 1046 2025; baseline -0.003 -21"><span class='ocrx_word' id='word_1_132' title='bbox 132 1944 294 2025; x_wconf 79' lang='lat' dir='ltr'><strong>evangelio</strong></span> <span class='ocrx_word' id='word_1_133' title='bbox 328 1944 461 2021; x_wconf 78' lang='lat' dir='ltr'><strong>aurevit3</strong></span> <span class='ocrx_word' id='word_1_134' title='bbox 495 1949 525 2005; x_wconf 91' lang='lat' dir='ltr'><strong>et</strong></span> <span class='ocrx_word' id='word_1_135' title='bbox 557 1940 579 2005; x_wconf 84' lang='lat' dir='ltr'><strong>l.</strong></span> <span class='ocrx_word' id='word_1_136' title='bbox 603 1938 814 2005; x_wconf 65' lang='lat' dir='ltr'><strong>Corinthii:</strong></span> <span class='ocrx_word' id='word_1_137' title='bbox 843 1934 930 2002; x_wconf 82' lang='lat' dir='ltr'><strong>ttutn</strong></span> <span class='ocrx_word' id='word_1_138' title='bbox 950 1928 1046 2023; x_wconf 72' lang='lat' dir='ltr'><strong>intimi</strong></span> 
     </span>
     <span class='ocr_line' id='line_1_21' title="bbox 132 2023 1047 2103; baseline -0.001 -17"><span class='ocrx_word' id='word_1_139' title='bbox 132 2029 210 2087; x_wconf 84' lang='lat' dir='ltr'><strong>inter</strong></span> <span class='ocrx_word' id='word_1_140' title='bbox 232 2038 306 2103; x_wconf 77' lang='lat' dir='ltr'><strong>ros,</strong></span> <span class='ocrx_word' id='word_1_141' title='bbox 339 2028 369 2087; x_wconf 91' lang='lat' dir='ltr'><strong>et</strong></span> <span class='ocrx_word' id='word_1_142' title='bbox 395 2024 549 2087; x_wconf 85' lang='lat' dir='ltr'><strong>dormiunt</strong></span> <span class='ocrx_word' id='word_1_143' title='bbox 570 2026 667 2088; x_wconf 90' lang='lat' dir='ltr'><strong>multi.</strong></span> <span class='ocrx_word' id='word_1_144' title='bbox 712 2024 771 2086; x_wconf 82' lang='lat' dir='ltr'><strong>Sed</strong></span> <span class='ocrx_word' id='word_1_145' title='bbox 799 2023 878 2086; x_wconf 81' lang='lat' dir='ltr'><strong>haee</strong></span> <span class='ocrx_word' id='word_1_146' title='bbox 906 2038 967 2087; x_wconf 86' lang='lat' dir='ltr'><strong>nou</strong></span> <span class='ocrx_word' id='word_1_147' title='bbox 994 2024 1047 2085; x_wconf 77' lang='lat' dir='ltr'><strong>ent</strong></span> 
     </span>
     <span class='ocr_line' id='line_1_22' title="bbox 133 2103 1046 2189; baseline -0.003 -20"><span class='ocrx_word' id='word_1_148' title='bbox 133 2103 318 2189; x_wconf 85' lang='lat' dir='ltr'><strong>satisfaolio,</strong></span> <span class='ocrx_word' id='word_1_149' title='bbox 352 2122 443 2189; x_wconf 82' lang='lat' dir='ltr'><strong>quem</strong></span> <span class='ocrx_word' id='word_1_150' title='bbox 473 2110 522 2170; x_wconf 90' lang='lat' dir='ltr'><strong>isti</strong></span> <span class='ocrx_word' id='word_1_151' title='bbox 551 2109 678 2189; x_wconf 85' lang='lat' dir='ltr'><strong>docent,</strong></span> <span class='ocrx_word' id='word_1_152' title='bbox 708 2108 826 2168; x_wconf 77' lang='lat' dir='ltr'><strong>scilieet</strong></span> <span class='ocrx_word' id='word_1_153' title='bbox 847 2104 1046 2169; x_wconf 69' lang='lat' dir='ltr'><strong>remissibilem</strong></span> 
     </span>
     <span class='ocr_line' id='line_1_23' title="bbox 133 2186 1047 2335; baseline 0 -83"><span class='ocrx_word' id='word_1_154' title='bbox 133 2202 188 2272; x_wconf 82' lang='lat' dir='ltr'><strong>per</strong></span> <span class='ocrx_word' id='word_1_155' title='bbox 200 2186 313 2272; x_wconf 76' lang='lat' dir='ltr'><strong>eleves,</strong></span> <span class='ocrx_word' id='word_1_156' title='bbox 334 2186 376 2254; x_wconf 85' lang='lat' dir='ltr'><strong>lto</strong></span> <span class='ocrx_word' id='word_1_157' title='bbox 399 2200 429 2253; x_wconf 91' lang='lat' dir='ltr'><strong>et</strong></span> <span class='ocrx_word' id='word_1_158' title='bbox 450 2192 544 2253; x_wconf 89' lang='lat' dir='ltr'><strong>modo</strong></span> <span class='ocrx_word' id='word_1_159' title='bbox 568 2192 679 2253; x_wconf 90' lang='lat' dir='ltr'><strong>multos</strong></span> <span class='ocrx_word' id='word_1_160' title='bbox 702 2192 788 2272; x_wconf 90' lang='lat' dir='ltr'><strong>punit</strong></span> <span class='ocrx_word' id='word_1_161' title='bbox 807 2190 890 2252; x_wconf 85' lang='lat' dir='ltr'><strong>Deus</strong></span> <span class='ocrx_word' id='word_1_162' title='bbox 912 2196 1047 2335; x_wconf 50' lang='lat' dir='ltr'><strong>pinum</strong></span> 
     </span>
     <span class='ocr_line' id='line_1_24' title="bbox 135 2275 962 2357; baseline 0 -23"><span class='ocrx_word' id='word_1_163' title='bbox 135 2276 221 2355; x_wconf 75' lang='lat' dir='ltr'><strong>ostis,</strong></span> <span class='ocrx_word' id='word_1_164' title='bbox 245 2286 450 2357; x_wconf 81' lang='lat' dir='ltr'><strong>quaspoenes</strong></span> <span class='ocrx_word' id='word_1_165' title='bbox 475 2284 577 2337; x_wconf 85' lang='lat' dir='ltr'><strong>tamen</strong></span> <span class='ocrx_word' id='word_1_166' title='bbox 602 2275 733 2337; x_wconf 84' lang='lat' dir='ltr'><strong>eeclesia</strong></span> <span class='ocrx_word' id='word_1_167' title='bbox 745 2292 806 2336; x_wconf 89' lang='lat' dir='ltr'><strong>non</strong></span> <span class='ocrx_word' id='word_1_168' title='bbox 829 2280 962 2356; x_wconf 84' lang='lat' dir='ltr'><strong>potesta</strong></span> 
     </span>
     <span class='ocr_line' id='line_1_25' title="bbox 134 2354 1048 2440; baseline 0 -21"><span class='ocrx_word' id='word_1_169' title='bbox 134 2370 189 2440; x_wconf 87' lang='lat' dir='ltr'><strong>pet</strong></span> <span class='ocrx_word' id='word_1_170' title='bbox 216 2356 329 2421; x_wconf 81' lang='lat' dir='ltr'><strong>slaves.</strong></span> <span class='ocrx_word' id='word_1_171' title='bbox 373 2356 475 2434; x_wconf 78' lang='lat' dir='ltr'><strong>Qusre</strong></span> <span class='ocrx_word' id='word_1_172' title='bbox 504 2372 609 2419; x_wconf 84' lang='lat' dir='ltr'><strong>verum</strong></span> <span class='ocrx_word' id='word_1_173' title='bbox 640 2358 722 2436; x_wconf 82' lang='lat' dir='ltr'><strong>dixi,</strong></span> <span class='ocrx_word' id='word_1_174' title='bbox 751 2354 941 2418; x_wconf 80' lang='lat' dir='ltr'><strong>arbitrariam</strong></span> <span class='ocrx_word' id='word_1_175' title='bbox 971 2354 1048 2419; x_wconf 59' lang='lat' dir='ltr'><strong>istm</strong></span> 
     </span>
     <span class='ocr_line' id='line_1_26' title="bbox 135 2430 1048 2523; baseline 0.002 -23"><span class='ocrx_word' id='word_1_176' title='bbox 135 2440 374 2503; x_wconf 81' lang='lat' dir='ltr'><strong>sallsisotionem</strong></span> <span class='ocrx_word' id='word_1_177' title='bbox 387 2460 446 2503; x_wconf 86' lang='lat' dir='ltr'><strong>neo</strong></span> <span class='ocrx_word' id='word_1_178' title='bbox 459 2444 489 2503; x_wconf 87' lang='lat' dir='ltr'><strong>in</strong></span> <span class='ocrx_word' id='word_1_179' title='bbox 502 2440 675 2523; x_wconf 70' lang='lat' dir='ltr'><strong>scripturis,</strong></span> <span class='ocrx_word' id='word_1_180' title='bbox 699 2458 757 2501; x_wconf 90' lang='lat' dir='ltr'><strong>nso</strong></span> <span class='ocrx_word' id='word_1_181' title='bbox 768 2440 908 2502; x_wconf 77' lang='lat' dir='ltr'><strong>Patribus</strong></span> <span class='ocrx_word' id='word_1_182' title='bbox 921 2430 1048 2515; x_wconf 64' lang='lat' dir='ltr'><strong>insoliti</strong></span> 
     </span>
     <span class='ocr_line' id='line_1_27' title="bbox 134 2520 1049 2623; baseline 0.004 -40"><span class='ocrx_word' id='word_1_183' title='bbox 134 2526 262 2587; x_wconf 83' lang='lat' dir='ltr'><strong>inveniti</strong></span> <span class='ocrx_word' id='word_1_184' title='bbox 272 2529 372 2586; x_wconf 85' lang='lat' dir='ltr'><strong>autern</strong></span> <span class='ocrx_word' id='word_1_185' title='bbox 382 2540 515 2606; x_wconf 82' lang='lat' dir='ltr'><strong>poenam</strong></span> <span class='ocrx_word' id='word_1_186' title='bbox 524 2520 865 2586; x_wconf 85' lang='lat' dir='ltr'><strong>irremissibilsmsDeo</strong></span> <span class='ocrx_word' id='word_1_187' title='bbox 874 2525 1049 2623; x_wconf 45' lang='lat' dir='ltr'><strong>impositu*</strong></span> 
     </span>
     <span class='ocr_line' id='line_1_28' title="bbox 135 2602 1048 2689; baseline 0.001 -21"><span class='ocrx_word' id='word_1_188' title='bbox 135 2616 167 2668; x_wconf 89' lang='lat' dir='ltr'><strong>ut</strong></span> <span class='ocrx_word' id='word_1_189' title='bbox 196 2602 277 2672; x_wconf 82' lang='lat' dir='ltr'><strong>Psnl.</strong></span> <span class='ocrx_word' id='word_1_190' title='bbox 300 2604 350 2674; x_wconf 82' lang='lat'><strong>89.</strong></span> <span class='ocrx_word' id='word_1_191' title='bbox 360 2608 391 2688; x_wconf 80' lang='lat'><strong>²)</strong></span> <span class='ocrx_word' id='word_1_192' title='bbox 417 2608 503 2669; x_wconf 86' lang='lat' dir='ltr'><strong>dioit:</strong></span> <span class='ocrx_word' id='word_1_193' title='bbox 536 2602 675 2669; x_wconf 83' lang='lat' dir='ltr'><strong>Visitebo</strong></span> <span class='ocrx_word' id='word_1_194' title='bbox 707 2609 737 2668; x_wconf 91' lang='lat' dir='ltr'><strong>in</strong></span> <span class='ocrx_word' id='word_1_195' title='bbox 772 2610 858 2689; x_wconf 82' lang='lat' dir='ltr'><strong>virge</strong></span> <span class='ocrx_word' id='word_1_196' title='bbox 885 2606 1048 2689; x_wconf 74' lang='lat' dir='ltr'><strong>iniquitute!</strong></span> 
     </span>
     <span class='ocr_line' id='line_1_29' title="bbox 136 2686 1022 2772; baseline 0.002 -21"><span class='ocrx_word' id='word_1_197' title='bbox 136 2706 240 2752; x_wconf 87' lang='lat' dir='ltr'><strong>eornm</strong></span> <span class='ocrx_word' id='word_1_198' title='bbox 274 2698 305 2753; x_wconf 90' lang='lat' dir='ltr'><strong>et</strong></span> <span class='ocrx_word' id='word_1_199' title='bbox 325 2686 355 2752; x_wconf 83' lang='lat' dir='ltr'><strong>itt</strong></span> <span class='ocrx_word' id='word_1_200' title='bbox 378 2690 556 2753; x_wconf 85' lang='lat' dir='ltr'><strong>verberibus</strong></span> <span class='ocrx_word' id='word_1_201' title='bbox 579 2690 736 2752; x_wconf 86' lang='lat' dir='ltr'><strong>hominum</strong></span> <span class='ocrx_word' id='word_1_202' title='bbox 758 2697 888 2772; x_wconf 81' lang='lat' dir='ltr'><strong>peooeta</strong></span> <span class='ocrx_word' id='word_1_203' title='bbox 910 2702 1022 2753; x_wconf 87' lang='lat' dir='ltr'><strong>eoruttt.</strong></span> 
     </span>
    </p>

    <p class='ocr_par' dir='ltr' id='par_1_5' title="bbox 135 2737 1050 3603">
     <span class='ocr_line' id='line_1_30' title="bbox 217 2737 1050 2837; baseline -0.002 -2"><span class='ocrx_word' id='word_1_204' title='bbox 217 2737 329 2836; x_wconf 70' lang='lat' dir='ltr'><strong>Dicent</strong></span> <span class='ocrx_word' id='word_1_205' title='bbox 349 2774 443 2836; x_wconf 82' lang='lat' dir='ltr'><strong>torte:</strong></span> <span class='ocrx_word' id='word_1_206' title='bbox 466 2775 617 2836; x_wconf 86' lang='lat' dir='ltr'><strong>Reliotum</strong></span> <span class='ocrx_word' id='word_1_207' title='bbox 641 2774 764 2836; x_wconf 83' lang='lat' dir='ltr'><strong>arbitrio</strong></span> <span class='ocrx_word' id='word_1_208' title='bbox 788 2770 940 2835; x_wconf 76' lang='lat' dir='ltr'><strong>eeclesiae</strong></span> <span class='ocrx_word' id='word_1_209' title='bbox 955 2778 1050 2837; x_wconf 81' lang='lat' dir='ltr'><strong>turtttt·</strong></span> 
     </span>
     <span class='ocr_line' id='line_1_31' title="bbox 136 2854 1049 2939; baseline -0.002 -22"><span class='ocrx_word' id='word_1_210' title='bbox 136 2856 205 2919; x_wconf 87' lang='lat' dir='ltr'><strong>d&#39;stn</strong></span> <span class='ocrx_word' id='word_1_211' title='bbox 229 2872 362 2939; x_wconf 87' lang='lat' dir='ltr'><strong>poetrsm</strong></span> <span class='ocrx_word' id='word_1_212' title='bbox 375 2876 431 2939; x_wconf 89' lang='lat' dir='ltr'><strong>pro</strong></span> <span class='ocrx_word' id='word_1_213' title='bbox 444 2859 590 2939; x_wconf 87' lang='lat' dir='ltr'><strong>peoostis.</strong></span> <span class='ocrx_word' id='word_1_214' title='bbox 613 2857 817 2939; x_wconf 85' lang='lat' dir='ltr'><strong>Respondso:</strong></span> <span class='ocrx_word' id='word_1_215' title='bbox 841 2854 909 2918; x_wconf 85' lang='lat' dir='ltr'><strong>Hoo</strong></span> <span class='ocrx_word' id='word_1_216' title='bbox 923 2856 986 2919; x_wconf 78' lang='lat' dir='ltr'><strong>lem</strong></span> <span class='ocrx_word' id='word_1_217' title='bbox 999 2866 1049 2919; x_wconf 84' lang='lat' dir='ltr'><strong>not</strong></span> 
     </span>
     <span class='ocr_line' id='line_1_32' title="bbox 135 2938 1048 3023; baseline 0.002 -21"><span class='ocrx_word' id='word_1_218' title='bbox 135 2947 182 3002; x_wconf 87' lang='lat' dir='ltr'><strong>est</strong></span> <span class='ocrx_word' id='word_1_219' title='bbox 196 2940 376 3022; x_wconf 77' lang='lat' dir='ltr'><strong>Soripturas,</strong></span> <span class='ocrx_word' id='word_1_220' title='bbox 399 2942 452 3001; x_wconf 89' lang='lat' dir='ltr'><strong>sed</strong></span> <span class='ocrx_word' id='word_1_221' title='bbox 468 2940 623 3023; x_wconf 78' lang='lat' dir='ltr'><strong>propriam</strong></span> <span class='ocrx_word' id='word_1_222' title='bbox 636 2942 818 3003; x_wconf 86' lang='lat' dir='ltr'><strong>sententiam</strong></span> <span class='ocrx_word' id='word_1_223' title='bbox 841 2938 961 3004; x_wconf 72' lang='lat' dir='ltr'><strong>efferre.</strong></span> <span class='ocrx_word' id='word_1_224' title='bbox 989 2938 1048 3003; x_wconf 79' lang='lat' dir='ltr'><strong>no·</strong></span> 
     </span>
     <span class='ocr_line' id='line_1_33' title="bbox 135 3018 1050 3105; baseline 0.002 -22"><span class='ocrx_word' id='word_1_225' title='bbox 135 3025 238 3102; x_wconf 86' lang='lat' dir='ltr'><strong>betur,</strong></span> <span class='ocrx_word' id='word_1_226' title='bbox 273 3042 334 3102; x_wconf 87' lang='lat' dir='ltr'><strong>quo</strong></span> <span class='ocrx_word' id='word_1_227' title='bbox 364 3024 439 3086; x_wconf 87' lang='lat' dir='ltr'><strong>loeo</strong></span> <span class='ocrx_word' id='word_1_228' title='bbox 469 3018 606 3085; x_wconf 72' lang='lat' dir='ltr'><strong>Christos</strong></span> <span class='ocrx_word' id='word_1_229' title='bbox 635 3022 696 3086; x_wconf 84' lang='lat' dir='ltr'><strong>hos</strong></span> <span class='ocrx_word' id='word_1_230' title='bbox 723 3018 877 3085; x_wconf 86' lang='lat' dir='ltr'><strong>arbitrium</strong></span> <span class='ocrx_word' id='word_1_231' title='bbox 907 3018 1050 3105; x_wconf 77' lang='lat' dir='ltr'><strong>reliquerit</strong></span> 
     </span>
     <span class='ocr_line' id='line_1_34' title="bbox 136 3104 1047 3184; baseline -0.007 -16"><span class='ocrx_word' id='word_1_232' title='bbox 136 3107 302 3184; x_wconf 77' lang='lat' dir='ltr'><strong>eeclesiae,</strong></span> <span class='ocrx_word' id='word_1_233' title='bbox 336 3107 388 3169; x_wconf 91' lang='lat' dir='ltr'><strong>tibi</strong></span> <span class='ocrx_word' id='word_1_234' title='bbox 421 3110 501 3168; x_wconf 88' lang='lat' dir='ltr'><strong>enirn</strong></span> <span class='ocrx_word' id='word_1_235' title='bbox 535 3127 595 3168; x_wconf 90' lang='lat' dir='ltr'><strong>non</strong></span> <span class='ocrx_word' id='word_1_236' title='bbox 626 3108 728 3170; x_wconf 87' lang='lat' dir='ltr'><strong>eredo.</strong></span> <span class='ocrx_word' id='word_1_237' title='bbox 783 3108 861 3167; x_wconf 88' lang='lat' dir='ltr'><strong>Nam</strong></span> <span class='ocrx_word' id='word_1_238' title='bbox 892 3107 943 3169; x_wconf 93' lang='lat' dir='ltr'><strong>ubi</strong></span> <span class='ocrx_word' id='word_1_239' title='bbox 974 3104 1047 3169; x_wconf 84' lang='lat' dir='ltr'><strong>dioit:</strong></span> 
     </span>
     <span class='ocr_line' id='line_1_35' title="bbox 136 3189 1046 3271; baseline -0.001 -21"><span class='ocrx_word' id='word_1_240' title='bbox 136 3189 349 3270; x_wconf 75' lang='lat' dir='ltr'><strong>Quodounque</strong></span> <span class='ocrx_word' id='word_1_241' title='bbox 371 3190 513 3270; x_wconf 87' lang='lat' dir='ltr'><strong>ligaveris</strong></span> <span class='ocrx_word' id='word_1_242' title='bbox 534 3198 594 3253; x_wconf 89' lang='lat' dir='ltr'><strong>eto.</strong></span> <span class='ocrx_word' id='word_1_243' title='bbox 618 3193 715 3271; x_wconf 73' lang='lat' dir='ltr'><strong>magis</strong></span> <span class='ocrx_word' id='word_1_244' title='bbox 739 3190 776 3251; x_wconf 87' lang='lat' dir='ltr'><strong>sd</strong></span> <span class='ocrx_word' id='word_1_245' title='bbox 800 3191 941 3271; x_wconf 81' lang='lat' dir='ltr'><strong>eulpam,</strong></span> <span class='ocrx_word' id='word_1_246' title='bbox 969 3204 1046 3271; x_wconf 80' lang='lat' dir='ltr'><strong>qnam</strong></span> 
     </span>
     <span class='ocr_line' id='line_1_36' title="bbox 137 3272 1047 3357; baseline -0.002 -24"><span class='ocrx_word' id='word_1_247' title='bbox 137 3273 174 3334; x_wconf 87' lang='lat' dir='ltr'><strong>ad</strong></span> <span class='ocrx_word' id='word_1_248' title='bbox 211 3274 450 3335; x_wconf 82' lang='lat' dir='ltr'><strong>satisfactionem</strong></span> <span class='ocrx_word' id='word_1_249' title='bbox 484 3275 624 3355; x_wconf 88' lang='lat' dir='ltr'><strong>pertinet.</strong></span> <span class='ocrx_word' id='word_1_250' title='bbox 679 3274 777 3355; x_wconf 80' lang='lat' dir='ltr'><strong>Culpa</strong></span> <span class='ocrx_word' id='word_1_251' title='bbox 808 3274 887 3334; x_wconf 86' lang='lat' dir='ltr'><strong>enirn</strong></span> <span class='ocrx_word' id='word_1_252' title='bbox 922 3272 1047 3357; x_wconf 79' lang='lat' dir='ltr'><strong>ligeriti</strong></span> 
     </span>
     <span class='ocr_line' id='line_1_37' title="bbox 136 3352 1045 3441; baseline -0.003 -25"><span class='ocrx_word' id='word_1_253' title='bbox 136 3356 213 3418; x_wconf 91' lang='lat' dir='ltr'><strong>solvi</strong></span> <span class='ocrx_word' id='word_1_254' title='bbox 236 3352 358 3441; x_wconf 88' lang='lat' dir='ltr'><strong>proprie</strong></span> <span class='ocrx_word' id='word_1_255' title='bbox 380 3356 505 3434; x_wconf 73' lang='lat' dir='ltr'><strong>dieitur,</strong></span> <span class='ocrx_word' id='word_1_256' title='bbox 538 3376 599 3418; x_wconf 91' lang='lat' dir='ltr'><strong>non</strong></span> <span class='ocrx_word' id='word_1_257' title='bbox 630 3358 783 3419; x_wconf 82' lang='lat' dir='ltr'><strong>consessio</strong></span> <span class='ocrx_word' id='word_1_258' title='bbox 806 3362 858 3417; x_wconf 81' lang='lat' dir='ltr'><strong>sut</strong></span> <span class='ocrx_word' id='word_1_259' title='bbox 881 3354 1045 3420; x_wconf 69' lang='lat' dir='ltr'><strong>cananitis.</strong></span> 
     </span>
     <span class='ocr_line' id='line_1_38' title="bbox 136 3438 1045 3523; baseline -0.003 -23"><span class='ocrx_word' id='word_1_260' title='bbox 136 3441 180 3501; x_wconf 90' lang='lat' dir='ltr'><strong>lts</strong></span> <span class='ocrx_word' id='word_1_261' title='bbox 204 3450 234 3502; x_wconf 91' lang='lat' dir='ltr'><strong>et</strong></span> <span class='ocrx_word' id='word_1_262' title='bbox 255 3441 343 3502; x_wconf 91' lang='lat' dir='ltr'><strong>illud:</strong></span> <span class='ocrx_word' id='word_1_263' title='bbox 375 3438 512 3516; x_wconf 78' lang='lat' dir='ltr'><strong>Quorum</strong></span> <span class='ocrx_word' id='word_1_264' title='bbox 541 3440 716 3502; x_wconf 87' lang='lat' dir='ltr'><strong>remiseritis</strong></span> <span class='ocrx_word' id='word_1_265' title='bbox 739 3447 885 3523; x_wconf 80' lang='lat' dir='ltr'><strong>pescate,</strong></span> <span class='ocrx_word' id='word_1_266' title='bbox 908 3440 1045 3504; x_wconf 82' lang='lat' dir='ltr'><strong>remittor·</strong></span> 
     </span>
     <span class='ocr_line' id='line_1_39' title="bbox 137 3516 1047 3603; baseline -0.003 -19"><span class='ocrx_word' id='word_1_267' title='bbox 137 3532 184 3584; x_wconf 87' lang='lat' dir='ltr'><strong>tur</strong></span> <span class='ocrx_word' id='word_1_268' title='bbox 205 3526 268 3599; x_wconf 84' lang='lat' dir='ltr'><strong>eis,</strong></span> <span class='ocrx_word' id='word_1_269' title='bbox 290 3525 424 3603; x_wconf 89' lang='lat' dir='ltr'><strong>alioquin</strong></span> <span class='ocrx_word' id='word_1_270' title='bbox 449 3524 550 3585; x_wconf 84' lang='lat' dir='ltr'><strong>disere</strong></span> <span class='ocrx_word' id='word_1_271' title='bbox 573 3524 691 3587; x_wconf 90' lang='lat' dir='ltr'><strong>debuit:</strong></span> <span class='ocrx_word' id='word_1_272' title='bbox 722 3524 859 3601; x_wconf 78' lang='lat' dir='ltr'><strong>Quorum</strong></span> <span class='ocrx_word' id='word_1_273' title='bbox 886 3516 1047 3588; x_wconf 71' lang='lat' dir='ltr'><strong>remiseritis</strong></span> 
     </span>
    </p>
   </div>
   <div class='ocr_carea' id='block_1_4' title="bbox 140 3683 203 3691">
    <p class='ocr_par' dir='ltr' id='par_1_6' title="bbox 140 3683 203 3691">
     <span class='ocr_line' id='line_1_40' title="bbox 140 3683 203 3691; baseline 0.016 -1"><span class='ocrx_word' id='word_1_274' title='bbox 140 3683 203 3691; x_wconf 76' lang='lat'>——..</span> 
     </span>
    </p>
   </div>
   <div class='ocr_carea' id='block_1_5' title="bbox 192 3766 929 3839">
    <p class='ocr_par' dir='ltr' id='par_1_7' title="bbox 192 3766 929 3839">
     <span class='ocr_line' id='line_1_41' title="bbox 192 3766 929 3839; baseline -0.003 -16"><span class='ocrx_word' id='word_1_275' title='bbox 192 3768 223 3838; x_wconf 93' lang='lat'><strong>1)</strong></span> <span class='ocrx_word' id='word_1_276' title='bbox 244 3766 275 3823; x_wconf 92' lang='lat' dir='ltr'><strong>ln</strong></span> <span class='ocrx_word' id='word_1_277' title='bbox 295 3766 337 3823; x_wconf 86' lang='lat' dir='ltr'><strong>sd.</strong></span> <span class='ocrx_word' id='word_1_278' title='bbox 357 3768 430 3824; x_wconf 81' lang='lat' dir='ltr'><strong>Jon:</strong></span> <span class='ocrx_word' id='word_1_279' title='bbox 452 3775 479 3824; x_wconf 86' lang='lat' dir='ltr'><strong>et</strong></span> <span class='ocrx_word' id='word_1_280' title='bbox 497 3770 577 3826; x_wconf 82' lang='lat' dir='ltr'><strong>alios.</strong></span> <span class='ocrx_word' id='word_1_281' title='bbox 614 3769 646 3838; x_wconf 84' lang='lat'><strong>2)</strong></span> <span class='ocrx_word' id='word_1_282' title='bbox 667 3768 697 3822; x_wconf 93' lang='lat' dir='ltr'><strong>ln</strong></span> <span class='ocrx_word' id='word_1_283' title='bbox 721 3767 763 3822; x_wconf 89' lang='lat' dir='ltr'><strong>ed.</strong></span> <span class='ocrx_word' id='word_1_284' title='bbox 783 3769 867 3839; x_wconf 64' lang='lat' dir='ltr'><strong>orign</strong></span> <span class='ocrx_word' id='word_1_285' title='bbox 884 3766 929 3828; x_wconf 68' lang='grc' dir='ltr'><strong>ω,</strong></span> 
     </span>
    </p>
   </div>
   <div class='ocr_carea' id='block_1_6' title="bbox 0 0 1208 4170">
    <p class='ocr_par' dir='ltr' id='par_1_8' title="bbox 0 0 1208 4170">
     <span class='ocr_line' id='line_1_42' title="bbox 0 0 1208 4170; baseline 0 0"><span class='ocrx_word' id='word_1_286' title='bbox 0 0 1208 4170; x_wconf 95' lang='lat' dir='ltr'><strong> </strong></span> 
     </span>
    </p>
   </div>
  </div>
 </body>
</html>
