2392 4170
440 252 610 310 wormatiae
627 247 732 307 habita.
1031 241 1052 313 9

131 420 220 486 nibus
243 442 311 485 esse
335 422 549 502 conveniebat,
572 433 604 484 nt
627 424 757 505 quisque
779 438 963 502 quocunqne
978 425 1051 482 tem·

129 527 207 589 pore
228 507 400 587 postuletne
424 508 574 569 rationem
597 509 661 568 eins
685 510 798 568 certam
817 512 847 566 et
859 512 1051 566 constantem
1139 572 1144 581 ¹

129 590 258 652 reddere
279 592 387 671 possit,
409 593 518 652 nedum
544 599 574 651 tn
597 599 698 652 tentus
722 597 834 650 ettam
867 589 1052 649 exercitatus

128 675 319 756 Theologiae
342 673 510 737 Professor.
555 675 632 755 Age,
658 675 779 736 tandem
802 671 956 752 responde
978 671 1054 732 an-

130 778 238 820 sareee
251 757 462 838 postulationi,
479 759 563 818 euius
577 758 795 838 benignitatem
813 758 843 817 in
858 753 1051 836 impetrando

132 840 288 921 cogitandi
312 843 413 922 spatio
436 843 577 903 sensisti:
622 843 717 903 Visne
749 841 844 904 libros
873 846 940 900 tuos
970 839 1053 918 agni·

131 934 179 987 tos
209 943 316 985 omnes
354 925 455 986 tneri?
489 945 527 984 en
563 944 635 985 vero
669 925 833 1006 quidquam
868 920 1054 983 retrectare?

131 1009 218 1070 Haec
240 1007 334 1068 latine
357 1015 388 1068 et
410 1009 586 1088 germanice
609 1008 684 1069 dixit
707 1005 863 1070 Officialis.

215 1090 388 1172 Respondit
420 1092 538 1152 Doctus
567 1092 712 1155 Martinus
742 1103 772 1152 et
798 1093 865 1172 ipse
895 1089 988 1150 latine
1024 1093 1055 1149 et

132 1176 319 1253 germanice,
342 1194 516 1254 qnanqnarn
540 1177 733 1255 suppliciter,
756 1194 817 1235 non
842 1173 994 1245 clamose,
1017 1191 1054 1231 ac

133 1256 282 1337 modeste,
304 1277 366 1318 nou
393 1266 494 1318 tamen
519 1259 584 1318 sine
608 1259 779 1320 Christiana
800 1257 994 1318 animositate
1024 1261 1055 1315 et

131 1342 315 1417 constantia,
339 1348 369 1400 et
391 1342 443 1421 ite,
467 1351 499 1401 nt
522 1343 672 1420 cupierint
693 1340 860 1402 adversarii
883 1339 1053 1399 orationem

134 1432 166 1484 et
195 1424 328 1484 animum
369 1423 576 1485 abiectiorem.
634 1424 693 1486 Sed
728 1424 823 1485 multo
859 1421 1056 1502 cupidissime

134 1514 354 1588 exspectarunt
376 1507 644 1587 ¹Revocetionem,
678 1509 763 1568 onius
794 1525 879 1588 spem
918 1505 1056 1584 expetito

133 1590 322 1651 deliberandi
346 1593 446 1672 spatio
470 1591 647 1652 nonnullam
672 1595 888 1673 conceperant.
932 1586 983 1649 sic
1005 1607 1054 1647 an·

132 1681 194 1735 tem
217 1674 390 1754 respondit:

217 1755 417 1818 Serenissime
439 1757 476 1818 D.
500 1759 684 1836 Imperator,
711 1756 910 1818 illustrissimi
939 1754 1053 1814 Princi-

134 1859 200 1921 pes,
223 1841 450 1901 clementissimi
476 1841 609 1917 Domini,
632 1840 669 1900 ad
699 1839 868 1921 praefixum
900 1839 971 1900 mihi
1005 1837 1056 1898 he·

134 1933 238 1984 sterno
262 1926 381 2004 vesperi
411 1924 571 1984 terminum
607 1923 754 1985 obediens
783 1941 965 2003 compares,
1002 1939 1057 2000 per

134 2006 374 2067 misericordiam
399 2008 455 2067 Dei
479 2007 662 2084 obsecrans,
689 2007 883 2068 serenissima
912 2005 1056 2064 Maiestas

135 2096 247 2168 vestra,
271 2091 566 2170 Dominatiouesque
591 2100 711 2151 vestrae
733 2091 963 2168 illustrissimae,
994 2086 1055 2166 dig·

135 2182 245 2233 nentur
266 2193 390 2233 censam
413 2173 494 2233 hene
518 2171 569 2256 (nt
582 2173 691 2257 spero)
715 2175 850 2235 institiae
873 2179 903 2233 et
920 2172 1055 2232 veritatis

136 2256 303 2316 clementer
323 2257 442 2317 audire:
477 2264 568 2335 atque
600 2259 624 2317 si
656 2277 709 2337 per
739 2257 919 2338 imperitiam
957 2275 1055 2315 meam

88 2384 94 2395 .
136 2339 184 2400 vel
216 2338 325 2418 dignos
355 2339 459 2400 titulos
483 2342 623 2418 cuiquem
648 2359 710 2400 non
735 2340 866 2417 dedero,
903 2338 951 2399 vel
983 2356 1058 2417 quo·

136 2440 256 2501 cunque
281 2423 371 2485 modo
388 2424 417 2482 in
436 2441 535 2482 mores
559 2431 724 2502 gestusque
740 2424 857 2483 aulicos
873 2439 1056 2502 peccavero,

136 2505 309 2585 benigniter
332 2507 502 2586 ignoscere,
526 2513 558 2564 ut
579 2505 693 2565 homini
717 2525 778 2567 uon
812 2507 842 2564 in
876 2505 968 2575 nnlis,
1002 2502 1055 2564 sed

135 2590 166 2648 in
190 2588 310 2667 augulis
334 2587 553 2649 monachorum
578 2599 710 2664 versato,
733 2589 782 2668 qui
806 2586 880 2646 nihil
903 2586 983 2646 alind
1019 2585 1057 2646 de

137 2690 186 2731 me
209 2674 313 2732 testari
336 2690 472 2751 possum,
495 2690 585 2751 quarn
610 2692 646 2730 ee
664 2672 859 2752 simplicitate
874 2669 966 2728 animi
984 2669 1057 2728 hac-

136 2762 225 2815 tenus
249 2775 299 2815 me
321 2754 462 2814 docuisse
485 2761 515 2813 et
538 2756 704 2834 scripsisse.
728 2762 759 2815 ut
782 2759 898 2815 tentum
926 2751 1056 2828 gloriam

136 2837 192 2900 Dei
217 2843 248 2898 et
269 2840 419 2898 sincerem
448 2836 584 2897 fidelium
602 2837 713 2898 Christi
731 2836 954 2898 institutionem
970 2853 1057 2914 spec·

136 2929 243 2983 tarem.

221 3002 422 3064 Serenissime
443 3001 630 3083 Imperator,
662 3002 917 3082 illustrissimique
947 3000 1056 3060 Princi-

138 3105 192 3167 pes
207 3086 250 3167 ¹),
273 3086 311 3148 ad
335 3085 412 3147 duos
441 3085 512 3149 illos
546 3087 689 3148 articulos
723 3086 787 3146 heri
821 3105 875 3167 per
902 3083 1057 3145 serenissi-

138 3190 218 3229 mam
243 3169 434 3230 Maiestatem
449 3169 478 3245 2)
512 3177 645 3231 vestram
670 3169 741 3230 milri
764 3169 957 3250 propositos,
979 3166 1058 3226 scili·

137 3262 196 3328 cet,
220 3272 258 3312 an
282 3251 402 3312 libellos
424 3255 592 3313 recensitos
615 3261 645 3314 et
674 3254 799 3314 nomine
833 3254 901 3312 med
935 3249 1057 3330 evulga-

138 3345 186 3395 tos
210 3355 412 3416 agnoscerem
443 3355 546 3412 meos,
580 3343 610 3397 et
632 3338 662 3396 in
685 3335 733 3396 hia
756 3333 955 3396 defendendis
989 3352 1056 3413 per-

137 3438 280 3480 severare
303 3424 356 3480 ant
377 3439 523 3480 revocare
546 3419 657 3480 velim?
679 3418 747 3480 dedi
770 3425 908 3499 paratum
938 3422 969 3476 et
995 3415 1057 3495 pla·

137 3522 210 3562 num
233 3521 335 3562 meum
358 3521 551 3581 responsum,
574 3522 666 3582 super
687 3501 815 3562 articulo
838 3501 939 3581 priore
950 3499 994 3577 ³),
1027 3501 1056 3558 in

212 3667 243 3736 1)
266 3668 296 3720 ln
309 3666 353 3721 ed.
366 3681 470 3735 seper:
490 3667 665 3722 illustrissimi
679 3666 826 3736 principes.
856 3666 888 3734 2)
910 3663 994 3720 ibid:
1014 3678 1058 3719 ss·

139 3737 322 3799 cratissimam
342 3738 523 3798 Maiestatem.
563 3740 594 3811 3)
616 3737 703 3792 ibid:
721 3738 817 3809 priori.
