2392 4170
133 1100 200 1194 Ad
247 1099 424 1194 Librum
465 1098 613 1195 eximii
658 1099 868 1221 Magistri
910 1103 1057 1199 nostri

131 1238 184 1331 ll.
213 1235 433 1331 Ambrosii
456 1235 701 1348 datharini,
720 1239 957 1333 defensoris
975 1237 1056 1335 Sil·

132 1371 276 1468 vestri
310 1372 530 1467 Prieratis
561 1373 781 1484 acerrimi,
818 1375 1054 1494 Responsio

130 1511 258 1604 Mart
288 1507 488 1619 Isthmi,
526 1536 618 1603 cnm
655 1508 855 1630 exposita
883 1507 1055 1619 risione

245 1645 399 1740 Daniel
427 1645 545 1739 VIII.
574 1646 625 1740 de
652 1644 939 1742 Antichristo.

543 1811 648 1882 1521.

490 2045 698 2057 -ι-

211 2184 442 2245 Ambrosius
476 2186 725 2264 catherinus,
749 2189 807 2265 cui,
830 2193 993 2264 antequam
1018 2207 1047 2248 a.

130 2269 218 2332 1517.
246 2267 491 2328 Praedicatornm
525 2270 622 2330 ordini
654 2271 823 2350 adscriptus
849 2278 904 2344 est,
938 2287 1050 2330 nomen

126 2360 192 2411 erat
212 2351 469 2411 Lanoelottus
490 2353 657 2432 Politus,
681 2353 787 2413 librum
811 2371 902 2430 quem
920 2353 1049 2431 primum

127 2440 345 2512 composuerat
360 2454 440 2495 omno
456 2439 536 2501 1520
558 2436 728 2495 Florentiae
750 2435 919 2495 Tuscorum
943 2442 1050 2495 comma

126 2515 288 2575 Lutherum
313 2518 407 2576 edidit
429 2517 484 2577 snb
509 2518 569 2579 hoc
590 2518 695 2579 titolo:
718 2518 787 2598 „Ad
807 2518 949 2578 Carolum
967 2537 1050 2578 max.

125 2599 339 2678 Imperatorem
377 2607 408 2659 et
443 2601 655 2680 Hispaniarum
690 2622 793 2682 regem
827 2601 860 2661 F.
894 2599 1048 2683 Ambrosii

126 2680 279 2749 Catharini
304 2684 401 2742 ordin.
423 2682 672 2744 Praedicatorum
702 2685 858 2764 Apologia
886 2701 942 2763 pro
974 2685 1049 2743 veri-

126 2772 187 2823 tate
210 2764 381 2824 catholicae
403 2783 440 2825 ac
463 2768 655 2846 apostolicae
677 2766 747 2827 fidei
773 2786 810 2825 ao
826 2765 1048 2826 doctrinaead·

126 2865 230 2906 versus
253 2848 346 2927 impia
364 2857 394 2907 et
415 2848 506 2909 valde
528 2851 673 2930 pestifera
693 2850 813 2909 Martini
835 2848 956 2908 Lutheri
973 2848 1047 2929 dog·

124 2930 237 2989 mata.“
279 2930 349 3009 lpse
384 2930 421 2990 de
454 2931 514 2993 hoc
548 2934 661 3012 scripto
683 2931 715 2992 in
746 2932 1046 3011 ExpurgatIone

123 3012 311 3073 adversus
341 3014 575 3093 Apologiam
597 3013 1046 3094 DominIoiaSotop.16.

122 3093 199 3154 haec
232 3096 339 3156 tradit:
381 3096 536 3175 „Primum
579 3118 653 3176 ergo
687 3097 780 3158 fetum
818 3099 903 3157 emisi
944 3096 1047 3157 adhuc

122 3178 254 3237 novitius
289 3178 374 3238 miles
407 3181 436 3239 in
471 3180 577 3240 ordine
610 3190 715 3243 contro
737 3180 857 3240 Lutheri
890 3179 1045 3253 haereses,
1085 3208 1088 3216 ¹

122 3278 212 3338 quem
236 3260 335 3321 dicavi
357 3262 499 3336 Caesari,
535 3265 593 3323 iam
618 3273 688 3323 sunt
722 3264 793 3323 anni
816 3261 959 3340 XXVIII,
993 3264 1043 3341 qui

121 3341 178 3402 sibi
200 3345 325 3403 nomiae
358 3348 467 3404 summi
491 3345 647 3407 PontificIs
670 3347 708 3406 ab
732 3345 904 3424 apostolico
937 3346 1043 3404 nuntio

121 3423 156 3487 D.
179 3424 336 3500 Leandro,
363 3428 559 3506 postmodum
592 3428 745 3489 Cardinali
768 3436 882 3504 creato,
906 3426 1042 3488 oblatum

119 3515 274 3587 gratanter
296 3510 386 3568 etiem
418 3514 562 3591 suscepit.
608 3512 689 3572 illam
719 3521 820 3571 tamen
851 3510 1041 3591 provinciam

118 3608 178 3651 non
193 3592 265 3652 mihi
280 3598 394 3652 temere
402 3593 617 3674 arrogari‚sed
630 3595 865 3674 praepositimei
873 3599 1041 3673 praecepto

83 3724 87 3732 .
118 3681 149 3735 et
159 3677 189 3735 in
201 3675 660 3757 meritumobedientiaerecepi.
679 3676 845 3738 Fuitnihilo
857 3677 957 3735 minus
965 3675 1042 3736 liber
