2392 4170
346 263 380 305 ex
398 246 554 305 Academia
571 247 761 318 Wittemberg.
956 244 1018 314 231

178 419 243 481 Nec
267 419 390 481 dubium
413 426 470 500 est,
493 420 600 500 priscis
622 418 806 481 Caesaribus
828 427 860 482 et
880 419 1018 501 Regibus

95 524 115 563 a
137 504 283 583 Collegiis
305 524 428 564 suorum
445 504 670 565 canonicorum
696 503 794 564 nullas
816 504 1018 567 solennitates

95 587 264 647 funebrium
293 593 325 648 et
359 588 636 648 anniversariorum
666 585 856 648 oblationum
883 587 1020 648 celebra·

96 680 141 730 tas
164 690 242 734 esse.

179 752 308 833 Deinde,
331 754 449 814 etiamsi
474 752 511 813 D.
534 751 612 812 Petri
640 758 742 812 aetate
763 752 840 813 tales
863 752 1019 814 nundinae

96 837 400 916 venundationesque
429 837 591 898 Missarum
619 842 761 915 receptae
782 835 925 915 fuissent,
947 855 1019 895 num

97 929 259 1001 propterea
290 927 349 980 tam
390 927 511 980 atroces
548 919 756 998 blasphemiae
794 927 824 980 et
859 917 1019 979 manifesta

95 1012 225 1084 peccata
248 1023 308 1064 non
328 1002 416 1064 abiici
439 1010 531 1083 atque
545 1001 659 1062 aboleri
675 1001 842 1063 deberent?
865 1001 1021 1064 sanutus

97 1089 292 1167 conqueritur
314 1089 373 1146 iarn
406 1107 462 1146 suo
488 1094 625 1164 tempore
655 1085 804 1165 pullulare
833 1087 984 1147 seminat
1005 1121 1021 1134 ·

97 1171 231 1232 rancidis
263 1170 541 1247 dominationisque
566 1169 744 1228 Antichrtsri
772 1170 800 1228 in
826 1105 1020 1229 cumulantfis

98 1255 283 1315 ceremoniis
305 1273 494 1334 operumque
517 1252 657 1312 cultibus.
701 1251 854 1326 Quocirca
876 1252 926 1314 bic
948 1251 1020 1311 abu-

97 1359 149 1399 sus
171 1341 201 1397 in
227 1337 339 1396 nullius
362 1346 519 1396 creaturae
542 1336 682 1416 gratiam,
705 1337 771 1394 sive
794 1344 933 1395 terrenae
955 1336 1022 1393 aive

98 1422 252 1500 coelestis,
275 1420 398 1480 silentio
415 1427 467 1480 aut
479 1417 703 1499 approbatione
721 1418 951 1479 confirmandus
964 1423 1020 1479 est.

181 1505 310 1565 Constat
332 1509 362 1563 et
382 1503 467 1577 illud,
490 1503 619 1582 primum
643 1508 673 1561 et
691 1502 933 1581 antiquissimum
958 1519 1021 1561 mo·

98 1609 161 1648 rern
204 1607 326 1668 semper
353 1588 383 1646 in
417 1588 510 1646 Missa
532 1583 723 1646 adstantibus
751 1586 780 1644 in
811 1592 900 1646 coetu
928 1583 1022 1665 porri·

98 1671 190 1752 gandi
212 1673 361 1751 integrum
386 1676 609 1731 sacramentum
634 1667 761 1728 durasse
784 1686 881 1748 usquc
903 1667 942 1728 ud
964 1667 1022 1747 (iy-

99 1756 195 1835 priani
219 1761 362 1833 aetatem,
385 1753 554 1831 eademque
576 1750 768 1812 consuetudo
791 1753 820 1811 in
844 1751 975 1812 Graecia
993 1753 1024 1809 et

99 1837 296 1899 orientalibus
318 1837 455 1898 ecclesiis
472 1834 651 1897 observatur
672 1835 701 1893 in
715 1835 796 1895 hunc
819 1853 915 1914 usque
932 1833 1023 1914 diem,

103 1941 182 2001 quae
204 1923 392 1982 retinuerunt
414 1920 588 1999 exemplum
613 1917 834 1997 apostolorum.

183 2005 368 2065 Hodiernum
393 2025 465 2065 vero
489 2005 576 2063 ritum
601 2001 787 2086 modumque
809 1997 932 2082 legendi
951 1998 1022 2059 Mis·

99 2109 149 2148 aas
172 2107 268 2168 nuper
290 2087 496 2148 introductum
525 2105 595 2146 esse
622 2085 738 2145 indicat
767 2094 796 2144 et
818 2084 945 2162 antiqua
967 2079 1021 2142 ob·

99 2175 232 2232 servatio
256 2171 494 2232 Mediolanensis
516 2172 724 2249 episcopatus,
746 2169 798 2248 qui
821 2167 878 2229 etsi
901 2171 948 2226 est
964 2165 1024 2226 Ro-

101 2274 192 2313 mano
221 2256 354 2328 vicinus,
385 2263 487 2314 tamen
518 2263 601 2311 caret
634 2252 716 2312 bona
749 2261 835 2332 parte
871 2268 1023 2310 canonum

101 2339 234 2413 Missae,
258 2336 337 2395 adeo
360 2347 392 2394 ut
414 2356 452 2395 ne
476 2335 568 2394 bodie
588 2333 711 2412 quidem
735 2336 844 2414 aliquia
867 2333 1024 2394 Romanus

100 2419 247 2481 sacerdos
280 2440 320 2478 ex
343 2419 456 2478 Missali
487 2416 708 2478 Mediolanensi
740 2420 838 2497 possit
860 2416 1025 2477 celebrare.

101 2503 269 2566 Praeterea
291 2503 420 2562 formam
444 2501 603 2561 Missurum
626 2518 721 2576 saepe
736 2501 782 2560 vel
807 2504 962 2560 mutarunt
976 2495 1025 2559 vel

102 2596 253 2649 auxerunt
276 2584 441 2647 Pontifices
466 2584 634 2658 Damasus,
657 2581 817 2660 Gelasius,
842 2581 1026 2659 celestinus,

103 2671 280 2750 Gregorius,
304 2688 381 2750 quos
405 2676 527 2728 constat
548 2666 734 2725 recentiores
758 2685 840 2729 esse.

186 2755 292 2831 ltaque
316 2754 441 2833 primus,
464 2753 602 2830 integer,
624 2749 761 2809 sincerus
785 2765 857 2807 usus
878 2753 908 2806 et
929 2745 1027 2806 forma

103 2858 157 2897 seu
181 2838 400 2916 praescriptum
423 2833 632 2914 apostolorum
654 2851 846 2911 nequaquam
872 2828 1026 2909 negligen-

105 2922 175 2981 durn
201 2921 248 2979 vel
274 2918 501 2999 aspernandum
525 2924 581 2988 est,
604 2926 787 2977 nectemere
810 2921 841 2974 et
860 2913 926 2972 sine
944 2914 1029 2972 auto·

104 3007 192 3065 ritate
222 3003 396 3082 Scripturas
425 3001 462 3061 ab
492 3020 528 3061 eo
559 2999 791 3078 discedendum,
818 3016 885 3058 curn
918 2994 1029 3056 Paulus

104 3087 252 3150 inculcet:
275 3087 390 3166 Accepi
414 3106 432 3145 a
456 3084 606 3162 Domino,
631 3083 712 3163 quod
746 3091 775 3140 et
799 3081 885 3141 vobis
908 3075 1030 3140 tradidi.

105 3170 287 3249 Quanquam
311 3169 349 3229 dc
373 3167 489 3247 ordine,
514 3164 607 3227 modo
629 3187 683 3228 sen
705 3167 803 3226 forma
822 3161 1031 3245 principaliter

105 3254 155 3313 bic
169 3272 230 3313 non
250 3254 411 3332 loquimur,
435 3271 491 3312 nec
506 3260 552 3311 est
570 3257 719 3331 perpetuo
733 3249 772 3309 de
790 3268 827 3309 ea
839 3244 1030 3325 litigandum,

107 3337 200 3397 ruodo
224 3336 437 3396 substantialia
459 3346 490 3395 et
523 3336 689 3414 praecipua
712 3333 799 3412 quasi
833 3331 934 3410 capita
968 3347 1029 3388 uon

107 3426 349 3500 corrumpantur.

190 3504 302 3563 Verum
327 3503 387 3562 hoc
410 3500 617 3581 deploramus,
639 3498 721 3579 quod
741 3504 862 3577 praeter
884 3503 1031 3557 mutatam

108 3589 236 3647 formam
250 3593 446 3664 veteremque
469 3603 584 3647 morem
608 3602 645 3645 ac
668 3581 921 3643 consuetudinem
940 3581 1032 3639 etiarn

107 3672 259 3732 accedunt
280 3670 426 3752 flagitiosi
448 3668 561 3730 abusus
593 3675 625 3728 et
647 3665 859 3748 blasphemiae
886 3666 914 3725 in
938 3662 1034 3744 appli-

108 3756 231 3818 catione
252 3774 309 3838 pro
332 3755 410 3816 vivia
440 3759 472 3815 et
499 3753 644 3832 mortuis,
672 3747 817 3833 quodque
851 3757 959 3812 contra
980 3766 1035 3808 ex·
