2392 4170
161 216 225 293 138
516 236 745 310 neumas,

31 386 34 391 ’
160 398 361 483 presbyteros
388 408 609 492 persingulas
640 407 798 488 civitates,
822 409 902 471 siout
935 428 997 493 epo
1025 410 1086 510 tihi
1119 354 1123 359 Ι

159 488 315 565 constitui,
337 491 364 552 si
385 494 454 573 quis
476 505 524 555 est
544 495 611 556 sine
623 492 762 572 erimine,
783 494 872 555 unius
895 495 1002 556 uxoria
1022 516 1083 577 vir,

157 566 237 630 titios
260 571 377 637 hebens
399 576 523 659 fideles,
555 598 617 640 non
645 577 676 635 in
704 579 903 638 accusatione
931 577 1085 641 luxuriae.

156 650 289 733 Oportet
318 660 399 741 enim
425 665 606 745 episcopum
638 661 706 721 sine
733 663 859 723 crimine
881 681 973 743 esse,
1003 664 1087 725 siout

157 733 215 799 Dei
237 738 482 822 dispensatorem
505 756 562 810 eto.
571 746 603 827 ¹)

238 824 298 886 Hic
319 830 344 887 si
371 831 472 892 credis
503 833 535 892 in
556 830 652 893 Paulo
688 830 826 909 spiritum
850 829 964 892 Christi
992 829 1085 911 toqui

154 912 186 966 et
207 912 358 987 statuere,
386 917 532 994 agnoscis
553 915 645 976 simul
665 920 813 975 statutum
841 913 978 974 divinum
1000 933 1083 994 esse,

153 991 237 1053 utin
260 994 397 1072 qualssret
413 1001 538 1061 civitate
559 1001 621 1060 sint
641 999 744 1081 plnres
767 999 921 1079 episcopi,
944 1003 997 1058 aut
1020 998 1082 1060 sat·

150 1077 212 1135 tom
234 1096 323 1141 unus.
366 1081 561 1164 Perspicuum
584 1091 632 1145 est
662 1085 755 1157 enim,
777 1082 861 1162 qnod
882 1080 1083 1162 presbyteros

155 1164 187 1219 et
208 1161 376 1245 episcopos
398 1168 525 1229 eosdem
553 1168 637 1245 tacit,
665 1166 775 1229 eadem
813 1167 979 1227 autoritate
1000 1165 1073 1242 Dei,

148 1238 221 1305 dnm
245 1244 328 1321 dicit,
349 1248 420 1312 ideo
443 1252 675 1314 constituendos
705 1249 902 1332 presbyteros
931 1270 987 1330 per
1009 1251 1075 1311 sin-

149 1326 240 1406 gutas
262 1330 402 1395 civitatee
433 1337 500 1398 sine
527 1339 652 1398 ommino
681 1336 868 1412 existentes,
895 1333 979 1413 qnod
1015 1334 1078 1415 epi*

148 1428 277 1491 scopum
309 1427 455 1497 oporteat
476 1441 545 1481 esse
583 1422 648 1482 sine
678 1420 814 1481 crimine.
874 1417 1077 1499 Presbyteros

148 1504 250 1558 autem
279 1508 372 1565 vocat
399 1524 460 1564 uon
491 1504 576 1566 idota
605 1506 664 1565 ista
702 1521 773 1562 rusa
806 1507 836 1562 et
865 1501 988 1579 oleata,
1021 1499 1077 1561 sed

143 1580 283 1642 seniores
304 1590 336 1646 et
356 1589 541 1668 coniugatus
568 1589 665 1649 taicos
688 1588 719 1647 in
742 1587 887 1659 civitate,
919 1586 1074 1647 honestus

144 1662 227 1724 vitae
258 1672 290 1728 et
310 1667 421 1734 tomas.
463 1672 530 1734 Hos
561 1671 626 1733 vutt
652 1672 817 1752 episcopos
851 1670 944 1750 fieri,
971 1668 1077 1749 plures

144 1744 176 1806 iu
211 1750 350 1828 qualibet
379 1757 518 1835 civitate,
548 1764 582 1817 nt
609 1755 683 1823 dixi.
731 1753 852 1815 Graece
880 1754 963 1814 enim
990 1752 1076 1813 clare

142 1835 245 1912 patet,
273 1836 376 1916 plnres
411 1841 463 1900 uni
489 1841 605 1901 civitati
634 1837 868 1900 constituendos
900 1855 986 1914 esse,
1021 1833 1076 1897 ubi

142 1912 216 1975 dicit
263 1919 349 1983 κατὰ
379 1920 481 1988 πόλιν
500 1924 774 2010 πρεσβυτέρους,
805 1919 1003 2002 presbyteros
1026 1936 1073 2015 se:

142 1998 275 2061 cundum
309 2005 478 2082 civitatem,
499 2009 532 2068 id
554 2016 610 2081 est,
645 2005 749 2066 ubiubi
772 2006 881 2064 civitas
903 2003 1007 2083 tuerit,
1029 2000 1071 2064 itu

142 2082 339 2163 presbyteros
370 2092 550 2153 constituae.
592 2089 678 2152 Idem
702 2088 810 2167 Phitip.
835 2092 872 2152 1:
900 2087 1015 2148 Paulus
1042 2091 1073 2145 et

141 2162 339 2250 Timotheus,
379 2176 459 2234 servi
481 2175 549 2236 Iesu
573 2175 704 2250 Christi,
728 2171 870 2234 omnibus
899 2172 1017 2233 sanctis
1040 2172 1069 2230 in

140 2246 262 2311 Ghristo
288 2251 370 2336 Iesu,
392 2259 444 2336 qui
466 2267 535 2318 sunt
558 2258 724 2336 Philippis,
751 2275 822 2315 cum
845 2255 1002 2334 episcopis
1035 2262 1065 2314 et

140 2329 291 2413 diaconis,
313 2342 412 2418 gratie
432 2342 520 2403 vobis
543 2352 601 2403 eto.
623 2341 755 2420 Philippi
778 2345 845 2400 erat
879 2340 971 2398 unica
993 2339 1065 2399 civi·

139 2418 209 2492 tos,
232 2426 263 2479 et
291 2428 393 2485 tomen
416 2426 520 2505 plnres
542 2427 606 2486 eius
635 2427 802 2505 episcopos
823 2422 946 2482 salutat.
975 2419 1063 2482 Idem

139 2496 244 2563 Ᾱθῒθῐ.
267 2503 317 2569 20.
340 2509 423 2570 misit
444 2509 482 2571 ud
501 2509 656 2590 Ephesum
679 2514 710 2568 et
731 2508 853 2567 vocavit
865 2504 1063 2586 presbyteros

138 2583 290 2648 ecciesiae
319 2589 358 2650 ud
381 2612 423 2652 se.
468 2592 528 2669 Qui
550 2593 601 2654 ubi
634 2598 800 2665 venerunt,
833 2588 909 2649 dixit
945 2589 985 2650 ad
1008 2609 1062 2651 eos

136 2666 216 2728 inter
236 2671 332 2733 multa
354 2674 433 2737 alia:
464 2677 621 2737 Attendite
642 2674 731 2734 vobis
748 2683 778 2735 et
799 2674 943 2732 universo
966 2675 1063 2755 gregi,

135 2749 251 2833 inquo
280 2759 385 2835 posuit
416 2778 472 2819 vos
505 2760 637 2840 Spiritus
664 2764 789 2817 sanctus
818 2756 1001 2834 episcopos,
1030 2764 1064 2818 ut

135 2838 270 2914 poscatis
300 2840 463 2904 eeclesiam
485 2841 565 2922 Dei,
598 2861 690 2922 quam
718 2839 880 2919 acquisivit
910 2841 1062 2920 sanguino

135 2936 203 2980 suo.
245 2920 329 2984 Ecce
357 2924 498 3006 Ephesus
534 2945 657 3007 quoque
686 2944 747 2984 uns
777 2923 884 2983 civitas
912 2929 1000 3000 eret,
1031 2930 1062 2984 et

134 3003 332 3084 presbyteros
360 3028 413 3069 sen
445 3012 583 3072 seniores
610 3011 641 3069 in
668 3028 706 3069 eo
729 3006 863 3068 ecclesie
893 3006 1060 3087 episcopos

134 3086 271 3167 appellat
293 3090 407 3174 plures,
429 3114 448 3155 a
470 3093 583 3174 Spiritu
606 3098 714 3153 sancto
738 3090 933 3151 constitutos.

218 3169 298 3246 Quid
321 3174 467 3238 adversus
489 3178 567 3239 haec
596 3177 654 3238 tria
680 3175 827 3236 coetestia
856 3172 983 3234 fulmina
1006 3193 1059 3254 po-

131 3252 218 3312 testis
246 3275 302 3317 vos
331 3258 470 3323 locustas
498 3262 638 3321 fumosae
667 3259 749 3337 putei
778 3255 953 3335 abyssalis?
1001 3257 1060 3318 Per

132 3330 285 3398 Christum
308 3346 337 3401 te
361 3362 427 3413 oro,
449 3344 620 3406 Christiane
631 3342 749 3418 Lector,
773 3338 845 3401 nihit
868 3345 899 3400 te
913 3346 1060 3402 moveant

133 3416 350 3501 Gurdinalium,
375 3429 612 3508 episcoporum,
639 3427 790 3506 Puperum
814 3422 949 3500 intutae,
972 3425 1056 3504 pilei,

133 3500 243 3583 mulne,
266 3504 410 3585 familiae,
434 3531 590 3591 gemmae,
613 3529 737 3587 aurum,
760 3525 915 3587 purpura,
941 3515 972 3568 et
994 3509 1056 3569 nni·

132 3602 237 3647 versus
259 3588 312 3651 ills
333 3590 574 3656 t'sstuosissimus
586 3594 752 3675 impiorum
771 3590 928 3652 hominum
950 3590 1057 3655 iustus.

202 3771 236 3840 1)
255 3769 361 3831 ibidem
379 3773 474 3835 deest:
493 3782 547 3833 eto.
