2392 4170
412 241 749 310 paramonarios.
897 253 902 261 ·
1013 190 1055 309 id

132 419 249 484 uastis?
297 417 345 485 Au
374 440 435 483 nou
469 417 561 499 iude,
589 415 671 500 quod
705 418 773 482 sola
800 416 871 482 Deo
900 409 1054 478 conciliet.

132 504 222 582 Quod
246 525 315 566 cum
337 507 379 567 ita
401 507 456 584 sit,
487 525 540 566 cur
562 506 627 565 sine
654 506 751 584 gratia
778 510 899 585 gratum
922 499 1055 562 faciente

132 590 201 664 Deo
226 588 342 670 aliquid
364 597 524 669 acceptum
548 608 616 649 esse
639 588 776 669 tingitis?
807 588 949 668 Pugnant
977 583 1056 643 iuter
1131 627 1132 630 η

132 693 166 736 se
189 673 282 735 verba
303 681 333 735 et
355 672 502 754 dogmata
524 680 633 735 vestra.
669 672 918 755 Nomongratum
940 666 1055 730 facien-

133 758 171 818 tis
194 759 313 838 gratias
335 758 481 837 recipitis,
503 759 563 817 vim
589 757 731 818 vocabuli
754 777 817 819 non
839 753 984 837 recipitis.

216 839 277 902 Sed
300 841 469 917 videamus,
491 841 521 901 in
543 859 634 920 quam
658 847 775 926 partem
799 861 871 902 usus
893 842 932 902 sit
951 841 1054 918 Augu-

116 920 233 986 ¹atinus
256 925 382 986 nomine
404 925 531 1005 gratiae.
575 924 702 985 Possem
732 927 795 987 eius
826 927 922 987 totum
946 921 1056 989 librum

134 1008 174 1069 de
196 1009 302 1088 spiritu
325 1018 355 1068 et
377 1009 465 1069 litera
489 1007 675 1089 adscribere,
697 1009 820 1088 quaudo
837 1008 921 1069 nulla
942 1007 1057 1088 pagiua

136 1102 191 1166 est,
212 1093 242 1150 iu
266 1111 327 1172 qua
349 1110 411 1151 nun
434 1090 488 1151 fiat
510 1093 627 1171 gratiae
650 1095 774 1157 montio.
804 1092 864 1153 Sed
887 1093 965 1153 haec
987 1094 1057 1150 aunt

135 1175 200 1236 eius
223 1175 317 1236 verba
338 1176 368 1235 iu
391 1193 458 1255 cap.
479 1175 508 1236 4.
535 1173 573 1234 de
595 1176 700 1255 spiritu
723 1181 754 1237 et
780 1175 881 1238 litera:
923 1173 983 1236 Sed
1007 1170 1058 1234 ubi

136 1263 261 1319 sanctus
276 1278 347 1319 non
372 1258 498 1319 adiuvat
519 1257 665 1338 Spiritus,
687 1261 840 1340 inspirans
868 1277 923 1338 pro
945 1274 1057 1319 conou-

137 1342 290 1422 piscentia
326 1342 407 1403 mala
442 1343 722 1421 concupiscentiam
751 1341 881 1418 bonam,
914 1341 975 1402 hoc
1001 1344 1058 1419 est,

138 1426 295 1485 ceritatem
329 1424 501 1485 diffundens
533 1427 562 1485 iu
587 1425 728 1487 cordibus
756 1427 888 1503 nostris,
919 1423 1059 1504 profecto

139 1509 189 1568 tex
211 1508 283 1570 illa:
317 1509 385 1569 Non
415 1510 633 1588 concupisces,
664 1511 804 1588 quamvis
827 1510 932 1588 bona,
967 1511 1061 1587 auget

138 1591 331 1671 prohibendo
355 1591 537 1653 desiderium
560 1592 684 1658 malum.
727 1593 785 1654 Hic
812 1592 851 1655 de
878 1610 940 1672 qua
961 1590 1061 1670 gratia

139 1675 282 1754 loquitur,
307 1695 375 1735 oum
399 1677 500 1755 palam
523 1674 621 1752 dicat,
653 1696 715 1737 non
737 1695 831 1757 posse
857 1677 916 1737 nisi
936 1673 1059 1756 peccari

137 1760 207 1818 sine
228 1760 352 1839 gratia?
392 1759 502 1819 Nonne
525 1765 616 1819 vocat
638 1761 766 1839 gratiam
790 1761 946 1820 caritatem
969 1757 1060 1837 Spiri-

138 1849 187 1901 tus
210 1843 307 1902 sanoti
338 1842 477 1902 diffusam
501 1844 530 1902 in
562 1843 657 1903 corda
684 1843 810 1906 nostra?
849 1843 965 1902 torvos
989 1840 1060 1902 Sor·

138 1925 239 1986 bonici
262 1925 335 2004 quid
357 1925 439 1985 aliud
463 1927 580 1987 vocetis
604 1927 743 2005 gratiam,
765 1945 856 2006 quam
880 1922 1060 1985 caritatem?

137 2007 252 2084 Sinite,
274 2027 407 2088 quaeso,
433 2010 588 2089 impetrari
611 2030 630 2071 a
652 2010 764 2088 vobis,
795 2018 828 2071 ut
854 2008 1061 2088 Augustinum

138 2110 198 2152 uon
228 2091 298 2153 dico
328 2093 491 2170 relegatis,
521 2093 574 2153 sed
610 2095 778 2174 inspiciatis
809 2099 937 2154 tantum.
982 2091 1060 2151 Nam

138 2192 271 2235 errorem
292 2183 425 2235 vestrum
442 2177 524 2237 uuila
536 2178 649 2256 pagiua
663 2184 720 2257 est,
736 2196 815 2256 quae
827 2195 889 2239 nou
903 2179 1061 2255 coarguat.

223 2256 257 2318 lu
289 2261 389 2340 capite
417 2279 500 2321 nouo
530 2259 568 2319 da
604 2262 702 2340 gratia
734 2261 911 2340 loquentem
945 2258 1063 2319 inducit

139 2341 379 2422 Apostolum*)‚
403 2361 471 2402 cum
494 2345 555 2402 ait:
579 2341 698 2404 Iustitia
721 2344 778 2403 Dei
799 2341 966 2425 perfidem
990 2340 1062 2402 Iesu

139 2425 250 2486 Christi
289 2426 319 2485 in
343 2444 468 2502 omnes,
491 2426 540 2504 qui
564 2426 700 2488 credunt.
744 2426 829 2486 Haec
861 2424 901 2487 ad
930 2425 1063 2504 gratuita

140 2507 222 2568 done
245 2515 388 2584 naturae,
411 2515 465 2568 aut
486 2509 524 2568 ad
547 2510 683 2588 speciale
713 2508 861 2569 auxilium
885 2507 1061 2587 detorqueri

139 2592 295 2671 possunt?
338 2591 364 2652 0
388 2611 443 2652 vos
465 2591 555 2652 rudes
583 2598 614 2652 et
646 2611 717 2652 vere
740 2591 901 2652 Sorbonici
924 2589 1062 2670 Magistri

139 2675 258 2755 nostri,
286 2676 353 2755 quis
385 2675 529 2754 deinceps
560 2673 664 2735 credet
693 2674 781 2735 vobis
804 2673 853 2733 vet
882 2672 989 2734 ocutos
1012 2671 1063 2733 val

139 2766 273 2818 mentam
302 2759 349 2818 vel
375 2757 531 2819 cerebrum
562 2776 646 2839 esse,
678 2759 781 2838 quiin
804 2763 867 2817 tam
890 2755 973 2817 clara
995 2754 1064 2816 luco

142 2851 202 2900 tam
226 2841 301 2901 nihil
324 2841 454 2901 obscure
476 2842 634 2902 caecutitis
656 2839 950 2902 ethalluoinamini?
993 2837 1062 2919 Ego

139 2924 189 2983 bio
211 2944 266 3004 per
297 2927 410 3005 gratias
431 2925 505 2985 nihii
536 2926 580 2985 sio
607 2925 716 3005 miror,
742 2931 835 3003 atque
861 2925 891 2983 iu
915 2927 982 2984 tota
1003 2923 1064 2982 ista

140 3006 312 3069 Serbonioa
336 3009 491 3069 Facultate
519 3010 671 3069 nemiuem
696 3008 806 3087 fuisse,
829 3008 877 3067 cni
899 3003 1063 3086 Augustini

140 3092 295 3151 sententia
318 3099 476 3173 comperta
492 3092 589 3171 fuerit,
613 3097 644 3151 et
659 3091 708 3151 vel
730 3090 790 3152 hoo
812 3095 993 3169 argumento
1006 3093 1064 3167 est,

140 3173 178 3234 ab
202 3193 263 3234 uno
287 3181 380 3253 atque
403 3176 500 3236 altero
522 3173 669 3255 Sophiste
696 3173 810 3235 editum
834 3171 988 3249 libellum,
1010 3190 1064 3232 no*

81 3328 87 3337 ,
143 3258 222 3315 mine
246 3258 409 3318 Facultatis
432 3260 589 3319 ementito.

221 3341 287 3401 Nec
308 3342 424 3402 maiore
446 3341 507 3402 tide
528 3341 566 3401 ds
579 3340 732 3402 Ambrosii
755 3339 908 3401 sententia
928 3337 1065 3399 iudicant

141 3421 260 3484 Gallica
287 3425 347 3485 ista
368 3424 475 3504 Sorba,
494 3444 561 3485 cum
587 3431 707 3486 constet
717 3426 748 3483 in
771 3430 837 3483 tota
858 3422 1065 3502 disputatione

140 3506 202 3567 boc
223 3513 465 3586 ageraoutorem
489 3508 593 3588 libelli,
616 3507 753 3587 quisquis
766 3512 823 3588 est,
845 3505 1065 3566 devocatione

142 3589 301 3666 Gentium,
330 3595 459 3670 peccata
492 3610 575 3667 esse,
606 3610 686 3671 quae
713 3591 788 3655 citra
818 3589 948 3677 gratiam
977 3588 1064 3653 fiunt.

147 3719 564 3734 mm

243 3773 269 3847 *)
290 3774 369 3830 Rom.
389 3776 414 3834 3.
