2392 4170
382 242 525 297 Ambrosii
543 240 651 299 Gathar.
670 260 696 299 a.
716 242 796 301 1521.
993 239 1055 304 375

132 403 381 479 praesumuntur.
425 397 466 458 at
487 397 563 458 baec
585 405 631 459 est
652 399 747 459 altera
760 397 1058 458 machinavastatio·

132 482 182 542 nis
205 483 234 540 in
257 487 354 541 totum
378 479 483 541 orbem
508 481 728 560 grassabunda,
752 482 913 560 quiscum
938 481 995 541 hac
1025 480 1056 540 fi-

131 565 223 626 dncia
246 564 355 625 Christi
379 563 454 624 fides
478 584 538 623 nou
562 565 715 641 subsistit,
739 565 864 638 deinde,
888 566 960 643 quia
984 563 1057 624 mul-

132 648 263 710 titudine
286 648 387 726 legum
410 649 528 726 gravati
562 648 629 708 solo
654 668 748 728 opere
767 657 895 708 externo
911 647 1059 708 obediunt

132 731 332 791 aversissima
354 731 521 807 voluntate,
552 739 583 790 ut
606 731 743 791 videmus
771 733 801 790 in
826 729 1003 792 tumultibus
1025 729 1058 789 il·

132 815 171 874 lis
196 813 385 892 Vigiliarum,
409 815 579 892 Missurum,
596 814 755 888 Horarum,
779 822 840 874 tum
859 813 1057 893 legendarum

132 907 197 959 tum
221 896 457 972 cantandarum,
479 899 509 956 in
534 897 642 976 quibus
666 903 752 958 tauto
775 898 878 957 taedio
908 896 1058 973 laborant,

133 988 168 1040 ut
190 979 290 1039 nullus
312 978 400 1040 labor
426 980 518 1040 hodie
547 983 586 1040 sit
614 981 779 1040 molestior.
824 981 926 1042 Nihilo
944 989 1058 1040 «tamen

133 1064 234 1125 minus
256 1063 371 1123 instant
401 1063 545 1141 praefecti
574 1083 700 1143 operum
728 1065 855 1124 istorum
885 1064 1077 1124 durissimo'

133 1165 202 1207 rum
224 1152 255 1204 et
277 1154 438 1207 exactores
462 1145 662 1207 crudelissimi
685 1155 809 1224 cogunt,
834 1147 1059 1207 sineintermis·

133 1231 223 1302 sione
244 1230 365 1308 operari
388 1229 476 1302 talia,
500 1248 579 1307 quae
602 1250 705 1289 coram
730 1231 796 1290 Deo
820 1249 881 1291 uon
913 1231 970 1289 nisi
992 1236 1058 1310 gra-

133 1313 185 1374 via
207 1323 278 1370 sunt
300 1319 438 1390 paccata,
462 1332 564 1372 coram
588 1312 762 1373 homiuibus
780 1332 852 1373 vero
872 1312 1060 1391 bonaopera

133 1405 168 1456 et
188 1395 337 1472 obsequia
360 1397 424 1456 Dei.
469 1396 597 1455 Inventa
619 1403 690 1455 sunt
718 1396 767 1456 hic
797 1396 940 1456 lenimina
968 1415 1058 1476 quae-

98 1476 111 1492 '
136 1479 207 1541 dam
230 1496 387 1554 sensuum,
409 1498 463 1557 per
486 1496 604 1558 organa
626 1480 742 1539 musica
770 1486 800 1538 et
830 1486 974 1539 cantuum
1009 1498 1059 1538 va-

134 1563 272 1636 rietates,
295 1561 348 1623 sed
373 1560 445 1619 nihil
468 1563 505 1621 ad
529 1563 678 1640 spiritum,
701 1564 752 1643 qui
776 1563 866 1622 etiam
891 1563 989 1642 magis
1000 1561 1059 1620 illis

134 1645 349 1722 exstinguitur,
371 1646 437 1704 istis
460 1645 692 1709 titillationibus.
737 1646 783 1705 Ah
797 1645 926 1723 Christe,
944 1653 1059 1724 quanto

134 1730 262 1806 impetu,
285 1729 406 1805 quantis
429 1727 613 1787 exercitibus
637 1728 833 1806 impelluntur
860 1728 899 1801 ad
927 1747 1059 1808 peccan-

134 1811 208 1870 dum
230 1817 262 1869 et
283 1809 487 1888 pereundum,
516 1830 570 1891 per
592 1810 800 1872 abominatam
823 1813 913 1872 istam
942 1810 1059 1871 abomi-

133 1893 314 1957 nationem?
357 1893 473 1954 Horror
496 1894 666 1954 horrendus
694 1903 740 1953 est
761 1893 919 1954 intendere
945 1895 976 1953 in
1004 1894 1059 1952 has

134 1977 362 2036 crudelissimas
391 1979 558 2056 voragines
592 1979 861 2054 conscientiarum,
894 1977 986 2036 tantis
1019 1976 1060 2035 la·

134 2059 261 2121 boribus
285 2063 485 2137 pereuntium.
529 2059 555 2120 0
584 2079 674 2138 quarn
704 2061 833 2140 puerilia
862 2068 949 2127 suut,
981 2078 1061 2138 quae

135 2143 210 2204 olim
233 2143 391 2201 Monaeses
415 2144 516 2203 etalii
539 2163 627 2222 reges
649 2145 734 2222 impii
768 2141 997 2203 lustrationibus
1029 2141 1061 2202 li·

134 2226 246 2285 liorum
270 2236 571 2306 peccaverunt,neo
599 2227 735 2303 gentium
766 2225 1060 2302 barbarissimarum,

136 2327 197 2368 nso
217 2307 462 2388 Laestrygonum
486 2308 637 2369 sacrificia
666 2309 870 2369 exsecrabilia
898 2329 966 2368 cum
996 2309 1061 2367 istis

136 2392 250 2452 nostris
294 2392 424 2451 conferri
468 2400 607 2471 possunt.
657 2392 813 2472 Contingit
855 2393 944 2452 nobis
986 2389 1061 2452 illud

137 2473 267 2534 Christi:
291 2474 415 2553 Septem
439 2475 600 2553 nequiores
624 2475 875 2554 spiritusfaciunt
891 2476 1063 2554 posteriora

137 2560 245 2636 peiora
268 2557 437 2636 prioribus,
471 2559 606 2636 peiores,
638 2559 779 2635 inquam,
810 2558 924 2636 septies
957 2576 1061 2617 sumus

136 2648 256 2719 gentes,
279 2659 371 2719 quam
395 2650 466 2700 ante
488 2640 598 2699 Christi
622 2641 832 2718 cognitionem
853 2639 973 2699 fuimus.

221 2723 261 2786 Et
283 2731 315 2782 ut
337 2723 427 2783 finem
451 2724 538 2781 huius
562 2725 742 2783 vastationis
765 2723 924 2795 faciamus,
945 2740 1005 2800 quo
1020 2723 1061 2780 vi-

139 2805 213 2868 deas
236 2805 310 2866 nihil
343 2825 404 2866 non
440 2826 507 2865 esse
542 2814 703 2884 peccatum
735 2812 766 2865 et
795 2804 996 2885 perditionem
1031 2804 1061 2862 in

137 2909 238 2968 papa,
267 2908 342 2948 ecce
369 2908 431 2949 non
462 2889 562 2948 solum
586 2889 669 2966 leges
691 2908 766 2948 suae
794 2893 966 2968 peccatum
984 2895 1063 2961 sunt,

92 2996 95 3000 ⁴
139 2991 200 3033 uon
225 2973 325 3032 solum
349 2992 446 3050 opera
469 2992 573 3031 earum
595 2979 724 3050 peccata
754 2977 841 3049 sunt,
872 2989 933 3030 uon
963 2970 1061 3028 solum

140 3074 235 3133 opera
259 3055 402 3115 simulata
425 3075 528 3115 earum
552 3063 673 3114 etcum
697 3053 798 3114 taedio
818 3055 908 3129 facta,
933 3062 965 3112 ut-
987 3051 1062 3112 dixi-

141 3157 217 3212 mus,
240 3146 370 3216 peccata
391 3147 471 3215 sunt,
494 3140 560 3217 ipse
585 3139 676 3197 etiam
695 3139 830 3215 praemia
853 3142 1065 3216 peccatasuut

143 3221 237 3281 multo
262 3223 397 3280 onmium
421 3223 555 3280 maxima
579 3231 608 3279 et
629 3229 758 3299 peccata
789 3222 906 3280 minora
928 3220 1064 3299 peccatis

143 3306 285 3364 maximis
309 3317 549 3364 remunerantur.
594 3303 721 3378 Quaeris
737 3302 916 3381 quomodo?
939 3303 1063 3362 Dicam:

142 3387 308 3451 Barrabam
332 3387 480 3446 latronem
506 3387 658 3445 dimittunt
680 3405 741 3445 non
767 3388 901 3446 contenti
919 3386 1018 3446 lesum
1032 3386 1063 3444 li-

141 3488 233 3549 gasse
256 3479 286 3528 et
308 3469 485 3547 perdidisse,
509 3470 568 3528 hoo
590 3478 654 3541 est,
689 3469 797 3547 vulgus
830 3469 889 3528 hcc
924 3469 1065 3529 clericale

141 3553 310 3631 privilegiis
334 3553 439 3611 eximit
466 3552 504 3611 ab
529 3550 667 3611 omnibus
691 3551 834 3611 oneribus
857 3558 886 3611 et
910 3551 1064 3612 laboribus

142 3634 317 3712 hominum,
354 3637 434 3694 utin
465 3636 545 3710 otio,
582 3635 745 3694 securitate
773 3635 991 3714 opulentiaque
1020 3653 1065 3692 se·
1109 3675 1112 3683 ·

144 3719 335 3784 carissimam
359 3717 526 3783 sodomam
542 3719 656 3784 vivant.
701 3719 841 3803 Denique
856 3737 914 3780 uec
927 3736 1065 3801 arguere,
