2392 4170
179 248 245 323 21)
442 254 842 317 mmmmm

181 430 295 493 entiam
316 448 403 493 anam
423 433 476 513 pie
495 440 691 505 sacramento
711 433 838 495 mallent
858 434 919 508 uti,
941 432 973 496 tri
995 442 1103 497 tamen

183 512 224 575 ob
244 512 313 575 ilias
340 516 576 579 eonstitutiones
604 524 636 578 et
661 519 822 597 pastiones
841 517 946 589 inriti,
977 523 1011 579 at
1031 536 1103 580 aum

180 596 342 676 molestia,
375 618 434 660 nee
464 600 531 660 sine
561 601 732 663 animorum
755 601 928 663 offensione
949 608 1105 683 sognntirr

181 680 339 744 salebram
358 682 479 746 ltissas.

263 764 313 827 Ex
334 765 382 827 iris
403 768 506 848 igitur,
527 787 606 847 quae
617 768 761 847 diximus,
783 767 848 831 cel.
860 769 898 831 V.
910 769 1104 850 eogitationa

179 856 394 931 prosequatur,
415 859 561 932 qnantum
583 851 622 912 sd
643 854 790 931 pietatem
812 853 960 915 momenti
971 852 1104 930 adferat,

181 934 206 995 si
227 933 277 995 rei
297 933 412 995 nebulo
434 936 544 1014 aliquis
568 935 670 997 lunelli
692 956 797 1011 eausa,
817 936 868 998 rel
879 935 995 1016 probus
1016 936 1104 998 mini·

180 1022 243 1079 ster
263 1018 429 1079 exaetione
448 1018 652 1099 fundationis,
676 1040 736 1082 nea
755 1019 880 1095 volens,
907 1039 1010 1099 nequa
1031 1039 1102 1082 aum

180 1100 286 1181 aliquo
307 1100 392 1164 bono
404 1110 499 1180 motu,
521 1111 574 1164 ant
597 1105 688 1165 etiam
711 1104 899 1166 reclamante
911 1105 1105 1166 aonsaientia

178 1181 304 1248 Missam
337 1193 507 1250 oonseeret
549 1186 619 1249 Non
652 1188 800 1249 estenim
822 1188 909 1249 inre
931 1194 1025 1268 atque
1047 1207 1100 1248 na·

180 1275 248 1331 tura
268 1269 412 1349 positum,
435 1279 469 1331 ut
489 1272 630 1351 quamvis
642 1270 742 1333 bonus
754 1272 978 1351 religiosusque
1001 1290 1103 1333 maer

179 1352 237 1414 dos
259 1353 351 1414 toties
372 1372 441 1414 enm
463 1354 623 1433 voluptate
642 1355 847 1435 flagrantique
868 1353 969 1416 studio
984 1354 1025 1416 ad
1040 1355 1104 1417 hos

181 1455 260 1517 opus
282 1436 455 1498 iaciendum
478 1440 592 1514 veniat,
614 1441 735 1519 quoties
749 1459 804 1519 per
823 1437 1036 1500 fundationem
1047 1437 1102 1501 on

181 1519 201 1580 Ιί
244 1525 292 1580 tur
325 1538 363 1581 ao
395 1541 475 1600 pene
505 1521 712 1602 obstringitur.
756 1522 796 1582 ut
826 1522 897 1584 leve
919 1528 980 1597 est,
1017 1521 1101 1602 quod

181 1622 201 1665 o
223 1603 329 1664 iiaiunt
352 1602 462 1685 aliqui,
496 1606 528 1665 in
550 1605 644 1667 Missa
665 1606 863 1667 renitationes
884 1624 1010 1686 pronum
1032 1624 1103 1687 pro-

179 1684 271 1747 desse
286 1687 407 1767 ueteris,
429 1689 547 1749 etiarnsi
569 1688 766 1751 manducatio
788 1687 964 1751 Saeerdotis
985 1689 1104 1750 nemini

179 1767 310 1832 salubris
331 1776 385 1832 ant
406 1770 565 1833 iruotuosu
586 1773 635 1835 sit.
678 1772 756 1833 Nam
779 1770 1103 1834 tuaiteindioabitOeI.

179 1852 229 1931 V,
249 1861 395 1935 quantum
433 1855 480 1916 vel
503 1855 633 1935 improbi
656 1855 826 1917 sacerdotis
848 1856 964 1930 oratio,
988 1855 1038 1916 vel
1059 1856 1103 1937 pii

178 1955 240 1999 non
262 1936 373 1999 alacris
408 1958 446 2000 ne
478 1940 603 2000 excitati
625 1941 768 2018 impetret
808 1944 861 1999 aut
891 1947 1104 2018 promereatur
1186 1984 1188 1995 .

179 2020 256 2083 aliis.
301 2020 431 2102 Deinde,
454 2030 487 2083 ut
508 2024 642 2084 maxime
655 2023 793 2102 precatio
814 2022 952 2082 inMissa
972 2021 1102 2099 valeret,

178 2109 281 2165 tumen
305 2105 395 2165 etiam
409 2105 640 2186 religiosissima
663 2105 797 2184 etplena
819 2106 942 2183 pietatis
960 2107 1102 2183 precatio

178 2187 346 2249 sacerdotis
372 2189 403 2248 in
427 2189 521 2250 Missa
556 2188 652 2250 nihilo
681 2189 750 2268 pius
778 2190 903 2263 virium,
932 2188 1102 2267 efficaciae,

179 2269 336 2350 dignitatis
369 2271 463 2334 habet
489 2272 527 2333 ad
551 2271 813 2333 reconciliandum
837 2270 953 2350 Deum,
987 2271 1102 2334 autad

177 2354 400 2434 impetrandum
436 2357 504 2416 aliis
527 2356 625 2433 bona,
659 2375 750 2436 quum
784 2357 825 2435 pii
861 2356 995 2414 cuiusvis
1030 2355 1103 2416 taini

178 2455 287 2517 preses
309 2444 341 2499 et
363 2441 494 2518 gemitus
516 2440 546 2499 in
570 2439 722 2500 eubiculo.

259 2520 307 2581 Ex
329 2520 437 2583 iisdem
477 2523 567 2584 etiam
591 2524 708 2603 nausis,
745 2541 821 2601 quas
843 2541 935 2601 supra
957 2520 1103 2599 diximus,

177 2603 334 2666 institutae
364 2613 433 2666 sunt
456 2607 568 2667 Missae
589 2626 646 2687 pro
668 2605 836 2677 defunctis,
869 2604 1011 2683 aliaeque
1033 2625 1103 2666 sex·

177 2694 287 2749 neniae
308 2688 339 2749 id
361 2708 458 2770 genus
478 2690 676 2770 imposturae,
699 2708 779 2769 quse
802 2690 825 2747 si
849 2695 1009 2767 praeterea
1026 2687 1102 2749 nihil

176 2770 241 2831 vitii
262 2770 422 2847 haberent,
445 2773 631 2852 quamquod
652 2778 723 2832 sunt
737 2790 838 2832 merae
860 2772 1051 2850 imposturae
1062 2770 1102 2832 ad

176 2851 312 2915 fraudem
335 2861 366 2916 et
389 2853 538 2917 tallaoiam
561 2865 686 2936 propter
707 2859 866 2935 quaestum
891 2855 1100 2934 excogitatae,

176 2940 331 3019 uteunque
353 2938 475 3000 tolerari
497 2945 634 3019 possent.
678 2939 767 2999 Nune
788 2957 857 2998 eum
879 2939 909 2997 in
925 2937 986 3001 hae
1007 2938 1102 2999 audu-

176 3019 223 3082 oia
246 3021 334 3082 titulo
357 3028 388 3082 et
409 3023 535 3083 nomine
557 3022 770 3083 sanstissimae
803 3022 998 3082 ceremoniae
1038 3029 1100 3082 tam

175 3102 368 3182 impudenter
389 3105 419 3165 in
443 3105 576 3166 eeclesia
596 3103 738 3166 homines
757 3105 917 3183 imperitos
941 3103 1102 3183 ludifiouri,

176 3187 350 3266 turpissime
371 3188 511 3249 aonfiotis
533 3188 709 3269 imposturis
734 3193 765 3248 et
787 3185 955 3249 mendaciis
977 3185 1017 3248 de
1039 3186 1101 3248 effl-

176 3270 262 3330 oaoia
285 3273 386 3351 operis
409 3271 578 3333 sacerdotis
600 3290 656 3351 pro
680 3270 841 3344 defunctis,
864 3289 919 3350 pro
930 3271 1100 3332 itineranti·

175 3348 242 3429 bus,
263 3353 479 3434 navigantibus
501 3362 560 3416 oto.
587 3355 648 3415 sint
677 3353 867 3415 detestabilia
901 3356 932 3414 et
961 3355 1103 3415 enormia

176 3442 313 3515 pennata,
336 3438 420 3498 nulio
442 3438 536 3499 modo
559 3439 627 3499 ferri
650 3436 874 3499 dissimularive
896 3435 1020 3516 debent,
1044 3437 1101 3498 eti·

175 3519 252 3580 amsi
275 3524 358 3580 totus
382 3520 463 3582 orbis
486 3521 647 3582 adficiatur
667 3520 826 3582 seandalo.

259 3601 412 3678 Quoeiroa
434 3605 566 3684 pertinet
593 3604 632 3665 ad
666 3602 799 3664 officium
823 3602 867 3665 ot.
893 3602 929 3666 V.
953 3609 1101 3682 tanquam

175 3684 339 3747 Christiani
361 3686 525 3767 Principis,
558 3689 588 3748 in
612 3688 697 3748 euius
721 3685 839 3747 ditione
871 3686 1019 3767 singulari
1042 3685 1100 3747 Dei

175 3766 327 3833 banefloio
354 3769 408 3832 lux
431 3769 591 3851 Evangelii
625 3789 727 3832 rursus
751 3768 877 3851 effulsit,
906 3788 963 3850 pro
986 3788 1043 3852 eo,
1066 3775 1101 3833 ut
