2392 4170
324 262 434 317 bullam
455 256 536 316 beon.
556 262 589 316 Χ.
608 261 726 316 damnat.
744 276 772 315 a.
792 259 869 318 ttto.
999 258 1062 326 211

131 416 337 495 -at-ecctssia,
367 425 403 476 'st
425 415 558 476 habeant
586 417 714 476 similem
733 416 823 477 'labra
844 415 1012 494 lactucam,
1027 422 1066 477 o‘t

133 499 264 581 dignum
288 499 401 579 petella
423 501 462 558 sit
484 498 671 580 operculum.

220 582 287 645 Nos
309 599 401 657 vero,
430 584 480 660 qui
502 601 563 642 non
586 584 716 662 papam,
753 579 807 641 sad
823 579 993 643 Christiani
1014 599 1077 658 sug

132 679 216 742 mus,
240 666 364 742 scimus,
386 665 469 745 quod
491 664 706 725 nihilastfidei
727 663 922 725 othonorum
933 683 1065 742 morum,

132 749 221 828 quod
244 766 306 809 non
329 748 453 810 abunde
476 749 505 807 in
529 748 623 808 literis
646 749 741 807 sacris
759 747 800 806 sit
819 750 1011 829 expositum,
1033 757 1067 808 ut

137 847 239 911 neque
261 833 319 905 ius,
345 849 445 911 neque
466 831 553 892 locus
577 832 615 890 sit
637 831 696 892 alin
706 830 861 890 statuendi
887 830 955 892 ullis
970 832 1080 892 homi·-

131 915 237 976 ttih‘us.
281 914 376 975 Porro
401 915 592 975 ceremonias
620 913 720 994 potuit
752 914 883 974 ecclesia
912 914 1065 994 ordinare,

134 998 192 1059 sad
214 995 299 1059 eac‘l
340 1000 372 1057 in
397 996 520 1058 arbitrio
541 1003 612 1058 sunt
634 998 768 1057 omnium
801 995 951 1075 fidelium,
987 998 1067 1057 sicut

138 1079 267 1143 ussit-1.
336 1080 429 1142 rioth.
450 1083 487 1147 7:
512 1080 611 1161 Empti
635 1080 706 1139 estis
735 1081 849 1160 pretio,
880 1081 979 1140 nolite
998 1079 1065 1140 lieri

138 1165 218 1226 servi
242 1164 420 1236 hominnm3
445 1171 477 1223 et
499 1162 567 1229 Col,
591 1166 623 1225 2:
648 1163 766 1240 Videte,
787 1164 914 1241 nequis
936 1183 992 1225 vos
1016 1163 1065 1224 de-

131 1248 236 1328 cipiat
258 1262 314 1327 per
334 1248 457 1308 inanem
478 1245 706 1327 philosophiam
729 1254 760 1305 et
773 1245 935 1324 fallaciam,
958 1265 1065 1307 secun-

137 1330 209 1391 dum
227 1329 420 1390 traditionem
432 1329 602 1408 hominnm,
624 1329 791 1390 secundum
810 1330 961 1393 elementa
974 1330 1064 1391 huius

138 1412 253 1490 mundi,
276 1421 308 1473 et
328 1431 390 1473 non
413 1412 580 1473 secundum
603 1412 766 1474 Christum.

221 1495 369 1557 Concedo
392 1514 481 1575 ergo,
515 1515 626 1577 papam
647 1496 762 1556 habere
786 1502 969 1575 potestatem
987 1513 1066 1560 con·
1181 1561 1182 1564 Ἴ

137 1578 229 1640 dendi
260 1580 360 1659 leges,
392 1580 470 1638 sicut
491 1580 588 1639 Assur
608 1577 734 1640 Nimrod
766 1577 887 1655 habuit,
921 1585 954 1639 ut
985 1586 1067 1639 esset

133 1662 280 1725 robustus
302 1670 430 1723 venator
451 1664 482 1721 in
504 1669 584 1724 terra
605 1681 708 1723 coram
732 1662 876 1738 Domino,
899 1669 931 1722 ot
952 1663 1065 1722 exstin-

138 1752 214 1827 guat
236 1744 406 1806 libertatem
430 1746 644 1806 Christianam.
688 1743 837 1805 Probatur
866 1746 943 1806 hacc
979 1753 1062 1825 pote·

136 1838 201 1889 stas
224 1848 280 1909 par
303 1826 376 1903 illud
399 1827 699 1890 christinianum:
723 1827 843 1901 Videte,
867 1828 986 1906 nequis
1010 1846 1064 1888 vos

136 1912 276 1991 seducat,
298 1911 383 1972 multi
405 1912 487 1972 enim
509 1913 632 1972 venient
662 1912 840 1972 innomine
869 1928 940 1971 meo
965 1909 1065 1995 dicen·

136 2003 191 2072 tas,
213 2013 354 2075 egosnm
364 1992 513 2074 Christus,
536 1999 567 2056 ct
580 1994 727 2055 seducent
740 1994 870 2073 multos3
891 1993 1064 2054 etiterum:

139 2075 217 2142 Cum
241 2078 375 2138 videritis
388 2077 649 2138 abominationem
663 2086 793 2138 stantem
807 2078 837 2138 in
849 2077 918 2138 loco
941 2086 1063 2157 sancto,

159 2181 217 2234 uae
241 2159 321 2222 dicta
344 2167 391 2223 est
412 2181 429 2220 a
453 2161 583 2221 Daniele
604 2162 769 2241 propheta,
793 2162 843 2240 qui
868 2160 957 2243 legit,
980 2159 1065 2220 intel-

138 2181 228 2325 ligat.
274 2243 407 2324 Surgam
439 2245 518 2304 enim
550 2243 838 2324 pseudoprophetae
878 2252 908 2305 et
935 2242 1066 2323 pseudo·

138 2327 254 2402 christi,
279 2334 310 2388 et
331 2325 479 2387 seducent
496 2329 617 2390 multos.
659 2327 745 2387 Tunc
766 2328 790 2385 si
815 2325 960 2388 dixerint:
984 2314 1067 2386 hicce

136 2411 188 2471 hic
219 2416 271 2471 aut
303 2408 365 2470 illic
396 2417 444 2470 est
465 2409 618 2488 Christus,
651 2410 746 2472 nolite
780 2408 921 2490 credere,
952 2408 1067 2469 dabunt

138 2495 221 2554 enim
249 2493 337 2573 signa
367 2501 398 2554 ct
420 2491 579 2573 prodigia,
612 2495 696 2553 utin
719 2511 852 2554 errorem
875 2491 1005 2566 ducant,
1025 2493 1065 2573 si

137 2576 203 2638 fieri
227 2583 340 2656 potest,
364 2577 455 2637 etiam
479 2574 605 2655 electos,
627 2593 702 2638 ecce
723 2575 860 2656 praedixi
885 2575 981 2638 vobis.
1024 2570 1066 2634 'Et

138 2665 167 2723 i.
190 2659 269 2720 Tim.
291 2661 326 2722 lt:
350 2658 478 2740 Spiritus
502 2661 660 2720 manifeste
683 2658 770 2736 dicit,
792 2660 864 2739 quia
885 2659 916 2718 in
939 2659 1067 2718 novissi·

138 2745 196 2802 mis
222 2741 410 2823 temporibus
435 2741 594 2802 discedent
615 2742 738 2822 quidam
762 2761 780 2801 a
801 2741 878 2819 fide,
911 2740 1067 2801 attenden-

138 2835 184 2886 tes
209 2824 364 2905 spiritihus
387 2827 515 2904 erroris,
538 2834 568 2886 et
590 2824 735 2886 doctrinis
758 2824 1005 2902 daemoniorum,
1036 2825 1066 2883 in

135 2908 294 2991 hypocrisi
324 2909 512 2988 loquentium
553 2907 761 2985 mendacium,
799 2917 830 2968 et
869 2909 1067 2968 cauteriatam

140 2991 319 3055 habentium
341 3009 426 3051 suam
451 2992 686 3071 conscientiam,
708 2990 933 3072 prohibentium
955 2989 1069 3054 nubere

139 3083 170 3137 et
192 3072 347 3135 abstinere
369 3094 388 3134 a
409 3073 500 3151 cibis,
536 3093 615 3155 quos
638 3074 721 3135 Deus
745 3075 860 3135 creavit
880 3073 919 3135 ad
941 3075 1067 3156 percipi·

137 3157 251 3219 endum
274 3175 343 3217 cum
366 3159 530 3237 grat-iarum
562 3158 684 3219 actione
706 3156 863 3234 fidelibus,
896 3158 994 3219 ethis
1017 3159 1067 3237 qui

138 3246 357 3322 cognoverunt
377 3242 546 3302 veritatem.

221 3323 306 3385 Ecce
330 3342 390 3384 non
416 3324 513 3385 solum
539 3324 588 3384 hic
609 3322 756 3404 probatur
786 3329 924 3405 potestas
945 3323 1069 3405 papisti-

140 3426 247 3469 carum
272 3405 479 3469 doctrinarum
503 3415 534 3467 at
555 3407 678 3487 legum,
711 3406 877 3468 sedetiam
899 3406 1069 3468 admonitio

136 3491 254 3566 nostri,
278 3497 309 3551 ut
332 3489 370 3551 ab
393 3491 429 3550 iis
453 3489 726 3570 pseudomagistris
744 3508 926 3571 caveamus,
949 3491 1000 3570 qui
1023 3508 1069 3549 ce·

136 3573 283 3635 remoniis
304 3573 355 3634 hic
385 3581 415 3633 et
436 3571 499 3634 illic
521 3573 673 3635 Christum
702 3571 925 3635 ostentantibus
963 3591 1020 3634 nos
1051 3591 1070 3634 a

193 3763 225 3831 1)
249 3761 281 3816 In
300 3762 343 3816 cd.
362 3762 418 3817 len.
438 3763 554 3832 legitur:
574 3762 639 3816 has.
789 3828 853 3899 14*
