2392 4170
411 267 441 322 l).
460 264 536 333 liert.
556 265 634 321 suth.
654 264 775 330 oblatio.
1043 263 1062 330 5

135 421 278 502 assequi.
293 429 325 483 et
358 420 515 499 obtinere,
549 439 599 482 me
637 419 712 489 nihil
737 438 873 500 unquam
907 425 1063 505 conatum,

135 505 215 565 sicut
237 524 277 566 ne
299 524 383 567 nunu
398 503 520 587 quidem
532 503 666 586 prudeus
688 511 719 564 et
741 503 778 563 de
800 502 1063 585 industriavelim,

136 588 230 649 edere
251 588 335 651 aliod
348 607 439 668 quam
458 589 668 668 evangelicam
692 592 723 648 et
745 587 878 655 divinem
892 587 1075 666 veritatem„

137 679 248 732 contra
269 679 332 732 tarn
361 673 542 753 multiplices
564 671 790 752 superstitiosas
813 670 990 750 opiniones,
1018 691 1076 737 eu.

136 774 224 815 rores
259 763 290 815 et
317 757 485 821 sententiaa
517 756 719 817 humansrum
751 754 1001 816 constitutionum
1033 761 1063 815 et

136 837 386 916 ordinationum,
422 841 485 901 imo
513 839 724 907 seducentium
759 845 790 898 et
821 837 1076 918 periculosarum·

135 921 412 993 inordinationem.
441 923 539 986 Deum
562 923 643 993 enim
665 928 772 983 testem
795 920 906 996 habeo,
929 920 1063 983 mihiex

136 1006 243 1067 auimo
267 1005 389 1086 dolere,
418 1014 452 1067 ut
482 1007 590 1069 volens
618 1015 710 1067 etex
736 1005 876 1087 professo
899 1006 992 1086 impie
1014 1003 1062 1066 vel

135 1108 242 1169 agenn
265 1089 315 1150 vel
337 1089 464 1166 docere,
489 1091 682 1169 concionari,
703 1088 852 1164 scribere,
873 1088 976 1168 loqui,
998 1088 1064 1156 sive

135 1191 195 1252 pro
218 1174 373 1250 concione
394 1175 502 1238 sivein
519 1174 627 1236 schola
642 1171 888 1254 profiterivelim,
909 1172 993 1253 quod
1014 1171 1064 1234 vel

135 1256 206 1319 Deo
229 1256 282 1318 vel
305 1257 395 1319 saluti
416 1259 586 1318 animarum
609 1265 691 1318 esset
712 1257 906 1326 ,contrarium

225 1338 288 1401 Sed
312 1361 351 1413 ue
372 1340 434 1402 hoc
456 1341 577 1421 quidem
594 1342 754 1422 promovi,
783 1340 866 1420 quod
887 1358 937 1402 mc
956 1359 1065 1421 saepe·
1106 1387 1108 1391 «

137 1441 271 1484 numero
295 1432 326 1484 et
348 1423 542 1486 multifariam
570 1423 745 1500 obtulerim,
775 1431 809 1485 ut
829 1423 908 1485 filius
931 1424 1064 1505 supplex

138 1514 170 1567 et
191 1505 344 1570 obediens
366 1515 493 1569 sanctas
507 1507 657 1569 ecclesiae
672 1506 841 1568 catholicae
865 1505 981 1588 (qualis
994 1506 1064 1571 Deo

136 1591 259 1670 optimo
283 1591 420 1652 maximo
443 1590 583 1653 adiutore
604 1592 682 1652 mori
704 1590 811 1668 volo),
839 1592 1012 1669 taciturum,
1039 1594 1065 1653 si

137 1693 192 1754 per
216 1692 309 1735 meos
330 1672 525 1737 adversarios
548 1674 654 1752 liceat,
677 1673 908 1753 quieturumque
930 1695 979 1737 me
1000 1694 1066 1754 peu·

140 1757 306 1818 missurum
330 1758 498 1832 meliora1)
524 1757 784 1825 etsshristiauioua
806 1758 951 1825 exsectis
973 1758 1067 1829 literis

138 1839 245 1901 doceri
269 1847 299 1909 et
321 1841 456 1917 institui,
484 1843 514 1900 in
536 1841 675 1922 publicas
698 1839 919 1921 disputationes
942 1841 1068 1913 descen·¹

136 1942 261 2001 surum,
298 1924 435 1985 omnium
460 1924 689 1986 universitatum
698 1922 725 2005 ²)
758 1943 819 1984 non
854 1932 1066 2005 suspectarum

136 2008 354 2088 cognitionem
383 2013 413 2067 et
444 2009 626 2069 sententiam
654 2004 831 2087 passurum,
865 2025 975 2075 coram
1004 2028 1067 2075 non

136 2090 312 2171 suspectis,
335 2089 389 2152 aed
412 2092 536 2170 aequis,
558 2091 653 2151 sacris
677 2096 706 2150 et
727 2091 881 2170 profanis,
904 2091 1077 2171 spirituali·¹

136 2173 192 2233 bus
216 2179 251 2233 et
262 2172 453 2233 secularibus
474 2173 636 2253 iudicibus,
660 2172 931 2254 subfidepublica,
953 2173 1066 2235 idonea

135 2263 166 2316 et
186 2255 367 2333 sufficienti,
390 2255 544 2317 conductu
567 2256 673 2333 libero,
696 2264 725 2317 et
747 2256 875 2317 libenter
897 2265 928 2317 et
948 2257 1065 2318 humili·

135 2345 180 2400 ter
202 2338 458 2419 competitorum,
481 2359 649 2419 eorumque
671 2341 876 2420 cognitionem
899 2347 929 2401 et
946 2348 1066 2401 senten·

135 2423 206 2483 bam
232 2428 449 2502 accepturum,
478 2429 570 2503 atque
592 2423 686 2504 adeo,
708 2425 733 2483 si
761 2423 848 2485 iustis
876 2430 906 2483 et
927 2423 1065 2486 honestis

139 2505 410 2585 confutationibus,
431 2506 663 2568 rationabilibus
680 2507 779 2568 causis
793 2524 947 2575 sacrarum
966 2507 1064 2568 litera-

138 2609 199 2651 rum
223 2609 277 2650 me
299 2596 331 2650 et
348 2588 533 2665 iniustum³l
558 2591 770 2651 invenerintet
791 2591 929 2669 vicerint,
951 2590 1067 2671 suppli·

135 2673 208 2734 citer
231 2671 440 2754 praebiturum
464 2692 513 2734 me
526 2673 708 2751 docendum,
730 2682 758 2734 et
772 2693 790 2733 a
802 2691 871 2733 meo
888 2676 1059 2754 proposito,

134 2755 215 2836 qnod
230 2756 382 2817 hactenus
407 2756 508 2836 (quod
520 2758 595 2817 citra
608 2758 783 2817 iactantiam
807 2757 920 2816 dictum
932 2758 988 2836 sit]
1001 2763 1064 2819 tan·

133 2848 197 2900 tum
221 2858 280 2920 pro
293 2839 392 2920 gloria
405 2840 462 2901 Dei
474 2847 503 2900 et
516 2839 625 2919 salute,
649 2839 875 2918 commoditate,
900 2839 1011 2901 solatio
1035 2847 1064 2901 et

132 2923 281 2983 felicitate
292 2923 386 2984 totius
397 2923 515 3005 reipub.
526 2923 726 3003 Christianae,
748 2942 886 3004 promen
902 2922 1016 2998 officio,
1032 2930 1065 2983 ut

135 3006 308 3066 immeritus
331 3024 438 3067 sacrae
461 3006 638 3086 theologiae
651 3006 767 3067 Doctor
789 3007 977 3083 nominatus,
999 3007 1065 3066 sine

135 3089 220 3149 omni
243 3107 300 3169 spe
322 3096 353 3148 et
376 3091 608 3170 exspectatione
630 3092 767 3170 privatae
786 3088 896 3167 laudis,
919 3097 1064 3168 quaestus

134 3179 165 3232 et
188 3170 346 3233 commodi
368 3172 476 3242 habui,
500 3171 679 3233 obedienter
701 3171 876 3236 desistendi.

220 3255 337 3315 Verum
350 3243 473 3316 tautum*
491 3254 587 3335 abest,
611 3264 643 3315 ut
655 3256 733 3315 haec
756 3255 861 3316 omnia
882 3255 930 3314 vcl
948 3253 1064 3313 minimi

134 3338 219 3419 apud
249 3356 336 3399 meos
366 3338 559 3400 adversarios
588 3340 734 3399 momenti
767 3338 892 3413 fuerint,
928 3344 960 3397 ut
987 3334 1066 3395 haec

134 3422 243 3483 omnia
266 3420 442 3484 offerentem
459 3423 657 3501 haereticum,
676 3422 915 3497 schismaticum,
937 3416 1065 3478 scauda-

189 3637 224 3701 1)
244 3636 277 3690 In
301 3636 343 3690 ed.
362 3635 439 3691 den:
467 3641 538 3691 morl
558 3638 653 3704 volo),
673 3640 696 3690 si
718 3653 768 3706 per
787 3652 865 3690 meos
891 3634 1068 3687 adversarios

129 3711 219 3765 liceat
230 3725 277 3762 me
295 3710 442 3762 taciturum
455 3712 668 3780 quieturumque
687 3725 718 3761 ac
728 3710 930 3776 permissurum
941 3706 1068 3762 meliora.

132 3782 163 3852 2)
183 3781 274 3838 Ibid.:
294 3779 515 3836 Academiarum.
552 3782 585 3853 3)
606 3782 690 3838 lbid:
711 3787 741 3835 ut
757 3781 900 3836 iniustum.
