<?xml version="1.0" encoding="UTF-8"?>
<!DOCTYPE html PUBLIC "-//W3C//DTD XHTML 1.0 Transitional//EN"
    "http://www.w3.org/TR/xhtml1/DTD/xhtml1-transitional.dtd">
<html xmlns="http://www.w3.org/1999/xhtml" xml:lang="en" lang="en">
 <head>
  <title>
</title>
<meta http-equiv="Content-Type" content="text/html;charset=utf-8" />
  <meta name='ocr-system' content='tesseract 3.04.00' />
  <meta name='ocr-capabilities' content='ocr_page ocr_carea ocr_par ocr_line ocrx_word'/>
</head>
<body>
  <div class='ocr_page' id='page_1' title='image "./dmartinilutheri03luthgoog_0203.png"; bbox 0 0 2392 4170; ppageno 0'>
   <div class='ocr_carea' id='block_1_1' title="bbox 134 204 864 318">
    <p class='ocr_par' dir='ltr' id='par_1_1' title="bbox 134 204 864 318">
     <span class='ocr_line' id='line_1_1' title="bbox 134 204 864 318; baseline -0.001 -15"><span class='ocrx_word' id='word_1_1' title='bbox 134 243 193 310; x_wconf 84' lang='grc'><strong>192</strong></span> <span class='ocrx_word' id='word_1_2' title='bbox 301 246 430 301; x_wconf 79' lang='lat' dir='ltr'><strong>Assertio</strong></span> <span class='ocrx_word' id='word_1_3' title='bbox 450 204 525 301; x_wconf 80' lang='lat' dir='ltr'><strong>omri.</strong></span> <span class='ocrx_word' id='word_1_4' title='bbox 555 250 631 301; x_wconf 88' lang='lat' dir='ltr'><strong>artic.</strong></span> <span class='ocrx_word' id='word_1_5' title='bbox 652 248 683 301; x_wconf 89' lang='lat' dir='ltr'><strong>D.</strong></span> <span class='ocrx_word' id='word_1_6' title='bbox 704 248 737 304; x_wconf 81' lang='lat' dir='ltr'><strong>li.</strong></span> <span class='ocrx_word' id='word_1_7' title='bbox 759 252 784 302; x_wconf 90' lang='lat' dir='ltr'><strong>t.</strong></span> <span class='ocrx_word' id='word_1_8' title='bbox 803 260 864 318; x_wconf 84' lang='lat' dir='ltr'><strong>per·</strong></span> 
     </span>
    </p>
   </div>
   <div class='ocr_carea' id='block_1_2' title="bbox 113 401 1070 1317">
    <p class='ocr_par' dir='ltr' id='par_1_2' title="bbox 113 401 1070 1317">
     <span class='ocr_line' id='line_1_2' title="bbox 133 401 1059 484; baseline 0.003 -24"><span class='ocrx_word' id='word_1_9' title='bbox 133 401 190 462; x_wconf 89' lang='lat' dir='ltr'><strong>soli</strong></span> <span class='ocrx_word' id='word_1_10' title='bbox 214 403 440 462; x_wconf 76' lang='lat' dir='ltr'><strong>misericordiae</strong></span> <span class='ocrx_word' id='word_1_11' title='bbox 463 403 652 484; x_wconf 85' lang='lat' dir='ltr'><strong>ignoscenda</strong></span> <span class='ocrx_word' id='word_1_12' title='bbox 668 403 884 483; x_wconf 79' lang='lat' dir='ltr'><strong>relinquamus,</strong></span> <span class='ocrx_word' id='word_1_13' title='bbox 904 404 1059 465; x_wconf 61' lang='lat' dir='ltr'><strong>‘dicentesz</strong></span> 
     </span>
     <span class='ocr_line' id='line_1_3' title="bbox 134 483 990 564; baseline 0.002 -20"><span class='ocrx_word' id='word_1_14' title='bbox 134 483 182 544; x_wconf 88' lang='lat' dir='ltr'><strong>Ab</strong></span> <span class='ocrx_word' id='word_1_15' title='bbox 205 486 333 546; x_wconf 89' lang='lat' dir='ltr'><strong>occultis</strong></span> <span class='ocrx_word' id='word_1_16' title='bbox 358 489 432 545; x_wconf 91' lang='lat' dir='ltr'><strong>meis</strong></span> <span class='ocrx_word' id='word_1_17' title='bbox 454 487 568 546; x_wconf 85' lang='lat' dir='ltr'><strong>munda</strong></span> <span class='ocrx_word' id='word_1_18' title='bbox 590 506 657 564; x_wconf 92' lang='lat' dir='ltr'><strong>me,</strong></span> <span class='ocrx_word' id='word_1_19' title='bbox 681 487 820 548; x_wconf 87' lang='lat' dir='ltr'><strong>Domine.</strong></span> <span class='ocrx_word' id='word_1_20' title='bbox 989 489 990 493; x_wconf 75' lang='grc'>’</span> 
     </span>
     <span class='ocr_line' id='line_1_4' title="bbox 216 567 1060 653; baseline 0.006 -26"><span class='ocrx_word' id='word_1_21' title='bbox 216 567 310 648; x_wconf 87' lang='lat' dir='ltr'><strong>Igitur</strong></span> <span class='ocrx_word' id='word_1_22' title='bbox 331 569 380 629; x_wconf 91' lang='lat' dir='ltr'><strong>hic</strong></span> <span class='ocrx_word' id='word_1_23' title='bbox 403 569 546 630; x_wconf 77' lang='lat' dir='ltr'><strong>articulus</strong></span> <span class='ocrx_word' id='word_1_24' title='bbox 569 571 726 633; x_wconf 85' lang='lat' dir='ltr'><strong>evidenter</strong></span> <span class='ocrx_word' id='word_1_25' title='bbox 754 572 890 652; x_wconf 90' lang='lat' dir='ltr'><strong>sequitur</strong></span> <span class='ocrx_word' id='word_1_26' title='bbox 913 591 953 632; x_wconf 85' lang='lat' dir='ltr'><strong>ex</strong></span> <span class='ocrx_word' id='word_1_27' title='bbox 973 588 1060 653; x_wconf 85' lang='lat' dir='ltr'><strong>prae·</strong></span> 
     </span>
     <span class='ocr_line' id='line_1_5' title="bbox 113 650 1061 735; baseline 0.004 -25"><span class='ocrx_word' id='word_1_28' title='bbox 113 650 253 711; x_wconf 85' lang='lat' dir='ltr'><strong>cedenti</strong></span> <span class='ocrx_word' id='word_1_29' title='bbox 288 663 318 712; x_wconf 91' lang='lat' dir='ltr'><strong>et</strong></span> <span class='ocrx_word' id='word_1_30' title='bbox 351 651 444 712; x_wconf 90' lang='lat' dir='ltr'><strong>verbo</strong></span> <span class='ocrx_word' id='word_1_31' title='bbox 480 653 592 713; x_wconf 92' lang='lat' dir='ltr'><strong>David:</strong></span> <span class='ocrx_word' id='word_1_32' title='bbox 645 653 764 714; x_wconf 75' lang='lat' dir='ltr'><strong>Delicta</strong></span> <span class='ocrx_word' id='word_1_33' title='bbox 797 656 864 733; x_wconf 88' lang='lat' dir='ltr'><strong>quis</strong></span> <span class='ocrx_word' id='word_1_34' title='bbox 897 653 1061 735; x_wconf 79' lang='lat' dir='ltr'><strong>intelligit?</strong></span> 
     </span>
     <span class='ocr_line' id='line_1_6' title="bbox 132 734 1061 816; baseline 0.004 -22"><span class='ocrx_word' id='word_1_35' title='bbox 132 734 205 794; x_wconf 94' lang='lat' dir='ltr'><strong>ldeo</strong></span> <span class='ocrx_word' id='word_1_36' title='bbox 230 735 302 795; x_wconf 93' lang='lat' dir='ltr'><strong>nibil</strong></span> <span class='ocrx_word' id='word_1_37' title='bbox 327 743 441 813; x_wconf 88' lang='lat' dir='ltr'><strong>movet,</strong></span> <span class='ocrx_word' id='word_1_38' title='bbox 463 735 608 815; x_wconf 90' lang='lat' dir='ltr'><strong>quidquid</strong></span> <span class='ocrx_word' id='word_1_39' title='bbox 635 738 728 816; x_wconf 87' lang='lat' dir='ltr'><strong>impia</strong></span> <span class='ocrx_word' id='word_1_40' title='bbox 751 740 809 816; x_wconf 82' lang='lat' dir='ltr'><strong>ista</strong></span> <span class='ocrx_word' id='word_1_41' title='bbox 830 737 919 797; x_wconf 89' lang='lat' dir='ltr'><strong>Bulla</strong></span> <span class='ocrx_word' id='word_1_42' title='bbox 935 738 1061 798; x_wconf 86' lang='lat' dir='ltr'><strong>damnat</strong></span> 
     </span>
     <span class='ocr_line' id='line_1_7' title="bbox 134 817 1061 899; baseline 0.004 -22"><span class='ocrx_word' id='word_1_43' title='bbox 134 817 172 878; x_wconf 92' lang='lat' dir='ltr'><strong>de</strong></span> <span class='ocrx_word' id='word_1_44' title='bbox 194 837 250 879; x_wconf 88' lang='lat' dir='ltr'><strong>suo</strong></span> <span class='ocrx_word' id='word_1_45' title='bbox 272 820 397 899; x_wconf 89' lang='lat' dir='ltr'><strong>proprio</strong></span> <span class='ocrx_word' id='word_1_46' title='bbox 421 819 555 879; x_wconf 86' lang='lat' dir='ltr'><strong>cerebro.</strong></span> <span class='ocrx_word' id='word_1_47' title='bbox 602 819 663 880; x_wconf 88' lang='lat' dir='ltr'><strong>lsta</strong></span> <span class='ocrx_word' id='word_1_48' title='bbox 695 827 742 879; x_wconf 90' lang='lat' dir='ltr'><strong>est</strong></span> <span class='ocrx_word' id='word_1_49' title='bbox 770 821 849 880; x_wconf 90' lang='lat' dir='ltr'><strong>enim</strong></span> <span class='ocrx_word' id='word_1_50' title='bbox 884 819 1061 882; x_wconf 82' lang='lat' dir='ltr'><strong>carnificina</strong></span> 
     </span>
     <span class='ocr_line' id='line_1_8' title="bbox 133 902 1060 981; baseline 0.003 -20"><span class='ocrx_word' id='word_1_51' title='bbox 133 902 355 979; x_wconf 88' lang='lat' dir='ltr'><strong>cruentissima,</strong></span> <span class='ocrx_word' id='word_1_52' title='bbox 382 920 444 981; x_wconf 90' lang='lat' dir='ltr'><strong>qna</strong></span> <span class='ocrx_word' id='word_1_53' title='bbox 465 902 614 963; x_wconf 89' lang='lat' dir='ltr'><strong>hactenus</strong></span> <span class='ocrx_word' id='word_1_54' title='bbox 637 910 682 962; x_wconf 89' lang='lat' dir='ltr'><strong>tot</strong></span> <span class='ocrx_word' id='word_1_55' title='bbox 704 905 830 964; x_wconf 87' lang='lat' dir='ltr'><strong>miseras</strong></span> <span class='ocrx_word' id='word_1_56' title='bbox 853 905 1060 965; x_wconf 89' lang='lat' dir='ltr'><strong>conscientias</strong></span> 
     </span>
     <span class='ocr_line' id='line_1_9' title="bbox 129 986 1060 1066; baseline 0.003 -22"><span class='ocrx_word' id='word_1_57' title='bbox 129 991 295 1065; x_wconf 88' lang='lat' dir='ltr'><strong>torserunt,</strong></span> <span class='ocrx_word' id='word_1_58' title='bbox 317 988 451 1045; x_wconf 90' lang='lat' dir='ltr'><strong>omnium</strong></span> <span class='ocrx_word' id='word_1_59' title='bbox 475 993 506 1046; x_wconf 88' lang='lat' dir='ltr'><strong>et</strong></span> <span class='ocrx_word' id='word_1_60' title='bbox 522 986 711 1066; x_wconf 86' lang='lat' dir='ltr'><strong>singulorum</strong></span> <span class='ocrx_word' id='word_1_61' title='bbox 726 994 923 1066; x_wconf 91' lang='lat' dir='ltr'><strong>peccatorum</strong></span> <span class='ocrx_word' id='word_1_62' title='bbox 946 987 1060 1047; x_wconf 88' lang='lat' dir='ltr'><strong>diacus-</strong></span> 
     </span>
     <span class='ocr_line' id='line_1_10' title="bbox 133 1068 1063 1150; baseline 0.002 -22"><span class='ocrx_word' id='word_1_63' title='bbox 133 1068 270 1129; x_wconf 89' lang='lat' dir='ltr'><strong>sionibus</strong></span> <span class='ocrx_word' id='word_1_64' title='bbox 293 1076 324 1128; x_wconf 90' lang='lat' dir='ltr'><strong>et</strong></span> <span class='ocrx_word' id='word_1_65' title='bbox 347 1070 601 1149; x_wconf 81' lang='lat' dir='ltr'><strong>confessionibus,</strong></span> <span class='ocrx_word' id='word_1_66' title='bbox 625 1088 692 1129; x_wconf 91' lang='lat' dir='ltr'><strong>cum</strong></span> <span class='ocrx_word' id='word_1_67' title='bbox 715 1088 771 1150; x_wconf 94' lang='lat' dir='ltr'><strong>pro</strong></span> <span class='ocrx_word' id='word_1_68' title='bbox 795 1089 828 1130; x_wconf 86' lang='lat' dir='ltr'><strong>se</strong></span> <span class='ocrx_word' id='word_1_69' title='bbox 851 1090 911 1130; x_wconf 92' lang='lat' dir='ltr'><strong>non</strong></span> <span class='ocrx_word' id='word_1_70' title='bbox 927 1069 1063 1131; x_wconf 88' lang='lat' dir='ltr'><strong>habeant</strong></span> 
     </span>
     <span class='ocr_line' id='line_1_11' title="bbox 134 1151 1070 1234; baseline 0.002 -22"><span class='ocrx_word' id='word_1_71' title='bbox 134 1171 172 1212; x_wconf 87' lang='lat' dir='ltr'><strong>ne</strong></span> <span class='ocrx_word' id='word_1_72' title='bbox 194 1154 258 1213; x_wconf 89' lang='lat' dir='ltr'><strong>iota</strong></span> <span class='ocrx_word' id='word_1_73' title='bbox 279 1153 401 1232; x_wconf 88' lang='lat' dir='ltr'><strong>quidem</strong></span> <span class='ocrx_word' id='word_1_74' title='bbox 425 1153 513 1213; x_wconf 89' lang='lat' dir='ltr'><strong>ullius</strong></span> <span class='ocrx_word' id='word_1_75' title='bbox 536 1151 720 1233; x_wconf 81' lang='lat' dir='ltr'><strong>Scriptores,</strong></span> <span class='ocrx_word' id='word_1_76' title='bbox 753 1153 913 1234; x_wconf 77' lang='lat' dir='ltr'><strong>tyrannide</strong></span> <span class='ocrx_word' id='word_1_77' title='bbox 937 1152 1070 1234; x_wconf 78' lang='lat' dir='ltr'><strong>propria</strong></span> 
     </span>
     <span class='ocr_line' id='line_1_12' title="bbox 133 1236 1003 1317; baseline 0.001 -22"><span class='ocrx_word' id='word_1_78' title='bbox 133 1236 211 1296; x_wconf 85' lang='lat' dir='ltr'><strong>haec</strong></span> <span class='ocrx_word' id='word_1_79' title='bbox 232 1254 328 1298; x_wconf 89' lang='lat' dir='ltr'><strong>onera</strong></span> <span class='ocrx_word' id='word_1_80' title='bbox 348 1236 555 1315; x_wconf 89' lang='lat' dir='ltr'><strong>importabilia</strong></span> <span class='ocrx_word' id='word_1_81' title='bbox 578 1236 751 1297; x_wconf 89' lang='lat' dir='ltr'><strong>hominibus</strong></span> <span class='ocrx_word' id='word_1_82' title='bbox 773 1239 977 1317; x_wconf 87' lang='lat' dir='ltr'><strong>imponentes.</strong></span> <span class='ocrx_word' id='word_1_83' title='bbox 1000 1277 1003 1281; x_wconf 65' lang='grc'><em>»</em></span> 
     </span>
    </p>
   </div>
   <div class='ocr_carea' id='block_1_3' title="bbox 498 1383 693 1463">
    <p class='ocr_par' dir='ltr' id='par_1_3' title="bbox 498 1383 693 1463">
     <span class='ocr_line' id='line_1_13' title="bbox 498 1383 693 1463; baseline 0 -2"><span class='ocrx_word' id='word_1_84' title='bbox 498 1383 693 1463; x_wconf 84' lang='lat' dir='ltr'><strong>Decimus:</strong></span> 
     </span>
    </p>
   </div>
   <div class='ocr_carea' id='block_1_4' title="bbox 195 1537 1062 1953">
    <p class='ocr_par' dir='ltr' id='par_1_4' title="bbox 195 1537 1062 1953">
     <span class='ocr_line' id='line_1_14' title="bbox 195 1537 1061 1615; baseline 0.001 -17"><span class='ocrx_word' id='word_1_85' title='bbox 195 1538 328 1599; x_wconf 86' lang='lat' dir='ltr'><strong>Peccata</strong></span> <span class='ocrx_word' id='word_1_86' title='bbox 355 1557 417 1599; x_wconf 91' lang='lat' dir='ltr'><strong>non</strong></span> <span class='ocrx_word' id='word_1_87' title='bbox 444 1547 516 1598; x_wconf 86' lang='lat' dir='ltr'><strong>sunt</strong></span> <span class='ocrx_word' id='word_1_88' title='bbox 547 1537 597 1597; x_wconf 92' lang='lat' dir='ltr'><strong>ulli</strong></span> <span class='ocrx_word' id='word_1_89' title='bbox 620 1540 764 1615; x_wconf 90' lang='lat' dir='ltr'><strong>remissa,</strong></span> <span class='ocrx_word' id='word_1_90' title='bbox 797 1539 854 1598; x_wconf 90' lang='lat' dir='ltr'><strong>nisi</strong></span> <span class='ocrx_word' id='word_1_91' title='bbox 888 1540 1061 1600; x_wconf 84' lang='lat' dir='ltr'><strong>remittente</strong></span> 
     </span>
     <span class='ocr_line' id='line_1_15' title="bbox 195 1621 1061 1702; baseline 0.001 -21"><span class='ocrx_word' id='word_1_92' title='bbox 195 1622 357 1684; x_wconf 87' lang='lat' dir='ltr'><strong>sacerdote</strong></span> <span class='ocrx_word' id='word_1_93' title='bbox 378 1622 483 1682; x_wconf 89' lang='lat' dir='ltr'><strong>credat</strong></span> <span class='ocrx_word' id='word_1_94' title='bbox 504 1621 561 1681; x_wconf 88' lang='lat' dir='ltr'><strong>sibi</strong></span> <span class='ocrx_word' id='word_1_95' title='bbox 583 1623 710 1700; x_wconf 88' lang='lat' dir='ltr'><strong>remitti,</strong></span> <span class='ocrx_word' id='word_1_96' title='bbox 731 1621 794 1683; x_wconf 93' lang='lat' dir='ltr'><strong>imo</strong></span> <span class='ocrx_word' id='word_1_97' title='bbox 815 1633 974 1702; x_wconf 88' lang='lat' dir='ltr'><strong>peccatum</strong></span> <span class='ocrx_word' id='word_1_98' title='bbox 998 1641 1061 1683; x_wconf 87' lang='lat' dir='ltr'><strong>ma·</strong></span> 
     </span>
     <span class='ocr_line' id='line_1_16' title="bbox 197 1705 1062 1782; baseline 0 -17"><span class='ocrx_word' id='word_1_99' title='bbox 197 1713 297 1782; x_wconf 88' lang='lat' dir='ltr'><strong>neret,</strong></span> <span class='ocrx_word' id='word_1_100' title='bbox 339 1707 395 1766; x_wconf 91' lang='lat' dir='ltr'><strong>nisi</strong></span> <span class='ocrx_word' id='word_1_101' title='bbox 425 1706 583 1773; x_wconf 85' lang='lat' dir='ltr'><strong>remissum</strong></span> <span class='ocrx_word' id='word_1_102' title='bbox 614 1705 760 1765; x_wconf 87' lang='lat' dir='ltr'><strong>crederet.</strong></span> <span class='ocrx_word' id='word_1_103' title='bbox 799 1705 868 1765; x_wconf 87' lang='lat' dir='ltr'><strong>Non</strong></span> <span class='ocrx_word' id='word_1_104' title='bbox 897 1707 976 1766; x_wconf 90' lang='lat' dir='ltr'><strong>enim</strong></span> <span class='ocrx_word' id='word_1_105' title='bbox 1001 1705 1062 1765; x_wconf 81' lang='lat' dir='ltr'><strong>suf·</strong></span> 
     </span>
     <span class='ocr_line' id='line_1_17' title="bbox 195 1787 1060 1869; baseline -0.001 -20"><span class='ocrx_word' id='word_1_106' title='bbox 195 1789 258 1849; x_wconf 88' lang='lat' dir='ltr'><strong>ficit</strong></span> <span class='ocrx_word' id='word_1_107' title='bbox 290 1789 428 1848; x_wconf 88' lang='lat' dir='ltr'><strong>remissio</strong></span> <span class='ocrx_word' id='word_1_108' title='bbox 461 1789 582 1869; x_wconf 90' lang='lat' dir='ltr'><strong>peccati</strong></span> <span class='ocrx_word' id='word_1_109' title='bbox 610 1795 640 1847; x_wconf 89' lang='lat' dir='ltr'><strong>et</strong></span> <span class='ocrx_word' id='word_1_110' title='bbox 672 1789 789 1867; x_wconf 85' lang='lat' dir='ltr'><strong>gratiae</strong></span> <span class='ocrx_word' id='word_1_111' title='bbox 824 1788 970 1868; x_wconf 88' lang='lat' dir='ltr'><strong>donati0,</strong></span> <span class='ocrx_word' id='word_1_112' title='bbox 1004 1787 1060 1848; x_wconf 90' lang='lat' dir='ltr'><strong>sed</strong></span> 
     </span>
     <span class='ocr_line' id='line_1_18' title="bbox 196 1871 858 1953; baseline 0.003 -21"><span class='ocrx_word' id='word_1_113' title='bbox 196 1879 319 1953; x_wconf 90' lang='lat' dir='ltr'><strong>oportet</strong></span> <span class='ocrx_word' id='word_1_114' title='bbox 339 1872 430 1932; x_wconf 89' lang='lat' dir='ltr'><strong>etiam</strong></span> <span class='ocrx_word' id='word_1_115' title='bbox 453 1871 577 1932; x_wconf 89' lang='lat' dir='ltr'><strong>credere</strong></span> <span class='ocrx_word' id='word_1_116' title='bbox 595 1889 668 1939; x_wconf 22' lang='lat' dir='ltr'><strong>,esse</strong></span> <span class='ocrx_word' id='word_1_117' title='bbox 690 1874 858 1935; x_wconf 86' lang='lat' dir='ltr'><strong>remissum.</strong></span> 
     </span>
    </p>
   </div>
   <div class='ocr_carea' id='block_1_5' title="bbox 67 1984 1074 3579">
    <p class='ocr_par' dir='ltr' id='par_1_5' title="bbox 133 1984 1062 2802">
     <span class='ocr_line' id='line_1_19' title="bbox 218 1984 1061 2068; baseline -0.001 -18"><span class='ocrx_word' id='word_1_118' title='bbox 218 1991 266 2050; x_wconf 78' lang='lat' dir='ltr'><strong>Ex</strong></span> <span class='ocrx_word' id='word_1_119' title='bbox 288 1991 375 2051; x_wconf 90' lang='lat' dir='ltr'><strong>istius</strong></span> <span class='ocrx_word' id='word_1_120' title='bbox 397 1989 515 2049; x_wconf 89' lang='lat' dir='ltr'><strong>articuli</strong></span> <span class='ocrx_word' id='word_1_121' title='bbox 545 1988 741 2048; x_wconf 76' lang='lat' dir='ltr'><strong>damnatione</strong></span> <span class='ocrx_word' id='word_1_122' title='bbox 763 1991 913 2068; x_wconf 90' lang='lat' dir='ltr'><strong>sequitur,</strong></span> <span class='ocrx_word' id='word_1_123' title='bbox 950 1984 1061 2068; x_wconf 83' lang='lat' dir='ltr'><strong>plima,</strong></span> 
     </span>
     <span class='ocr_line' id='line_1_20' title="bbox 134 2070 1061 2154; baseline -0.002 -20"><span class='ocrx_word' id='word_1_124' title='bbox 134 2074 217 2154; x_wconf 93' lang='lat' dir='ltr'><strong>quod</strong></span> <span class='ocrx_word' id='word_1_125' title='bbox 247 2073 441 2133; x_wconf 84' lang='lat' dir='ltr'><strong>confessurus</strong></span> <span class='ocrx_word' id='word_1_126' title='bbox 470 2091 531 2131; x_wconf 92' lang='lat' dir='ltr'><strong>non</strong></span> <span class='ocrx_word' id='word_1_127' title='bbox 561 2071 650 2131; x_wconf 86' lang='lat' dir='ltr'><strong>debet</strong></span> <span class='ocrx_word' id='word_1_128' title='bbox 678 2071 818 2148; x_wconf 90' lang='lat' dir='ltr'><strong>credere,</strong></span> <span class='ocrx_word' id='word_1_129' title='bbox 846 2091 914 2132; x_wconf 90' lang='lat' dir='ltr'><strong>sese</strong></span> <span class='ocrx_word' id='word_1_130' title='bbox 941 2070 1061 2132; x_wconf 87' lang='lat' dir='ltr'><strong>absolvi</strong></span> 
     </span>
     <span class='ocr_line' id='line_1_21' title="bbox 134 2154 1062 2236; baseline -0.003 -19"><span class='ocrx_word' id='word_1_131' title='bbox 134 2168 187 2217; x_wconf 89' lang='lat' dir='ltr'><strong>eut</strong></span> <span class='ocrx_word' id='word_1_132' title='bbox 208 2158 319 2217; x_wconf 89' lang='lat' dir='ltr'><strong>remitti</strong></span> <span class='ocrx_word' id='word_1_133' title='bbox 342 2157 398 2216; x_wconf 86' lang='lat' dir='ltr'><strong>sibi</strong></span> <span class='ocrx_word' id='word_1_134' title='bbox 421 2162 593 2236; x_wconf 86' lang='lat' dir='ltr'><strong>peccatum,</strong></span> <span class='ocrx_word' id='word_1_135' title='bbox 623 2175 660 2216; x_wconf 90' lang='lat' dir='ltr'><strong>ac</strong></span> <span class='ocrx_word' id='word_1_136' title='bbox 682 2175 736 2235; x_wconf 91' lang='lat' dir='ltr'><strong>per</strong></span> <span class='ocrx_word' id='word_1_137' title='bbox 758 2156 818 2215; x_wconf 92' lang='lat' dir='ltr'><strong>hoc</strong></span> <span class='ocrx_word' id='word_1_138' title='bbox 840 2155 943 2216; x_wconf 90' lang='lat' dir='ltr'><strong>licebit</strong></span> <span class='ocrx_word' id='word_1_139' title='bbox 963 2156 993 2214; x_wconf 94' lang='lat' dir='ltr'><strong>in</strong></span> <span class='ocrx_word' id='word_1_140' title='bbox 1017 2154 1062 2214; x_wconf 81' lang='lat' dir='ltr'><strong>la·</strong></span> 
     </span>
     <span class='ocr_line' id='line_1_22' title="bbox 134 2238 1061 2316; baseline -0.003 -15"><span class='ocrx_word' id='word_1_141' title='bbox 134 2244 211 2301; x_wconf 91' lang='lat' dir='ltr'><strong>ciem</strong></span> <span class='ocrx_word' id='word_1_142' title='bbox 234 2240 403 2300; x_wconf 88' lang='lat' dir='ltr'><strong>sacerdotis</strong></span> <span class='ocrx_word' id='word_1_143' title='bbox 426 2239 526 2298; x_wconf 90' lang='lat' dir='ltr'><strong>dicere</strong></span> <span class='ocrx_word' id='word_1_144' title='bbox 542 2239 745 2298; x_wconf 88' lang='lat' dir='ltr'><strong>absolventis:</strong></span> <span class='ocrx_word' id='word_1_145' title='bbox 768 2239 813 2299; x_wconf 85' lang='lat' dir='ltr'><strong>Tu</strong></span> <span class='ocrx_word' id='word_1_146' title='bbox 828 2238 974 2316; x_wconf 90' lang='lat' dir='ltr'><strong>mentiris,</strong></span> <span class='ocrx_word' id='word_1_147' title='bbox 998 2257 1061 2298; x_wconf 92' lang='lat' dir='ltr'><strong>non</strong></span> 
     </span>
     <span class='ocr_line' id='line_1_23' title="bbox 135 2320 1061 2403; baseline -0.005 -18"><span class='ocrx_word' id='word_1_148' title='bbox 135 2321 279 2385; x_wconf 87' lang='lat' dir='ltr'><strong>absolvor</strong></span> <span class='ocrx_word' id='word_1_149' title='bbox 301 2342 320 2382; x_wconf 89' lang='lat' dir='ltr'><strong>a</strong></span> <span class='ocrx_word' id='word_1_150' title='bbox 342 2330 387 2399; x_wconf 91' lang='lat' dir='ltr'><strong>te,</strong></span> <span class='ocrx_word' id='word_1_151' title='bbox 423 2340 481 2382; x_wconf 89' lang='lat' dir='ltr'><strong>nec</strong></span> <span class='ocrx_word' id='word_1_152' title='bbox 503 2323 694 2382; x_wconf 88' lang='lat' dir='ltr'><strong>remittuntur</strong></span> <span class='ocrx_word' id='word_1_153' title='bbox 724 2324 796 2382; x_wconf 91' lang='lat' dir='ltr'><strong>mibi</strong></span> <span class='ocrx_word' id='word_1_154' title='bbox 826 2330 964 2403; x_wconf 87' lang='lat' dir='ltr'><strong>peccata.</strong></span> <span class='ocrx_word' id='word_1_155' title='bbox 1009 2320 1061 2382; x_wconf 83' lang='lat' dir='ltr'><strong>Se·</strong></span> 
     </span>
     <span class='ocr_line' id='line_1_24' title="bbox 135 2403 1062 2485; baseline -0.004 -17"><span class='ocrx_word' id='word_1_156' title='bbox 135 2408 246 2485; x_wconf 91' lang='lat' dir='ltr'><strong>cundo,</strong></span> <span class='ocrx_word' id='word_1_157' title='bbox 269 2405 351 2485; x_wconf 90' lang='lat' dir='ltr'><strong>quod</strong></span> <span class='ocrx_word' id='word_1_158' title='bbox 374 2406 511 2467; x_wconf 81' lang='lat' dir='ltr'><strong>Christus</strong></span> <span class='ocrx_word' id='word_1_159' title='bbox 533 2407 572 2466; x_wconf 90' lang='lat' dir='ltr'><strong>sit</strong></span> <span class='ocrx_word' id='word_1_160' title='bbox 594 2407 748 2483; x_wconf 87' lang='lat' dir='ltr'><strong>mentitus,</strong></span> <span class='ocrx_word' id='word_1_161' title='bbox 771 2406 819 2465; x_wconf 90' lang='lat' dir='ltr'><strong>ubi</strong></span> <span class='ocrx_word' id='word_1_162' title='bbox 844 2405 933 2468; x_wconf 87' lang='lat' dir='ltr'><strong>dixit:</strong></span> <span class='ocrx_word' id='word_1_163' title='bbox 958 2403 1062 2479; x_wconf 79' lang='lat' dir='ltr'><strong>Quod·</strong></span> 
     </span>
     <span class='ocr_line' id='line_1_25' title="bbox 135 2488 1061 2572; baseline -0.004 -21"><span class='ocrx_word' id='word_1_164' title='bbox 135 2510 255 2572; x_wconf 92' lang='lat' dir='ltr'><strong>cunque</strong></span> <span class='ocrx_word' id='word_1_165' title='bbox 278 2490 416 2566; x_wconf 89' lang='lat' dir='ltr'><strong>solveris,</strong></span> <span class='ocrx_word' id='word_1_166' title='bbox 439 2489 570 2550; x_wconf 92' lang='lat' dir='ltr'><strong>solutum</strong></span> <span class='ocrx_word' id='word_1_167' title='bbox 589 2499 645 2568; x_wconf 89' lang='lat' dir='ltr'><strong>est,</strong></span> <span class='ocrx_word' id='word_1_168' title='bbox 667 2491 729 2550; x_wconf 92' lang='lat' dir='ltr'><strong>imo</strong></span> <span class='ocrx_word' id='word_1_169' title='bbox 743 2489 879 2550; x_wconf 84' lang='lat' dir='ltr'><strong>Olrristus</strong></span> <span class='ocrx_word' id='word_1_170' title='bbox 892 2490 953 2549; x_wconf 91' lang='lat' dir='ltr'><strong>hoo</strong></span> <span class='ocrx_word' id='word_1_171' title='bbox 965 2488 1061 2548; x_wconf 88' lang='lat' dir='ltr'><strong>verbo</strong></span> 
     </span>
     <span class='ocr_line' id='line_1_26' title="bbox 134 2572 1062 2653; baseline -0.004 -19"><span class='ocrx_word' id='word_1_172' title='bbox 134 2575 305 2634; x_wconf 92' lang='lat' dir='ltr'><strong>haereticus</strong></span> <span class='ocrx_word' id='word_1_173' title='bbox 330 2581 390 2653; x_wconf 86' lang='lat' dir='ltr'><strong>est,</strong></span> <span class='ocrx_word' id='word_1_174' title='bbox 420 2575 491 2652; x_wconf 87' lang='lat' dir='ltr'><strong>quia</strong></span> <span class='ocrx_word' id='word_1_175' title='bbox 514 2573 591 2632; x_wconf 89' lang='lat' dir='ltr'><strong>baec</strong></span> <span class='ocrx_word' id='word_1_176' title='bbox 614 2573 700 2633; x_wconf 90' lang='lat' dir='ltr'><strong>Bulla</strong></span> <span class='ocrx_word' id='word_1_177' title='bbox 728 2574 832 2632; x_wconf 89' lang='lat' dir='ltr'><strong>inclita</strong></span> <span class='ocrx_word' id='word_1_178' title='bbox 856 2572 994 2650; x_wconf 88' lang='lat' dir='ltr'><strong>mandat,</strong></span> <span class='ocrx_word' id='word_1_179' title='bbox 1022 2591 1062 2631; x_wconf 94' lang='lat' dir='ltr'><strong>ne</strong></span> 
     </span>
     <span class='ocr_line' id='line_1_27' title="bbox 135 2656 1061 2738; baseline -0.004 -20"><span class='ocrx_word' id='word_1_180' title='bbox 135 2660 202 2738; x_wconf 88' lang='lat' dir='ltr'><strong>quis</strong></span> <span class='ocrx_word' id='word_1_181' title='bbox 226 2658 331 2718; x_wconf 91' lang='lat' dir='ltr'><strong>credat</strong></span> <span class='ocrx_word' id='word_1_182' title='bbox 352 2676 421 2717; x_wconf 90' lang='lat' dir='ltr'><strong>sese</strong></span> <span class='ocrx_word' id='word_1_183' title='bbox 443 2656 614 2719; x_wconf 90' lang='lat' dir='ltr'><strong>absolutum</strong></span> <span class='ocrx_word' id='word_1_184' title='bbox 634 2675 716 2734; x_wconf 83' lang='lat' dir='ltr'><strong>esse,</strong></span> <span class='ocrx_word' id='word_1_185' title='bbox 746 2657 816 2715; x_wconf 91' lang='lat' dir='ltr'><strong>dum</strong></span> <span class='ocrx_word' id='word_1_186' title='bbox 839 2656 1008 2717; x_wconf 86' lang='lat' dir='ltr'><strong>absolvitur</strong></span> <span class='ocrx_word' id='word_1_187' title='bbox 1030 2656 1061 2715; x_wconf 94' lang='lat' dir='ltr'><strong>in</strong></span> 
     </span>
     <span class='ocr_line' id='line_1_28' title="bbox 133 2739 936 2802; baseline -0.002 -1"><span class='ocrx_word' id='word_1_188' title='bbox 133 2744 244 2802; x_wconf 84' lang='lat' dir='ltr'><strong>virtute</strong></span> <span class='ocrx_word' id='word_1_189' title='bbox 267 2740 429 2801; x_wconf 85' lang='lat' dir='ltr'><strong>verborum</strong></span> <span class='ocrx_word' id='word_1_190' title='bbox 452 2739 573 2801; x_wconf 79' lang='lat' dir='ltr'><strong>christi.</strong></span> <span class='ocrx_word' id='word_1_191' title='bbox 618 2740 645 2802; x_wconf 89' lang='grc' dir='ltr'>Ο</span> <span class='ocrx_word' id='word_1_192' title='bbox 670 2741 752 2799; x_wconf 88' lang='lat' dir='ltr'><strong>suror</strong></span> <span class='ocrx_word' id='word_1_193' title='bbox 773 2739 936 2800; x_wconf 87' lang='lat' dir='ltr'><strong>inauditus.</strong></span> 
     </span>
    </p>

    <p class='ocr_par' dir='ltr' id='par_1_6' title="bbox 67 2822 1074 3579">
     <span class='ocr_line' id='line_1_29' title="bbox 218 2822 1061 2906; baseline -0.004 -21"><span class='ocrx_word' id='word_1_194' title='bbox 218 2826 285 2906; x_wconf 79' lang='lat' dir='ltr'><strong>Ego</strong></span> <span class='ocrx_word' id='word_1_195' title='bbox 317 2832 418 2885; x_wconf 90' lang='lat' dir='ltr'><strong>autem</strong></span> <span class='ocrx_word' id='word_1_196' title='bbox 451 2844 520 2885; x_wconf 92' lang='lat' dir='ltr'><strong>mea</strong></span> <span class='ocrx_word' id='word_1_197' title='bbox 552 2826 597 2883; x_wconf 90' lang='lat' dir='ltr'><strong>sic</strong></span> <span class='ocrx_word' id='word_1_198' title='bbox 628 2823 770 2904; x_wconf 88' lang='lat' dir='ltr'><strong>probavi,</strong></span> <span class='ocrx_word' id='word_1_199' title='bbox 809 2823 892 2904; x_wconf 90' lang='lat' dir='ltr'><strong>quod</strong></span> <span class='ocrx_word' id='word_1_200' title='bbox 924 2822 1061 2883; x_wconf 77' lang='lat' dir='ltr'><strong>Christus</strong></span> 
     </span>
     <span class='ocr_line' id='line_1_30' title="bbox 134 2906 1064 2988; baseline -0.005 -18"><span class='ocrx_word' id='word_1_201' title='bbox 134 2910 261 2970; x_wconf 84' lang='lat' dir='ltr'><strong>Mariam</strong></span> <span class='ocrx_word' id='word_1_202' title='bbox 285 2906 536 2988; x_wconf 78' lang='lat' dir='ltr'><strong>Magdalenamlt</strong></span> <span class='ocrx_word' id='word_1_203' title='bbox 563 2907 697 2967; x_wconf 88' lang='lat' dir='ltr'><strong>absolvit</strong></span> <span class='ocrx_word' id='word_1_204' title='bbox 712 2914 836 2988; x_wconf 90' lang='lat' dir='ltr'><strong>propter</strong></span> <span class='ocrx_word' id='word_1_205' title='bbox 858 2907 960 2983; x_wconf 88' lang='lat' dir='ltr'><strong>fidem,</strong></span> <span class='ocrx_word' id='word_1_206' title='bbox 984 2907 1064 2966; x_wconf 91' lang='lat' dir='ltr'><strong>sicut</strong></span> 
     </span>
     <span class='ocr_line' id='line_1_31' title="bbox 135 2987 1063 3070; baseline -0.005 -15"><span class='ocrx_word' id='word_1_207' title='bbox 135 2993 221 3055; x_wconf 90' lang='lat' dir='ltr'><strong>dicit:</strong></span> <span class='ocrx_word' id='word_1_208' title='bbox 246 2991 333 3052; x_wconf 82' lang='lat' dir='ltr'><strong>Fides</strong></span> <span class='ocrx_word' id='word_1_209' title='bbox 357 2999 409 3052; x_wconf 88' lang='lat' dir='ltr'><strong>tua</strong></span> <span class='ocrx_word' id='word_1_210' title='bbox 433 3000 463 3052; x_wconf 92' lang='lat' dir='ltr'><strong>te</strong></span> <span class='ocrx_word' id='word_1_211' title='bbox 485 2991 603 3052; x_wconf 90' lang='lat' dir='ltr'><strong>salvam</strong></span> <span class='ocrx_word' id='word_1_212' title='bbox 626 2991 713 3068; x_wconf 84' lang='lat' dir='ltr'><strong>lecit,</strong></span> <span class='ocrx_word' id='word_1_213' title='bbox 738 2991 816 3051; x_wconf 88' lang='lat' dir='ltr'><strong>vade</strong></span> <span class='ocrx_word' id='word_1_214' title='bbox 837 2992 868 3050; x_wconf 91' lang='lat' dir='ltr'><strong>in</strong></span> <span class='ocrx_word' id='word_1_215' title='bbox 892 3010 978 3070; x_wconf 89' lang='lat' dir='ltr'><strong>pace.</strong></span> <span class='ocrx_word' id='word_1_216' title='bbox 1022 2987 1063 3050; x_wconf 75' lang='lat' dir='ltr'><strong>ttt</strong></span> 
     </span>
     <span class='ocr_line' id='line_1_32' title="bbox 135 3073 1065 3156; baseline -0.006 -18"><span class='ocrx_word' id='word_1_217' title='bbox 135 3078 173 3138; x_wconf 88' lang='lat' dir='ltr'><strong>ad</strong></span> <span class='ocrx_word' id='word_1_218' title='bbox 202 3076 420 3156; x_wconf 86' lang='lat' dir='ltr'><strong>paralyticum,</strong></span> <span class='ocrx_word' id='word_1_219' title='bbox 455 3085 620 3154; x_wconf 85' lang='lat' dir='ltr'><strong>antequam</strong></span> <span class='ocrx_word' id='word_1_220' title='bbox 651 3094 719 3134; x_wconf 90' lang='lat' dir='ltr'><strong>eum</strong></span> <span class='ocrx_word' id='word_1_221' title='bbox 751 3074 940 3151; x_wconf 89' lang='lat' dir='ltr'><strong>absolveret,</strong></span> <span class='ocrx_word' id='word_1_222' title='bbox 968 3073 1065 3132; x_wconf 84' lang='lat' dir='ltr'><strong>dixit:</strong></span> 
     </span>
     <span class='ocr_line' id='line_1_33' title="bbox 135 3157 1060 3240; baseline -0.009 -17"><span class='ocrx_word' id='word_1_223' title='bbox 135 3160 274 3240; x_wconf 77' lang='lat' dir='ltr'><strong>Confide,</strong></span> <span class='ocrx_word' id='word_1_224' title='bbox 296 3159 354 3238; x_wconf 86' lang='lat' dir='ltr'><strong>fiti,</strong></span> <span class='ocrx_word' id='word_1_225' title='bbox 375 3162 567 3221; x_wconf 87' lang='lat' dir='ltr'><strong>remittuntur</strong></span> <span class='ocrx_word' id='word_1_226' title='bbox 588 3158 641 3218; x_wconf 87' lang='lat' dir='ltr'><strong>tibi</strong></span> <span class='ocrx_word' id='word_1_227' title='bbox 670 3165 797 3239; x_wconf 88' lang='lat' dir='ltr'><strong>peccata</strong></span> <span class='ocrx_word' id='word_1_228' title='bbox 820 3168 880 3218; x_wconf 87' lang='lat' dir='ltr'><strong>tua.</strong></span> <span class='ocrx_word' id='word_1_229' title='bbox 923 3157 968 3217; x_wconf 88' lang='lat' dir='ltr'><strong>lta</strong></span> <span class='ocrx_word' id='word_1_230' title='bbox 988 3158 1060 3231; x_wconf 63' lang='lat' dir='ltr'><strong>,cum</strong></span> 
     </span>
     <span class='ocr_line' id='line_1_34' title="bbox 67 3241 1063 3324; baseline -0.008 -18"><span class='ocrx_word' id='word_1_231' title='bbox 67 3302 69 3306; x_wconf 83' lang='lat'><em>.</em></span> <span class='ocrx_word' id='word_1_232' title='bbox 134 3247 164 3305; x_wconf 91' lang='lat' dir='ltr'><strong>in</strong></span> <span class='ocrx_word' id='word_1_233' title='bbox 188 3247 270 3305; x_wconf 90' lang='lat' dir='ltr'><strong>omni</strong></span> <span class='ocrx_word' id='word_1_234' title='bbox 300 3245 495 3306; x_wconf 89' lang='lat' dir='ltr'><strong>absolutione</strong></span> <span class='ocrx_word' id='word_1_235' title='bbox 516 3244 688 3323; x_wconf 90' lang='lat' dir='ltr'><strong>peccatoris</strong></span> <span class='ocrx_word' id='word_1_236' title='bbox 718 3242 888 3324; x_wconf 88' lang='lat' dir='ltr'><strong>proferatur</strong></span> <span class='ocrx_word' id='word_1_237' title='bbox 911 3241 1063 3301; x_wconf 89' lang='lat' dir='ltr'><strong>sententia</strong></span> 
     </span>
     <span class='ocr_line' id='line_1_35' title="bbox 135 3324 1074 3407; baseline -0.007 -17"><span class='ocrx_word' id='word_1_238' title='bbox 135 3329 247 3407; x_wconf 86' lang='lat' dir='ltr'><strong>diviua,</strong></span> <span class='ocrx_word' id='word_1_239' title='bbox 270 3331 446 3389; x_wconf 90' lang='lat' dir='ltr'><strong>necessario</strong></span> <span class='ocrx_word' id='word_1_240' title='bbox 465 3329 625 3406; x_wconf 86' lang='lat' dir='ltr'><strong>requiritur</strong></span> <span class='ocrx_word' id='word_1_241' title='bbox 647 3326 734 3405; x_wconf 86' lang='lat' dir='ltr'><strong>tides,</strong></span> <span class='ocrx_word' id='word_1_242' title='bbox 763 3345 843 3405; x_wconf 90' lang='lat' dir='ltr'><strong>quac</strong></span> <span class='ocrx_word' id='word_1_243' title='bbox 866 3328 971 3385; x_wconf 87' lang='lat' dir='ltr'><strong>credat</strong></span> <span class='ocrx_word' id='word_1_244' title='bbox 992 3324 1074 3399; x_wconf 52' lang='lat' dir='ltr'><strong>huic,</strong></span> 
     </span>
     <span class='ocr_line' id='line_1_36' title="bbox 135 3410 1063 3490; baseline -0.008 -16"><span class='ocrx_word' id='word_1_245' title='bbox 135 3415 316 3488; x_wconf 88' lang='lat' dir='ltr'><strong>sententiae,</strong></span> <span class='ocrx_word' id='word_1_246' title='bbox 339 3414 405 3484; x_wconf 88' lang='lat' dir='ltr'><strong>sine</strong></span> <span class='ocrx_word' id='word_1_247' title='bbox 428 3430 488 3490; x_wconf 91' lang='lat' dir='ltr'><strong>qua</strong></span> <span class='ocrx_word' id='word_1_248' title='bbox 509 3411 679 3472; x_wconf 82' lang='lat' dir='ltr'><strong>frustranea</strong></span> <span class='ocrx_word' id='word_1_249' title='bbox 693 3418 740 3471; x_wconf 89' lang='lat' dir='ltr'><strong>est</strong></span> <span class='ocrx_word' id='word_1_250' title='bbox 758 3410 922 3487; x_wconf 90' lang='lat' dir='ltr'><strong>absolutio,</strong></span> <span class='ocrx_word' id='word_1_251' title='bbox 945 3415 976 3469; x_wconf 90' lang='lat' dir='ltr'><strong>et</strong></span> <span class='ocrx_word' id='word_1_252' title='bbox 997 3415 1063 3468; x_wconf 88' lang='lat' dir='ltr'><strong>tota</strong></span> 
     </span>
     <span class='ocr_line' id='line_1_37' title="bbox 134 3489 1061 3579; baseline -0.01 -20"><span class='ocrx_word' id='word_1_253' title='bbox 134 3499 333 3579; x_wconf 86' lang='lat' dir='ltr'><strong>poenitentia.</strong></span> <span class='ocrx_word' id='word_1_254' title='bbox 377 3496 525 3556; x_wconf 86' lang='lat' dir='ltr'><strong>Praesens</strong></span> <span class='ocrx_word' id='word_1_255' title='bbox 548 3502 648 3555; x_wconf 87' lang='lat' dir='ltr'><strong>auteur</strong></span> <span class='ocrx_word' id='word_1_256' title='bbox 671 3494 747 3555; x_wconf 87' lang='lat' dir='ltr'><strong>tides</strong></span> <span class='ocrx_word' id='word_1_257' title='bbox 770 3494 837 3554; x_wconf 90' lang='lat' dir='ltr'><strong>sola</strong></span> <span class='ocrx_word' id='word_1_258' title='bbox 858 3495 931 3554; x_wconf 89' lang='lat' dir='ltr'><strong>satis</strong></span> <span class='ocrx_word' id='word_1_259' title='bbox 954 3499 1001 3553; x_wconf 89' lang='lat' dir='ltr'><strong>est</strong></span> <span class='ocrx_word' id='word_1_260' title='bbox 1022 3489 1061 3551; x_wconf 81' lang='lat' dir='ltr'><strong>ad</strong></span> 
     </span>
    </p>
   </div>
   <div class='ocr_carea' id='block_1_6' title="bbox 351 3658 556 3665">
    <p class='ocr_par' dir='ltr' id='par_1_7' title="bbox 351 3658 556 3665">
     <span class='ocr_line' id='line_1_38' title="bbox 351 3658 556 3665; baseline 0 -1"><span class='ocrx_word' id='word_1_261' title='bbox 351 3658 556 3665; x_wconf 72' lang='lat'>...——---—.</span> 
     </span>
    </p>
   </div>
   <div class='ocr_carea' id='block_1_7' title="bbox 171 3756 761 3826">
    <p class='ocr_par' dir='ltr' id='par_1_8' title="bbox 171 3756 761 3826">
     <span class='ocr_line' id='line_1_39' title="bbox 171 3756 761 3826; baseline -0.01 -9"><span class='ocrx_word' id='word_1_262' title='bbox 171 3761 203 3826; x_wconf 80' lang='lat'><strong>1)</strong></span> <span class='ocrx_word' id='word_1_263' title='bbox 224 3760 256 3812; x_wconf 90' lang='lat' dir='ltr'><strong>ln</strong></span> <span class='ocrx_word' id='word_1_264' title='bbox 274 3757 316 3812; x_wconf 88' lang='lat' dir='ltr'><strong>ed.</strong></span> <span class='ocrx_word' id='word_1_265' title='bbox 334 3756 412 3812; x_wconf 74' lang='lat' dir='ltr'><strong>den:</strong></span> <span class='ocrx_word' id='word_1_266' title='bbox 435 3760 611 3825; x_wconf 83' lang='lat' dir='ltr'><strong>peccatricem</strong></span> <span class='ocrx_word' id='word_1_267' title='bbox 633 3758 717 3811; x_wconf 80' lang='lat' dir='ltr'><strong>bucce</strong></span> <span class='ocrx_word' id='word_1_268' title='bbox 736 3757 761 3813; x_wconf 80' lang='lat'><strong>7.</strong></span> 
     </span>
    </p>
   </div>
   <div class='ocr_carea' id='block_1_8' title="bbox 0 0 1202 4170">
    <p class='ocr_par' dir='ltr' id='par_1_9' title="bbox 0 0 1202 4170">
     <span class='ocr_line' id='line_1_40' title="bbox 0 0 1202 4170; baseline 0 0"><span class='ocrx_word' id='word_1_269' title='bbox 0 0 1202 4170; x_wconf 95' lang='lat' dir='ltr'><strong> </strong></span> 
     </span>
    </p>
   </div>
  </div>
 </body>
</html>
