2392 4170
177 239 240 307 ‘232
374 240 499 297 Assertio
517 257 591 295 omn.
611 242 686 294 artie.
706 241 739 295 D.
756 242 790 296 li.
809 241 837 296 L.
857 256 907 311 per

180 404 241 456 tum
264 396 362 474 luerit,
384 397 471 476 qnasi
491 395 663 456 illemutari
685 394 845 458 nobiseum
870 395 977 477 possit,
999 401 1030 455 et
1052 414 1102 456 vo·

179 480 213 539 lit
236 479 318 559 qnod
340 478 505 559 aliquando
533 498 594 540 non
618 479 733 556 voluit,
762 478 855 558 idque
876 487 982 541 nostro
1006 476 1103 539 libero

180 562 304 624 arbitrio
328 571 475 660 operante
497 569 528 622 et
550 563 681 626 volente.
724 561 856 623 Ofuror
881 562 1015 622 surorum
1039 580 1103 623 onr

179 648 263 707 nium
287 646 482 707 norissimus.

262 729 302 789 Et
323 728 435 790 Paulus
449 729 585 809 Ephe..2
608 728 695 789 dicit:
717 728 847 788 Eramns
865 735 895 787 et
916 747 973 788 nos
994 735 1105 788 natura

180 810 233 872 fllii
256 813 335 891 irae,
359 815 437 873 siant
459 820 493 872 et·
512 813 614 874 aeteri.
658 811 689 872 Si
718 830 825 871 omnes
856 822 943 871 extra
973 812 1103 891 gratiam
1168 811 1176 831 ⁸

179 901 250 955 sunt
260 895 312 956 filii
326 898 389 956 irae
401 915 440 956 ex
451 897 518 975 ipsa
531 904 649 969 natura,
673 913 746 974 ergo
760 903 790 954 et
808 893 934 955 liberum
948 893 1103 954 arbitrium

181 986 226 1038 est
258 977 337 1039 filius
368 980 431 1039 irae
453 999 493 1039 ex
515 987 623 1038 natura
655 997 726 1056 sua,
770 979 794 1037 si
826 997 865 1037 ex
898 985 1005 1038 natura
1039 996 1106 1052 sna,

180 1062 275 1123 multo
319 1063 416 1142 magis
450 1082 490 1122 ex
524 1061 665 1122 omnibus
703 1059 845 1139 operibns
888 1062 960 1120 suis.
1021 1058 1103 1135 Quid

181 1151 281 1205 autem
316 1164 384 1205 esse
418 1151 520 1225 potest
554 1150 661 1204 natura
696 1142 775 1203 filius
810 1145 890 1222 irae,
930 1144 988 1203 uisi
1022 1142 1106 1221 quod

182 1230 285 1289 omnia
318 1248 397 1307 quae
433 1229 504 1288 facit
541 1233 611 1287 sunt
648 1227 742 1324 mala,
787 1245 847 1287 non
886 1225 925 1286 ad
966 1227 1107 1306 gratiam,

182 1311 237 1372 sed
259 1311 327 1372 ad
320 1331 396 1372 iram
418 1312 650 1391 praeparantia,
680 1312 742 1369 imo
765 1311 840 1369 iram
865 1309 1033 1370 merentia?
1062 1308 1107 1369 lte

183 1413 266 1454 nune
287 1394 442 1476 Pelagiani
473 1405 503 1455 et
533 1393 677 1473 operibus
708 1393 816 1452 vestris
846 1400 1029 1472 praeparate
1050 1410 1118 1453 vos·

183 1476 222 1538 ad
246 1479 385 1558 gratiam,
409 1497 477 1537 enm
501 1478 551 1536 hio
567 1475 680 1536 Paulus
702 1494 764 1536 non
787 1477 843 1535 nisi
867 1477 941 1535 iram
965 1475 1024 1534 illis
1046 1493 1107 1535 me

181 1560 466 1622 rerromnesdroo
499 1560 684 1634 Mrtruserat
708 1559 848 1619 sisoium
868 1558 1009 1618 dixisset:
1032 1557 1107 1617 Era·

181 1662 248 1704 mus
271 1642 355 1704 filii
347 1663 421 1721 rrae,
444 1643 497 1703 sed
521 1641 648 1716 addens,
673 1605 789 1716 latura,
812 1647 1006 1701 oertetotnm
1021 1640 1105 1721 quod

181 1746 286 1786 sumus
309 1733 340 1786 et
360 1726 489 1787 facimus
513 1745 552 1786 ex
574 1733 692 1803 natura,
715 1744 775 1785 non
799 1726 856 1784 nisi
870 1726 1039 1785 meritum
1032 1743 1106 1800 rrae,

181 1827 373 1889 nequaquam
396 1811 513 1890 gratiae
539 1808 668 1906 intelligi
701 1808 806 1868 voluit.
850 1807 910 1867 Vix
933 1807 1103 1867 breviorem

180 1898 211 1952 et
232 1893 415 1972 apertiorem
439 1891 706 1972 potentioremque
729 1893 759 1949 in
782 1890 974 1986 seripturis
966 1891 1106 1950 invenias

181 1977 363 2035 sententiam
387 1974 534 2035 adversus
557 1972 684 2033 liberum
708 1973 809 2034 arbit
775 1982 873 2033 trium.

262 2058 302 2118 nt
325 2057 397 2138 quid
419 2057 520 2117 multis
544 2055 685 2136 agimus?
709 2056 757 2116 Ex
780 2055 962 2136 supradietis
984 2055 1106 2116 abunde

183 2141 403 2220 eognovimus,
433 2140 524 2199 etiam
546 2139 642 2199 iustos
667 2158 779 2219 magno
803 2140 967 2199 certamine
998 2146 1107 2199 eontra

182 2241 268 2282 suam
292 2242 415 2283 earnem
438 2222 588 2299 laborare,
613 2230 643 2281 ut
662 2223 777 2282 laoiant
800 2223 912 2283 bonum
929 2222 1105 2302 resistitqne

183 2305 226 2365 eis
257 2305 384 2365 liberum
415 2323 520 2365 eorum
550 2304 705 2365 arbitrium
743 2313 774 2365 et
803 2304 962 2385 prudentia
995 2305 1106 2382 earnis,

181 2387 307 2447 summis
324 2387 437 2448 viribus
461 2389 683 2467 concupiscens
695 2396 803 2448 eontra
825 2389 973 2468 spiritum,
997 2386 1106 2447 odiens

183 2489 221 2531 ea
243 2488 322 2549 qnae
344 2478 414 2530 sunt
435 2472 557 2551 spiritus
571 2478 601 2531 et
622 2471 783 2551 legisDei3
806 2482 835 2530 et
858 2469 1014 2550 quomodo
1031 2488 1106 2549 pos-

181 2551 269 2614 sibile
291 2561 350 2632 est,
383 2561 417 2614 ut
438 2555 503 2614 sine
525 2554 631 2634 spiritu
655 2575 695 2614 ex
717 2563 825 2614 natura
855 2573 910 2614 sna
932 2554 1031 2633 possit
1049 2572 1106 2633 pro

181 2636 287 2716 spiritu
311 2639 539 2717 oopoupisoere,
562 2657 616 2697 seu
640 2637 677 2697 ad
701 2637 839 2716 spiritum
862 2657 895 2696 se
912 2655 1107 2716 praeparare,

179 2718 320 2780 faciendo
344 2721 426 2800 qnod
450 2726 498 2781 est
517 2721 546 2778 in
571 2720 625 2780 se?
659 2721 691 2779 ln
714 2720 812 2799 gratia
835 2718 905 2779 dum
929 2720 1026 2795 fuerit,
1051 2737 1107 2778 na·

180 2810 247 2862 tura
269 2804 334 2863 eius
357 2804 426 2864 talis
458 2809 520 2876 est,
555 2808 589 2864 nt
623 2809 731 2863 eontra
759 2803 888 2882 gratiam
923 2801 1105 2862 indomitum

181 2893 311 2965 pugnet,
345 2894 376 2947 et
406 2892 493 2946 extra
520 2887 649 2964 gratiam
674 2886 742 2945 talis
764 2904 833 2945 esse
855 2886 967 2966 poterit
997 2890 1108 2945 natura

181 2969 256 3046 eins,
280 2975 311 3028 ut
332 2970 470 3065 spiritum
492 2968 597 3028 iuvet?
626 2967 737 3043 Quid
731 2970 865 3028 insanius
888 2968 961 3049 fingi
982 2965 1106 3047 potest?

179 3050 271 3110 Esset
298 3052 377 3111 enim
400 3051 461 3112 hoo
488 3058 656 3111 monstrum
689 3070 802 3112 novum
831 3052 929 3111 simile
956 3051 1043 3110 huia:
1074 3049 1105 3110 Si

183 3134 250 3213 quis
272 3134 452 3195 indomitam
481 3134 575 3195 feram
605 3134 734 3194 vinculis
765 3134 949 3194 custoditam
980 3132 1107 3194 domare

181 3235 242 3275 non
266 3218 380 3296 possit,
410 3224 563 3278 ettamen
591 3218 717 3276 insanus
738 3216 832 3276 iaetet
859 3237 926 3276 eam
951 3224 1022 3276 ante
1044 3217 1106 3275 vin·

181 3296 252 3359 aula
285 3306 315 3359 et
352 3302 417 3360 sine
456 3299 584 3360 vinonlis
613 3318 681 3359 esse
715 3308 774 3359 tam
805 3301 935 3360 oieurem
968 3308 997 3359 et
1025 3317 1106 3359 man·

179 3389 313 3459 suetam,
348 3389 380 3443 ut
415 3391 525 3463 sponte
562 3401 595 3441 se
630 3382 752 3458 domet,
789 3402 859 3459 seu,
898 3388 931 3442 nt
954 3381 1103 3459 dometur,

181 3463 308 3527 laboret.

263 3547 422 3621 Desistite,
444 3566 570 3626 quaeso,
596 3547 634 3608 ab
647 3547 705 3608 baa
726 3549 856 3623 insania,
879 3547 1037 3608 miserrimi
1052 3547 1105 3606 Pe·

180 3629 301 3711 lagiani.
352 3629 383 3692 Si
412 3628 537 3690 liberum
567 3630 721 3690 arbitrium
756 3633 785 3691 in
819 3631 917 3710 gratia
945 3636 1055 3710 peooat
1076 3635 1106 3690 et

179 3713 295 3775 insanit
315 3712 463 3774 adversus
486 3714 626 3794 gratiam,
649 3717 727 3774 sieut
749 3715 887 3794 cogimur
909 3717 1016 3774 omnes
1039 3730 1106 3773 sen·

66 3822 220 3920 A
