2392 4170
144 179 208 296 ὲ210
497 225 541 283 De
558 224 723 297 abroganda

145 402 260 476 utinam
283 399 364 480 cpud
386 417 443 461 vos
464 397 574 460 saltem
597 406 716 462 crescat
736 405 768 459 et
787 396 951 480 impleatur
978 414 1071 475 scun-
1185 424 1188 437 ·

145 485 248 555 delum
271 486 332 545 hoc
353 483 568 564 pharisaicum,
592 493 623 545 et
644 481 809 562 aliquando
831 482 915 544 orbis
928 481 1071 562 Papista·

144 587 211 631 rum
233 569 327 628 iactet
356 576 387 627 et
409 566 503 627 dicat:
532 567 635 648 hicce,
658 557 909 647 Vuittembergae
936 567 1073 626 cesserit
1182 616 1185 621 .

147 652 246 713 cultus
268 651 346 727 Dei,
374 651 536 729 quiescunt
566 669 660 712 voces
694 657 726 710 et
754 668 891 731 organa,
923 655 955 709 et
975 667 1072 710 nemo

145 735 276 815 ampiins
299 732 454 810 celebrat,
476 733 550 793 fecti
571 743 640 794 sunt
664 752 772 794 omnes
794 732 960 813 haeretici,
994 733 1071 793 anti·
1181 728 1185 741 '

146 818 300 878 christiani
322 824 354 877 et
375 818 485 880 insani.
518 816 545 878 Ο
568 819 682 877 utinam
707 816 780 877 mihi
794 815 1072 896 contingataudire

145 901 401 981 Rppsacesietos
423 901 548 962 rabidos
571 908 602 962 et
623 899 836 981 blasphemos,
865 901 917 980 qui
939 899 1068 960 latrent:
1182 884 1186 949 ἶ

144 981 277 1045 Nonnne
303 984 360 1043 iste
389 992 436 1043 est
456 983 620 1063 Ezechias,
652 987 702 1062 qui
730 982 855 1044 abstulit
881 981 1007 1044 excelsa
1034 990 1072 1043 et
1182 978 1186 1005 ¹

146 1067 255 1129 citeris
275 1065 345 1148 Dei,
368 1076 399 1127 et
420 1066 498 1127 dixit
518 1065 615 1129 Iudae
636 1076 666 1127 et
687 1067 869 1128 Ierusalem:
891 1064 1005 1127 Coram
1027 1066 1071 1127 al·

147 1152 203 1228 teri
224 1151 285 1211 isto
309 1150 499 1210 adorabitis?
522 1170 639 1211 rursum
654 1168 709 1212 vos
732 1171 812 1230 eese,
835 1151 884 1230 qui
906 1147 1072 1225 cumleaio

144 1233 339 1297 subsannetis
362 1237 454 1295 etiam
466 1234 632 1294 Dominum
655 1253 760 1295 eorum
783 1228 1004 1312 Sennacherib,
1026 1233 1070 1315 io·

146 1323 255 1397 quatur
277 1316 404 1398 Syrisce
434 1319 498 1378 sive
520 1315 654 1380 ludaico.
696 1317 805 1378 Missas
838 1319 1000 1397 quiescere
1039 1326 1071 1377 et

146 1401 299 1471 clamores
333 1400 474 1460 horarum
505 1401 595 1461 silere
629 1402 818 1463 mirabuntur
844 1400 1011 1480 Papistae,
1039 1409 1072 1461 at

146 1485 302 1544 ceritatem
326 1485 509 1544 servientem
531 1486 685 1565 proximo,
708 1494 739 1546 et
759 1485 891 1545 hostiam
913 1484 1070 1566 viventem

145 1569 284 1648 corporis
309 1569 362 1645 ira,
385 1578 573 1649 contemptu,
597 1568 794 1648 libidinibus,
816 1568 889 1626 luxu
912 1567 1069 1648 exstingui

145 1651 255 1730 rident,
277 1651 356 1711 sicut
375 1651 667 1732 decetPapistarum
689 1659 721 1713 et
750 1652 932 1732 sapientiam
955 1658 987 1711 et
1006 1652 1069 1731 pie-

144 1740 250 1798 ‘biems

152 1870 156 1878 .
227 1816 354 1879 Habetis
367 1824 399 1878 et
409 1835 465 1879 vos
482 1817 639 1887 Bethaven
655 1817 819 1899 quandam,
835 1815 961 1877 domum
983 1816 1069 1885 iliam

146 1903 283 1974 omnium
306 1901 508 1980 Sanctorum,
531 1901 806 1964 sanctificationem
832 1901 982 1981 Principis
1003 1900 1069 1961 Fri·

144 1985 250 2065 tierici,
271 2004 362 2064 quam
385 1984 554 2047 hereditate
585 1989 706 2068 accepit
727 1993 758 2046 et
778 2003 834 2065 per
854 1983 996 2064 Pcpistus
1019 1985 1070 2045 de·

146 2076 253 2150 ceptus
291 2068 488 2129 vehementer
524 2069 733 2149 magnificavit
761 2078 792 2129 et
827 2068 997 2147 ampliavit.
1042 2064 1070 2132 0

146 2155 250 2232 quenti
284 2170 435 2231 pauperes
474 2154 503 2212 in
536 2154 597 2213 isto
628 2156 755 2234 regione
793 2157 937 2232 poteraut
974 2153 1069 2212 tentis

146 2234 316 2316 sumptibus
337 2236 444 2314 iuvari,
467 2254 544 2315 quos
560 2239 677 2299 amicos
699 2237 756 2297 sibi
770 2245 910 2315 parasset
922 2234 961 2294 de
974 2254 1069 2296 mam·

144 2320 238 2394 mona
258 2319 434 2398 iniquitatis,
456 2321 507 2398 qui
519 2319 895 2399 deficientemciiquando
917 2319 948 2377 in
971 2325 1070 2380 aeter·

144 2402 405 2471 na2tabernacula
420 2405 612 2483 reciperent?
634 2412 668 2465 ut
688 2405 748 2467 hoc
771 2401 914 2481 exemplo
930 2408 1067 2463 metuen-

45 2516 52 2528 ν
86 2525 90 2533 ·
144 2485 215 2553 dum
247 2487 301 2564 sit,
336 2486 509 2566 Principum
543 2499 573 2548 et
593 2488 728 2550 Heroum
757 2505 832 2565 opes
858 2504 929 2546 raro
958 2484 1068 2565 dignes

78 2582 79 2585 ’
144 2589 223 2646 esse,
246 2588 324 2649 quae
345 2572 403 2649 piis
426 2572 526 2630 causis
543 2574 688 2650 serviant,
711 2569 795 2652 quod
815 2587 885 2629 reto
908 2575 938 2628 et
960 2577 1070 2653 pariae

144 2654 204 2713 aiut
225 2654 292 2713 aine
313 2652 452 2713 Nimrodi
475 2655 630 2735 exemplo.
673 2655 732 2717 Sed
762 2653 821 2713 hoc
849 2671 910 2712 uno
933 2670 991 2714 voe
1013 2672 1069 2733 per

139 2737 274 2816 gratiam
289 2737 358 2797 sDei
380 2737 537 2817 superbire
565 2742 711 2818 potestis,
745 2735 828 2817 quod
850 2736 998 2816 Princeps
1021 2744 1070 2797 est
1179 2770 1184 2807 ·.

145 2821 269 2880 minime
291 2822 478 2899 tyrannicus,
500 2841 599 2901 neque
626 2825 751 2902 stultus,
780 2838 880 2900 neque
907 2838 1070 2903 praeceps,

144 2921 245 2983 neque
266 2922 387 2984 saevus,
410 2911 473 2964 tum
496 2909 633 2967 veritatis
656 2905 907 2987 patientissimus,
929 2912 960 2963 et
982 2922 1002 2963 c
1024 2912 1068 2964 te·

145 2987 281 3048 merariis
304 2985 422 3047 iudiciis
444 2987 732 3068 abstinentissimus,
754 3007 817 3050 non
840 2987 940 3047 minus
963 2992 1068 3048 tcmen

144 3078 176 3131 et
197 3071 284 3130 maiis
307 3070 488 3131 metuendus
511 3079 545 3141 et,
565 3073 653 3135 bonis
676 3071 898 3154 suspiciendus.
930 3068 1069 3145 Quarum

143 3173 243 3214 rerum
267 3155 421 3234 praesidio
450 3174 518 3215 cum
548 3159 612 3217 sitis
639 3164 814 3239 opportune
840 3155 957 3231 adiuti,
981 3163 1069 3215 tanto

139 3236 263 3301 facilins
286 3236 375 3307 vobis
397 3247 445 3298 est
466 3239 622 3320 perficere,
646 3245 727 3323 quod
750 3244 913 3323 coepistis,
935 3245 1070 3315 vocante

143 3338 201 3382 vos
222 3341 277 3401 per
305 3323 360 3382 has
382 3326 563 3386 occasiones
587 3327 653 3389 Deo
681 3338 712 3390 et
744 3349 867 3391 manum
889 3342 977 3384 suam
999 3342 1068 3403 por-

141 3406 269 3488 rigente.
337 3444 341 3451 =

228 3490 364 3552 Celebris
386 3493 484 3552 estin
514 3495 601 3555 terris
629 3497 717 3575 istis,
752 3516 801 3557 me
822 3513 940 3576 puero,
973 3514 1070 3576 saepe

146 3581 270 3635 cantatu
298 3573 461 3654 prophetie
488 3596 557 3638 esse
578 3579 789 3641 redimendum
812 3577 987 3659 sepulcrum
1016 3579 1069 3640 do·

144 3659 288 3717 minicum
310 3677 365 3737 per
386 3658 573 3721 Fridericum
596 3660 829 3745 imperatorem.
873 3660 913 3724 Et
943 3670 977 3722 ut
999 3682 1068 3723 mos

143 3748 190 3801 est
210 3741 448 3823 prophetiarum,
470 3762 549 3824 quce
570 3766 626 3826 pro
639 3748 827 3811 obscuritate
849 3752 922 3807 ente
940 3746 1069 3829 implen-
