2392 4170
136 220 202 295 440
339 221 445 281 (loom
461 221 609 280 fflnrieuru
628 236 724 296 regern
738 220 864 295 Argum

137 413 240 476 neque
259 395 324 477 pati
346 401 505 476 oportere,
531 395 604 475 qnia
623 393 699 455 nibil
722 393 762 456 ds
784 394 899 465 nostris
922 394 1066 458 orationi·

138 479 212 561 bus,
250 477 395 560 operibus
424 484 454 540 et
475 477 671 557 passionibus
691 479 838 559 seriptum
860 482 937 543 est·
963 478 1069 541 Vineit

139 581 190 624 me
223 562 327 624 taedio
357 561 449 643 piane
469 561 565 642 Regis
596 560 786 625 stolidissimi
807 564 961 623 immensa
982 562 1068 625 stoli·

140 646 230 708 ditas.
1041 688 1047 693 -

222 726 327 805 Quare
357 726 396 789 ad
418 747 570 791 summurn
606 728 787 810 prinoipium
819 728 969 809 perfidiae
1003 731 1068 791 eius

139 810 291 875 esiamurn
327 818 480 873 vertamus
530 812 614 893 qnod
648 819 695 873 est
726 811 853 873 verbum
887 813 1067 895 Augustini:

139 894 312 976 Evangelio
335 914 398 956 noo
420 861 588 975 medemur,
611 896 668 956 nisi
690 895 905 973 meeeolesiaa
918 898 1069 959 autoritas

140 984 361 1041 summoveret
787 1012 792 1017 ·

221 1060 291 1123 Hos
307 1061 432 1123 verbum
455 1060 597 1141 saerilegi
619 1067 813 1140 eotorquent
833 1070 865 1122 et
886 1062 1069 1145 depravant,

141 1150 174 1205 ot
194 1144 345 1206 eoelesiae
369 1145 450 1220 (boe
470 1150 519 1206 ast
540 1144 691 1206 meretriei
714 1144 883 1225 Romanae,
907 1146 957 1206 eni
980 1166 1068 1226 prae

140 1234 187 1288 ter
206 1226 326 1289 titulum
349 1227 425 1289 nihil
447 1234 495 1289 est
515 1227 757 1289 eootesiastieorn
779 1227 1068 1315 autObristianun)

139 1309 341 1391 tribunatius
363 1310 447 1392 leges
470 1310 634 1373 enodandi.

222 1394 309 1461 Huio,
321 1393 407 1457 addit
418 1394 570 1456 Dominus
580 1394 740 1475 Henrions,
762 1401 797 1456 ut
808 1395 962 1457 eiusmodi
984 1395 1068 1459 verbi

140 1479 305 1540 autoritate
325 1479 419 1539 etiam
440 1497 490 1541 me
511 1485 636 1559 urgeat,
657 1497 713 1559 per
733 1479 858 1561 propria
879 1478 996 1555 verba,
1019 1478 1069 1543 nbi
1125 1520 1130 1529 ·

141 1561 223 1639 dixi,
252 1561 335 1643 apud
363 1562 527 1623 eoelesiam
551 1581 619 1622 esse
647 1562 694 1622 ius
724 1560 879 1623 iudieandi
913 1562 1069 1644 quaelibet
1121 1586 1137 1649 p

141 1643 297 1727 dogmata.
340 1644 515 1725 Ego-nulle
535 1664 569 1707 re
586 1644 678 1706 video
695 1645 768 1707 huie
787 1645 952 1708 rudissimo
975 1646 1067 1729 ospiti

139 1728 235 1809 Regis
257 1746 336 1809 opus
357 1748 437 1804 esse,
458 1746 550 1808 qnam
572 1728 840 1791 velVoeabulario
864 1728 998 1791 Gemma
1019 1728 1067 1791 rai
1124 1728 1137 1783 ’ἶ

139 1810 336 1893 Breviioquo,
360 1818 393 1873 ut
405 1812 637 1874 voeabuiaoum
659 1814 761 1895 pueris
772 1813 921 1895 inciperet
939 1813 1067 1895 dissere,

140 1895 198 1955 nisi
219 1893 251 1956 id
273 1913 313 1955 ex
334 1912 420 1957 mera
441 1894 669 1957 Thomistarurn
693 1898 829 1976 nequitia
850 1896 935 1972 iaoit,
959 1904 1067 1959 utom·

69 2010 72 2016 ·
138 1978 190 2040 nia
213 1975 365 2049 voeabula
386 1980 490 2041 omnia
512 1978 686 2060 signifloare
708 1987 815 2060 cogat,
846 1985 881 2041 ut
902 1981 996 2041 etiam
1019 1980 1068 2043 bio

138 2062 186 2122 ius
208 2060 362 2124 iudioandi
383 2062 466 2123 idem
487 2063 544 2142 sit,
573 2062 657 2142 quod
676 2064 725 2125 ius
746 2062 901 2124 statuendi
923 2062 974 2125 vel
997 2082 1068 2127 oon·

140 2142 231 2207 dandi
253 2144 349 2225 leges.

220 2229 375 2308 Breviter,
410 2229 435 2288 si
458 2229 647 2308 Augustinus
680 2230 772 2289 etiam
806 2228 944 2290 rotundis
968 2230 1066 2292 verbis

48 2340 54 2349 ·
138 2313 330 2389 asseruisset,
350 2313 398 2373 ius
420 2331 489 2372 esse
501 2313 591 2373 alieni
609 2313 642 2372 -in
658 2313 790 2373 eeclesia
805 2312 889 2394 leges
902 2313 1065 2392 condendi,

138 2396 206 2474 quis
228 2403 276 2456 est·
297 2395 509 2477 Augustinus?
552 2395 627 2471 Quis
656 2415 713 2457 nos
740 2403 832 2477 roget
852 2396 895 2456 iili
919 2397 1065 2459 eredere?

21 2487 27 2497 ’
139 2478 208 2554 Qua
230 2478 394 2540 autoritate
411 2481 477 2540 eius
499 2480 625 2539 verbum
649 2486 696 2539 eet
717 2480 862 2540 articulus
884 2479 981 2542 fidei?
1013 2481 1065 2542 Fa·

50 2622 55 2627 .
138 2566 216 2639 teor,
238 2568 394 2642 receptum
417 2560 688 2642 esteiusverbum,
710 2563 763 2623 sed
786 2583 848 2623 non
871 2566 946 2624 satis
969 2571 1065 2626 tutum

137 2664 238 2725 neque
267 2644 397 2707 firmum.
441 2646 553 2706 Divino
589 2645 691 2707 edieto
720 2645 910 2726 probandum
940 2655 991 2708 est
1021 2649 1065 2708 ius

136 2729 213 2808 legis
236 2729 427 2808 enodandae,
450 2747 512 2789 non
534 2729 679 2792 humano.

220 2811 310 2873 Nune
331 2819 434 2873 autem
458 2813 620 2892 Augustini
651 2813 777 2873 verbum
800 2832 863 2873 non
887 2813 1067 2894 simplieiter

136 2894 255 2957 vitiant.
298 2894 353 2956 llle
386 2895 466 2955 enirn
496 2894 630 2974 loquitur
661 2894 699 2955 de
722 2895 853 2956 eeclesia
881 2916 936 2976 per
960 2896 1065 2958 orbem

137 2976 262 3054 diffusa,
298 2980 383 3039 euius
406 2985 452 3038 est
474 2978 513 3038 de
536 2978 731 3059 dogmatibus
753 2977 907 3058 iudicare,
939 2979 985 3040 illi
1008 2979 1067 3042 hoo

134 3059 315 3205 tribuunt}
337 3061 455 3141 Papae,
488 3080 578 3140 quem
612 3062 735 3141 ipsimet
766 3061 953 3123 eonfiteotur
974 3083 1065 3124 mem·

135 3143 221 3204 brurn
244 3143 294 3204 dia
318 3143 359 3204 oli
382 3145 504 3224 saepius
527 3164 597 3205 esse
624 3150 656 3205 et
677 3165 789 3206 errare.
831 3144 898 3206 Nee
917 3146 1020 3207 solum
1039 3146 1066 3208 ei

132 3224 304 3304 iudioandi‚
334 3246 438 3288 verum
462 3229 552 3288 etiam
583 3234 616 3289 et
629 3227 791 3305 „condendi
819 3229 867 3289 ius
890 3236 921 3289 et
943 3231 1066 3310 copiam

132 3307 257 3371 iaciunt.
299 3308 436 3372 Proinde
459 3330 537 3393 opus
559 3319 622 3390 eet,
655 3318 689 3372 ut
716 3311 841 3373 rudibus
863 3312 930 3373 istis
954 3312 1066 3395 Sophi-

132 3391 187 3450 stis
210 3390 261 3452 hio
282 3391 485 3473 declaremus,
507 3395 579 3476 quid
601 3395 721 3457 intersit
742 3396 822 3456 inter
842 3396 889 3456 ius
909 3395 1066 3459 iudicandi

131 3475 434 3616 seudnoognosoendi
467 3486 498 3539 et
528 3478 608 3540 inter
641 3480 688 3540 ius
717 3478 870 3540 condendi
892 3499 947 3541 sau
971 3481 1067 3564 impe·

130 3574 185 3618 ran
209 3575 229 3620 r.

205 3747 236 3818 1)
253 3745 287 3805 Iu
304 3745 348 3804 sd.
367 3747 446 3807 lent
464 3748 562 3821 Papae
577 3748 711 3850 annuunt.
