2392 4170
130 239 173 308 96
383 208 797 313 oeconomicum

56 412 68 429 ⁸
131 395 233 479 dicere
255 403 393 478 oportet:
414 397 621 457 Narraverunt
638 398 710 458 mrhr
732 401 826 478 iniqui
839 398 1057 479 fabulatiouep,

129 481 185 541 sed
208 501 270 541 non
293 490 326 540 ut
346 481 398 540 lex
427 489 487 542 tua.
529 481 626 541 Duxit
645 481 787 544 Patritius
815 482 938 563 gentilis
959 482 1058 543 Moni-

130 582 198 625 cam
222 572 348 624 matrem
361 563 392 628 S.
404 566 567 644 Augustini
577 564 791 644 Christianam,
814 586 868 627 cur
887 585 950 626 non
962 563 1057 627 nodie

129 647 220 707 liceat
242 647 344 707 idem?
386 647 470 706 ldem
499 649 582 727 rigor
610 648 771 729 stultitiae,
797 651 860 710 imo
888 649 1057 728 impietati·

130 738 177 791 est
198 731 449 811 impedimentum
472 732 621 806 criminis,
642 731 774 811 scilicet,
796 733 848 792 nbi
869 733 937 811 quis
961 730 1071 793 dcxc·-

129 816 168 874 rit
189 816 272 894 prius
301 814 449 894 pollutam
472 814 639 889 adulterio,
667 823 721 874 eut
747 816 939 876 machinatus
967 814 1060 877 lussit

130 898 161 958 in
191 906 320 958 mortem
352 897 475 957 alterius
509 898 665 977 coniugis,
699 916 761 976 quo
792 917 862 960 unm
891 898 1059 978 supersu'to

131 981 312 1041 contrahere
333 982 441 1060 possit.
484 980 639 1060 Obsecro,
667 983 747 1041 unde
768 983 826 1042 iste
851 983 935 1062 rigor
956 981 1058 1041 homi·

130 1084 203 1124 num
225 1066 255 1123 in
278 1063 428 1142 homines,
450 1064 571 1142 qualem
594 1083 651 1123 neo
674 1064 756 1124 Deus
778 1085 913 1147 unquam
937 1062 1059 1144 exigit?

132 1150 180 1208 An
202 1149 346 1226 ignorare
367 1166 400 1206 se
422 1147 581 1225 simulent,
610 1147 783 1208 Bstscbaba
804 1168 931 1208 uxorem
956 1146 1058 1227 Urina,

130 1242 260 1310 utroque
287 1231 413 1289 crimine
435 1230 578 1310 implete,
605 1230 636 1290 id
658 1238 706 1291 est
726 1232 950 1312 praepollutam
974 1229 1059 1291 adul·

130 1316 207 1374 tario
231 1321 261 1374 et
283 1315 387 1374 occiso
411 1315 491 1389 viro,
522 1323 624 1373 tamen
654 1313 776 1374 ductam
799 1334 818 1375 a
840 1315 939 1375 David
969 1330 1058 1375 εειο·

130 1399 249 1457 tissimo
272 1396 358 1457 viro?
390 1395 422 1456 Si
445 1397 496 1456 lex
518 1396 621 1456 diviua
642 1397 720 1457 haec
741 1398 824 1478 fecit,
846 1397 919 1478 quid
939 1397 1059 1458 leniunt

130 1481 271 1541 homines
294 1482 414 1560 tyranni
436 1482 466 1539 iu
488 1499 561 1540 suos
583 1481 773 1541 conservos?
1020 1476 1042 1513 ”·

213 1564 362 1624 Censetur
384 1568 416 1623 et
435 1563 703 1643 impedimentum,
730 1564 813 1644 quod
843 1569 957 1624 vocant
983 1562 1058 1644 ligo·

131 1649 230 1725 minis,
253 1647 313 1706 hoc
335 1655 392 1723 est,
413 1647 439 1705 si
462 1649 528 1726 quis
551 1647 636 1708 alteri
659 1649 699 1707 rit
720 1647 862 1728 alligatus
886 1666 941 1727 per
964 1664 1057 1727 spon·

129 1730 216 1793 salia.
258 1729 317 1790 Hic
340 1729 541 1810 concludunt,
570 1731 595 1790 si
618 1732 819 1810 posteriorem
848 1731 916 1810 quis
940 1734 1057 1810 cogno-

130 1815 221 1894 verit,
254 1814 364 1893 prioris
392 1832 515 1873 cessare
541 1813 707 1893 sponsalia.
757 1813 848 1890 Quod
875 1814 967 1894 plane
994 1830 1056 1874 nun

129 1899 230 1977 capio,
253 1916 311 1977 ego
334 1896 467 1957 arbitror
488 1916 557 1957 eum
581 1915 651 1956 esse
672 1898 732 1956 iam
751 1917 812 1958 non
828 1900 874 1956 sui
897 1898 981 1973 iuris,
1005 1894 1056 1975 qni

131 1983 182 2040 uni
205 1999 274 2040 sese
286 1981 447 2056 addixerit,
469 1997 508 2039 ac
520 1999 574 2059 per
592 1980 652 2039 hoc
662 1981 843 2059 probibente
863 1982 929 2040 iure
952 1978 1056 2040 divino

133 2064 244 2124 debere
266 2065 359 2143 priori
377 2082 439 2123 non
462 2065 615 2142 cognitae,
636 2065 755 2123 etiamsi
769 2064 972 2144 posteriorem
984 2080 1056 2143 cog·

133 2148 268 2223 noverit,
302 2146 375 2206 dare
396 2147 475 2206 enim
506 2165 567 2206 non
591 2149 703 2226 potuit,
734 2147 816 2227 quod
852 2165 913 2207 non
942 2144 1056 2221 hebuit,

131 2229 187 2290 sed
228 2231 333 2290 lelellit
377 2249 446 2289 eam
481 2231 694 2309 commisitque
726 2251 830 2291 verum
865 2229 1056 2293 adulterium.

133 2311 223 2389 Quod
245 2325 346 2374 autem
371 2313 453 2372 aliud
474 2312 533 2371 illis
557 2315 653 2372 visum
676 2322 733 2392 est,
755 2315 836 2385 lecit,
860 2312 942 2393 quod
966 2330 1057 2392 copu-

133 2397 194 2460 lam
218 2399 317 2456 carnis
339 2397 406 2476 plus
430 2395 638 2473 attenderunt,
663 2415 753 2475 quam
777 2398 911 2456 divinum
935 2395 1056 2457 mande·

132 2485 212 2560 tnm,
244 2476 311 2559 quo'
327 2479 420 2560 priori
442 2477 532 2538 fldem
555 2480 710 2560 pollicitus
740 2482 830 2540 debet
845 2498 975 2559 semper
995 2496 1056 2541 ser·

133 2583 215 2625 vare.
259 2563 318 2640 Qui
340 2565 421 2622 enirn
445 2563 518 2624 dare
539 2563 619 2642 vult,
648 2563 687 2623 de
712 2582 769 2625 suo
799 2565 870 2624 dare
895 2560 1002 2641 debet,
1029 2568 1058 2623 sl

132 2647 216 2708 Deus
239 2647 409 2728 prohibeat,
433 2665 472 2706 ne
494 2649 562 2724 quis
583 2645 707 2706 fratrem
728 2666 817 2707 suurn
841 2646 1059 2707 circumveniat

130 2733 161 2792 iu
184 2733 247 2792 ullo
270 2731 413 2812 negotio,
434 2731 517 2809 quod
540 2730 723 2790 servandum
747 2740 793 2790 est
816 2731 894 2805 ultra
915 2737 945 2789 et
967 2746 1058 2811 supro

133 2835 241 2876 omnes
264 2816 399 2875 omnium
412 2814 568 2873 hominum
582 2813 769 2874 traditiones.
812 2814 857 2874 lte
869 2812 974 2891 credo,
996 2830 1056 2875 uon

132 2917 226 2979 posse
249 2899 338 2959 talem
361 2898 448 2958 salva
470 2895 660 2958 conscientia
687 2916 754 2957 cum
777 2896 915 2957 secunda
935 2894 1058 2957 cohabi-

133 2992 208 3061 tare,
229 2989 261 3042 et
283 2982 343 3042 hoc
363 2980 614 3061 impedimentum
638 3000 705 3040 esse
730 2981 855 3042 omnino
877 2986 1058 3041 convertar·

133 3065 214 3125 dum.
258 3065 290 3125 Si
312 3066 392 3125 enim
415 3073 520 3125 votum
547 3064 703 3144 religionis
731 3064 803 3124 lacit
825 3064 977 3141 alienum,
1006 3080 1066 3123 uur-

104 3172 108 3181 ’
132 3167 194 3210 nou
217 3150 307 3209 etiam
330 3149 406 3209 fides
431 3149 503 3209 data
525 3155 557 3208 et
577 3156 716 3228 accepta,
739 3166 808 3207 cum
830 3147 908 3207 haec
923 3146 1058 3226 sitpm·

132 3233 214 3313 oepti
235 3242 266 3293 et
287 3233 402 3292 fructus
424 3232 553 3312 Spiritus
576 3230 642 3292 Gal.
666 3236 705 3310 5.,
727 3231 799 3291 illud
820 3238 922 3291 sutem
940 3228 1061 3291 arbitrii

132 3316 276 3377 humani?
298 3317 339 3377 Et
359 3319 384 3376 si
409 3317 478 3376 licet
501 3317 589 3376 uxori
601 3317 697 3374 virum
720 3325 868 3394 repetere,
891 3320 964 3373 voto
985 3310 1059 3373 leoli

131 3401 289 3481 religionis
311 3421 374 3462 non
398 3401 556 3476 obstante,
584 3418 638 3458 cur
659 3418 721 3459 non
746 3399 836 3458 liceat
857 3415 993 3476 sponsae
1014 3414 1060 3457 re·

131 3493 238 3565 petere
269 3503 416 3565 sponsum
450 3503 554 3559 suum,
588 3484 679 3543 etiarn
711 3488 818 3543 secuta
850 3480 963 3560 copula
988 3496 1059 3541 cum

131 3569 248 3631 altera?
277 3568 338 3629 Sed
360 3577 391 3629 et
412 3568 552 3648 superius
575 3565 724 3645 diximus,
746 3585 808 3626 non
830 3564 922 3624 licere
944 3580 1062 3625 vovere

131 3653 310 3734 religionem
335 3653 372 3728 ei,
395 3652 445 3730 qui
467 3650 558 3711 fldem
582 3649 665 3709 dedit
687 3649 816 3729 puellae,
838 3647 894 3707 sed
916 3636 1062 3708 estdelti·

132 3736 363 3816 turduceudae,
385 3735 587 3816 quiadebitor
610 3742 657 3794 est
671 3733 742 3797 lidei
764 3729 944 3813 ¹servandae,
958 3747 1061 3811 quem
