2392 4170
155 251 220 319 162
350 254 478 311 Assertio
502 270 580 310 omn.
598 256 677 310 artie
695 253 730 310 D.
748 256 783 308 Ι.
801 254 897 325 lupar

156 411 225 490 ipsa
245 409 433 490 doceantur,
455 409 637 492 probentur,
659 411 834 490 aperiantur
855 418 887 470 et
914 408 1078 473 firmentum.

157 492 224 553 Nisi
244 494 326 554 enim
348 513 387 555 ea
408 496 563 575 apertiora
583 505 614 554 et
636 494 933 570 certioraduoereut,
953 490 1081 553 ridicula

157 596 215 638 sua
237 576 370 638 obscura
391 596 446 657 per
467 577 647 638 obscuriora
668 576 725 636 Dei
753 579 887 657 probare
906 592 1080 658 praesume·

158 667 235 739 rent,
258 679 328 720 cnm
340 667 371 720 et
382 660 565 721 Aristoteles
576 661 704 720 istorum
719 662 941 738 universusque
952 667 1081 721 nstmrs

159 762 268 803 sensus
289 743 322 803 id
343 750 525 821 monstrent,
547 742 631 822 qnod
651 746 759 823 ignota
779 762 835 824 per
855 744 978 803 notiora
990 740 1081 803 etob-

157 844 250 887 scura
271 846 325 906 per
346 827 510 888 manifesta
530 827 734 887 demonstrari
756 834 907 906 oporteat

241 908 329 984 Quae
349 929 424 990 ergo
447 919 495 970 est
514 917 621 970 nostra
648 918 710 969 tam
737 910 907 990 irreligiosa
933 906 1081 989 perverti·

160 1000 218 1072 tas,
239 1002 274 1053 ut
295 1012 400 1054 sacras
421 992 525 1054 literas
546 1013 608 1054 non
630 1013 732 1074 perse
743 996 826 1073 ipsas
838 1000 870 1053 et
881 991 1081 1073 illarupraa

161 1077 264 1156 prium
287 1078 437 1156 spiritum,
459 1077 513 1136 sed
536 1097 593 1156 per
612 1078 771 1137 hominnm
800 1077 922 1155 glossas
953 1074 1081 1135 veliam

158 1160 286 1238 discere,
310 1158 431 1219 diverso
454 1163 589 1220 omniurn
612 1160 734 1220 Patrum
757 1160 912 1243 exemplo,
923 1165 955 1218 et
975 1158 1008 1218 in
1023 1156 1082 1217 lna

157 1244 356 1322 perversitate
389 1243 556 1324 gloriemur
595 1263 653 1305 oen
686 1244 916 1322 religiosissima
945 1236 1082 1321 pietate?

157 1325 190 1385 Si
215 1327 297 1385 enirn
320 1326 383 1386 boc
397 1327 550 1405 volumus,
572 1327 779 1387 concedemus
801 1326 976 1405 Scripturas
995 1340 1082 1385 sanc·

157 1416 205 1470 tas
227 1428 296 1469 esse
307 1408 504 1470 obscuriores
516 1416 548 1470 et
560 1412 740 1488 ignotiores,
751 1429 843 1488 quarn
853 1408 979 1469 Patruus
989 1406 1081 1487 sarip-

157 1498 250 1552 turas.
290 1492 360 1552 Hoc
381 1501 484 1552 autem
507 1492 644 1554 admisso
666 1493 792 1554 ulterius
808 1491 960 1569 dabimus,
981 1490 1014 1553 S.
1028 1489 1081 1551 Pa·

157 1583 219 1636 tres
243 1577 307 1635 suis
329 1577 559 1636 commentariis
582 1576 657 1636 nibil
678 1576 761 1637 aliud
783 1576 903 1654 iecisse,
926 1592 1021 1655 quam
1040 1578 1081 1651 ul,

160 1658 233 1718 dum
255 1678 313 1718 sua
335 1658 468 1739 probant
489 1679 545 1739 per
567 1659 750 1740 Scripturas,
774 1662 895 1720 notiora
924 1656 1084 1738 probarint

157 1760 212 1821 per
232 1742 397 1821 ignotiora,
410 1749 441 1802 et
461 1744 507 1802 sic
529 1751 590 1804 tam
613 1761 648 1803 se
669 1745 754 1823 ipsos
777 1761 867 1822 quarn
880 1759 939 1802 nos
958 1740 1085 1801 mirail*

156 1825 300 1904 luserint,
321 1843 510 1905 prorsusque
533 1828 564 1885 in
596 1845 707 1887 vanum
732 1825 940 1887 laboraverint
961 1831 995 1885 et
1015 1822 1083 1901 crib

156 1916 189 1967 ut
215 1906 284 1987 plns
318 1904 479 1969 credamus
515 1909 785 1989 interpretantibus
820 1927 912 1988 quam
945 1906 1086 1988 loquanb'

156 1989 341 2070 Scripturas,
363 1993 432 2070 quis
452 1994 495 2052 ita
507 1992 660 2053 insaniat?

239 2074 303 2134 lam
326 2076 431 2154 quanti
455 2095 576 2135 errores
603 2079 634 2136 in
658 2075 793 2136 omnium
817 2073 939 2134 Petrum
961 2072 1085 2155 scripl'!

156 2157 272 2216 inventi
294 2157 388 2217 sunt?
424 2157 552 2233 Quoties
575 2160 632 2218 sibi
658 2160 732 2238 ipsis
755 2156 919 2236 pugnant?
955 2155 1085 2232 Quotioe

156 2240 288 2300 invicem
312 2240 519 2302 dissentiunt?
542 2241 617 2317 Quis
630 2255 687 2318 est,
710 2244 760 2320 qui
774 2260 835 2301 non
847 2241 973 2320 saepius
984 2238 1083 2321 Scrip-

157 2330 240 2383 toras
263 2324 405 2384 torserit?
447 2324 575 2400 Quoties
598 2328 788 2405 Augustinus
816 2325 916 2384 solum
941 2323 1084 2404 disputat,

156 2405 232 2466 nihil
251 2406 377 2467 delinit?
399 2409 606 2489 Hieronymus
630 2412 660 2468 in
683 2408 913 2469 commentariis
934 2402 1081 2467 lereniffil

157 2491 282 2569 asserit,
298 2509 360 2570 qua
389 2502 492 2552 autem
522 2494 687 2554 securitate
715 2510 880 2571 possumus
902 2489 997 2551 alicui
1018 2488 1079 2567 uiti,

157 2590 247 2652 quem
261 2575 432 2635 constiterit
444 2578 566 2656 saepius
578 2595 707 2653 errasse,
720 2574 777 2634 sibi
795 2583 825 2634 et
835 2574 903 2634 aliis
915 2588 1078 2653 pugnares,

157 2656 321 2736 Scripturis
344 2659 405 2718 vim
427 2659 548 2738 fecisse,
572 2661 644 2719 nibil
657 2659 835 2736 asseruisse,
852 2659 909 2716 nisi
921 2656 1079 2718 autoritate

157 2738 333 2820 Scripturas
355 2761 413 2802 nos
436 2745 540 2803 omnia
562 2762 667 2804 eorum
690 2761 759 2801 oum
772 2741 886 2801 iudicio
899 2734 1079 2820 legerimus?

155 2822 265 2883 Nullus
286 2825 388 2905 attigit
409 2825 583 2906 Scripturas
606 2826 833 2906 aequalitatem,
855 2825 935 2884 sicut
956 2840 1017 2884 neo
1035 2820 1080 2885 dt·

156 2905 231 2983 buit,
243 2926 418 2988 quanquam
432 2912 542 2970 vetusti
559 2910 603 2970 illi
628 2910 753 2990 propius
773 2909 972 2983 accesserint,
1001 2902 1078 2988 qnod

157 2990 189 3049 in
211 2989 375 3071 Scripturis
387 2991 599 3073 diligentiores
624 2995 753 3053 luerunt.
788 2991 887 3051 Nemo
911 3008 987 3071 ergo
1010 2986 1078 3051 mibi

158 3083 298 3154 opponat
321 3075 424 3156 Papae
448 3087 501 3138 aut
513 3078 618 3138 Sancti
642 3077 776 3136 cuiusvis
798 3075 1009 3153 autoritatem,
1026 3070 1079 3135 uiri

156 3155 321 3237 Scripturis
344 3161 500 3224 inunitam.
523 3161 589 3221 Nec
601 3162 703 3220 statim
716 3158 911 3236 vociferetur,
926 3176 978 3218 me
989 3172 1079 3219 uun!

158 3239 238 3300 velle
260 3242 401 3304 omnibus
425 3244 592 3304 doctiorem
616 3244 711 3303 videri
730 3252 760 3303 et
771 3242 943 3322 Scripturas
958 3240 1081 3323 proprio

157 3325 263 3404 spiritu
283 3325 463 3407 intelligere.
493 3329 578 3390 Haeo
592 3329 672 3387 enim
688 3334 832 3387 nonsunt
847 3325 1081 3387 vociferationes

158 3412 370 3486 quaerentium
394 3411 451 3471 Dei
462 3413 631 3489 veritatem,
653 3411 707 3471 sed
721 3428 808 3470 suam
821 3411 1001 3471 vanitatem.
1020 3408 1083 3471 Au

157 3510 227 3551 eum
250 3492 357 3554 afferat
374 3502 523 3572 autorem,
543 3514 633 3575 quem
649 3500 771 3555 constet
784 3512 939 3573 nunquam
954 3508 1083 3569 enam,

156 3574 328 3657 Scripturas
352 3579 487 3653 torsisse,
511 3580 577 3638 aliis
599 3584 630 3638 et
651 3577 709 3638 sibi
730 3595 895 3657 pugnasse,
917 3575 1085 3641 dubitasse

156 3659 237 3721 Nolo
260 3663 394 3722 omniurn
410 3662 531 3723 doctior
551 3664 675 3740 iactari,
698 3661 751 3721 sed
775 3661 872 3721 solam
896 3661 1083 3742 Scriptorum

156 3764 295 3830 regnare,
317 3765 375 3807 nec
396 3765 465 3807 eam
486 3766 557 3808 meo
580 3747 687 3828 spiritu
709 3754 763 3806 aut
774 3745 905 3807 ullorum
920 3744 1082 3807 bominum
