2392 4170
347 260 491 325 Ambrosii
505 269 615 326 Ostbsr.
633 287 659 329 s.
679 271 759 352 mit.
959 267 1021 339 307

96 423 160 483 nisi
189 422 289 484 solem
322 424 505 485 Romanam.
555 423 634 500 Quid
672 442 746 504 crgo
782 432 876 486 vexet
906 423 1023 488 idolum

95 506 172 567 illud
185 505 357 568 Romanum
381 526 488 568 omnes
501 509 658 586 ccclesias,
679 509 706 567 si
719 528 779 569 uns
801 507 871 568 sola
883 507 1023 571 Romsus

95 592 130 650 in
154 591 268 651 mundo
290 590 514 652 coaluissent?
542 591 607 651 lmo
633 593 695 651 ism
715 609 778 652 uon
800 591 905 652 licebit
926 590 1023 652 eccle·

95 673 176 733 siam
199 672 384 734 ostbolicam
412 674 568 753 appellare
596 677 721 736 nomine
752 674 899 754 singulari
928 674 1024 737 eccls-

96 757 189 838 sium,¹
209 757 287 815 sicut
305 755 464 837 Scriptura
485 757 572 834 lacit,
600 757 654 817 sed
676 756 775 818 sulum
798 757 946 821 ecelesias
968 776 1024 818 nu·

96 857 186 899 mero
207 840 326 918 plurali.

153 962 156 967 -
182 921 327 982 Eiusdem
350 921 539 982 dexteritatis
566 928 630 1000 est,
650 921 747 1002 quod,
764 921 819 983 ubi
841 922 1024 985 Auaolstum

95 1004 237 1065 fictitium
259 1005 500 1085 redarguisaem,
521 1024 613 1085 super
634 1006 758 1066 nomine
780 1005 918 1086 Gspbas,
942 1006 1024 1085 quod

95 1104 208 1148 saxum
230 1087 385 1168 significet
406 1095 437 1147 et
457 1089 508 1154 ille
530 1096 623 1167 caput
646 1089 802 1168 voluisset,
825 1089 897 1149 dicit
914 1089 1027 1150 Gatha-

95 1172 183 1231 ricus
206 1171 387 1233 Anaclstum
411 1189 472 1232 uon
485 1171 679 1250 vocabulum,
701 1171 831 1232 ssdrsn
853 1174 1024 1252 aspexisse,

96 1254 172 1334 quis
192 1273 241 1314 rss
263 1254 381 1316 scilicet
403 1253 509 1314 Petrus
531 1273 585 1334 per
607 1253 743 1334 Oepbam
766 1253 954 1335 significatus
977 1263 1024 1316 cst

78 1343 209 1417 *caput3
242 1337 313 1398 licet
345 1336 468 1417 Cepbas
505 1355 566 1399 non
601 1335 753 1417 significet
786 1351 888 1417 capus.
942 1337 1023 1414 Quid

96 1421 149 1503 bic
183 1421 318 1500 cogitas,
362 1421 478 1500 optime
514 1420 626 1499 lector,
671 1420 709 1480 de
742 1419 848 1482 italico
884 1423 944 1482 isto
981 1423 1025 1483 in·

96 1502 216 1584 genio?
267 1502 409 1563 Riderem
447 1511 478 1563 et
514 1521 592 1583 ego,
636 1503 694 1563 nisi
734 1510 780 1562 tot
814 1502 908 1564 millia
943 1523 1024 1564 erro-

98 1604 168 1646 mm
190 1594 222 1647 st
241 1586 448 1666 perditionum
470 1586 561 1645 nimis
583 1587 662 1645 seris
683 1585 772 1646 nobis
794 1586 971 1666 pcrtilentes
994 1587 1024 1648 hi

95 1668 270 1730 intulissent
290 1669 478 1744 Tbomistac‚
500 1668 547 1728 his
570 1668 766 1749 petitionibus
778 1670 918 1749 principii
941 1679 971 1729 et
991 1669 1023 1730 id

96 1770 196 1833 genus
217 1752 394 1832 sophisticis
416 1751 563 1813 ludibriis.
606 1751 700 1831 igitur
723 1753 931 1812 novumhuno
950 1754 1023 1813 iuris

96 1834 250 1917 perditum
272 1841 304 1895 st
312 1834 488 1914 scripturus
507 1836 744 1914 interceptorem
759 1835 929 1903 sudismus.
953 1835 1022 1896 Non

96 1917 659 2080 littttltllll’ltlsllltl?
673 1917 1023 2061 libritoribus:

97 2083 343 2161 transumens,
367 2083 422 2143 sed
444 2083 622 2164 praedicata
643 2093 759 2144 tantum
784 2093 855 2144 sunt
874 2084 1021 2159 curanda,

97 2176 132 2228 ut
153 2167 277 2246 qusndo
301 2168 446 2247 peristem
469 2169 621 2244 nominas,
644 2186 704 2228 nou
723 2169 880 2247 parietem,
903 2167 956 2226 sed
980 2167 1021 2228 al·

96 2252 170 2311 bum
183 2250 346 2330 intelligas,
360 2251 452 2310 etiam
463 2252 494 2310 in
506 2250 694 2330 simplicibus
709 2251 845 2310 terminis
854 2257 942 2313 extra
954 2269 1023 2330 pro-

96 2335 294 2415 positionem.
337 2333 364 2392 0
395 2334 529 2393 ltslicum
555 2341 589 2393 et
608 2334 829 2395 Tbomisiicum
855 2335 1022 2413 ingenium.

180 2416 249 2476 Hac
270 2424 336 2476 crte
358 2417 436 2476 torte
465 2425 495 2476 ct
526 2416 600 2476 illud
634 2415 785 2493 efficiunt,
818 2416 902 2495 quod
935 2425 1022 2496 petra

98 2499 251 2581 significet
272 2501 408 2579 impium,
431 2518 491 2560 non
507 2501 579 2578 quia
601 2502 639 2559 sit
650 2508 747 2579 petre,
769 2499 823 2560 ssd
847 2498 1023 2578 quiaillud,

99 2588 182 2664 quod
205 2584 357 2664 petrosis
380 2583 503 2659 dicitur,
529 2583 646 2642 scilicet
667 2601 757 2663 papa,
779 2601 888 2642 revers
903 2589 950 2642 cst
969 2585 1023 2643 im·

98 2671 166 2748 pius
188 2666 292 2728 bomo.
336 2665 415 2741 Quid
439 2684 513 2744 ergo
536 2666 693 2745 probibet,
722 2666 792 2743 quin
817 2664 939 2745 Cepbss
960 2667 1022 2727 iarn

97 2769 160 2811 uon
183 2751 284 2810 solnm
307 2760 414 2829 caput,
449 2749 503 2808 sed
531 2750 635 2808 omnic
656 2747 823 2827 siguifloet,
855 2765 924 2807 cum
953 2764 1022 2808 aurs

96 2831 261 2915 significet,
282 2835 334 2912 qui
351 2841 399 2893 est
411 2834 514 2892 omnis
529 2834 558 2891 in
581 2830 745 2893 omnibus?
762 2839 799 2891 ut
812 2831 916 2891 omniu
933 2848 1024 2892 vocer

98 2919 170 2978 bula
192 2918 254 2976 sint
276 2936 368 2975 unum
392 2915 585 2991 vocabulum,
609 2922 638 2975 st
660 2935 753 2974 unum
776 2913 961 2975 vocabulum
985 2914 1023 2974 sit

100 3000 203 3062 omnis
235 2998 397 3060 vocabule.
448 2998 544 3058 ‘Hane
577 3000 657 3058 enim
693 2998 874 3059 latinitcism
904 3015 1021 3058 noram

100 3084 217 3144 beelim
240 3081 414 3143 Germanae
443 3082 587 3142 abitalia
620 3075 795 3143 bominibus
827 3081 888 3143 boo
916 3080 1021 3142 seculo

100 3167 264 3227 discemus.
287 3160 538 3244 'ltsqusiispbas
559 3174 607 3225 est
629 3165 799 3244 apostolus,
814 3173 927 3244 caput,
945 3165 1024 3243 prin

98 3269 173 3332 ceps
192 3249 421 3330 apostulorum,
441 3249 563 3328 impius,
585 3249 740 3326 ebriosus,
762 3255 929 3326 scortator,
953 3265 1021 3307 usu»

98 3336 206 3411 scrius,
229 3343 390 3413 tyrannus,
411 3333 572 3411 impostor,
593 3332 791 3406 simoniacus,
813 3330 971 3408 sincerius,
992 3337 1024 3390 st

100 3417 204 3485 omnis
231 3416 301 3493 iila,
336 3434 416 3495 quas
453 3417 494 3476 de
523 3416 724 3475 sanctissimis
755 3413 866 3475 Christi
902 3413 1023 3475 vicariis

99 3499 366 3578 osrdinslibusqns
387 3507 469 3559 totus
491 3498 626 3559 celebrat
643 3498 736 3575 orbis,
758 3496 1024 3576 affirmativcpro

99 3584 255 3664 positione
277 3581 316 3642 de
337 3585 438 3642 insssc
459 3590 489 3642 et
511 3581 674 3643 universali
695 3583 726 3641 in
740 3581 868 3640 materia
882 3578 1023 3642 naturali.

183 3666 244 3729 sed
265 3686 304 3727 nc
325 3673 365 3741 ts,
389 3666 495 3744 lector,
517 3684 642 3725 enecem
659 3665 748 3725 huius
765 3663 832 3726 Itali
845 3663 1024 3725 Themistac

99 3752 285 3813 stultissimis
306 3750 572 3812 Tbcmistitatibus
593 3757 624 3812 st
645 3745 952 3898 ltalitstibusbdnem
976 3744 1025 3805 bic
