2392 4170
471 247 761 314 nnuenuslosue.
1011 247 1075 320 529

153 439 204 502 vel
237 459 299 503 non
335 439 449 504 hebere
470 441 668 524 Episcopus,
697 439 945 522 quandoquidem
974 460 1075 522 nequo
1105 478 1107 482 >

154 523 320 585 Oddslisni
342 545 442 606 neque
464 525 596 587 ecelesia
618 526 674 587 Dei
697 534 791 606 suut,
821 525 872 606 qui
894 530 956 585 tem
977 526 1073 586 muni·

154 608 240 668 lestis
262 607 426 688 seripturis
441 618 472 670 et
494 609 644 689 exemplis
666 627 727 669 non
752 617 921 685 moventur,
947 626 1075 669 moven-

153 697 202 751 lur
221 698 325 752 'sutem
349 691 467 753 levibus
489 693 555 752 istis
577 711 719 769 rasurae,
742 702 889 752 unolurse
923 699 954 751 et
986 693 1075 752 vesti

154 781 243 834 turae
273 774 381 856 larvis,
411 777 477 835 eine
505 772 668 855 seripturis
704 783 734 834 et
761 775 927 856 exemplis,
957 781 1073 836 tantun

153 856 503 939 longitudinetemporis
525 858 731 919 elmullorum
748 878 803 918 usu
827 859 974 938 probetis,
999 876 1074 936 quus

155 941 223 1021 pius
248 939 436 1002 Christianus
460 962 498 1001 ex
522 943 619 1002 oeulis
652 949 797 1002 amoveat
819 953 849 1002 et
871 941 939 1002 solu
962 941 1074 1001 solido-

154 1041 214 1102 que
247 1023 341 1084 verbo
363 1025 420 1086 Dei
451 1023 629 1103 intendstlj
664 1033 805 1105 oportet,
834 1024 987 1104 plenaque
1015 1023 1077 1084 lide

152 1125 224 1166 sese
241 1106 352 1179 eredes
372 1109 474 1169 faeere
497 1115 528 1169 el
550 1109 708 1188 consequi,
729 1127 809 1188 quse
831 1126 886 1188 per
907 1105 982 1168 illud
1005 1124 1074 1188 pru
1155 1178 1159 1194 ι

154 1190 230 1251 nitu
252 1190 405 1272 intelligit.
920 1224 923 1229 ·

236 1310 326 1373 Nove
347 1333 395 1374 res
418 1321 466 1375 ess
489 1311 665 1399 (inquiunt)
696 1319 726 1373 et
754 1313 821 1375 siue
844 1311 1017 1393 exemplo‚.
1032 1313 1077 1396 sie

154 1393 268 1474 eligere
291 1402 322 1455 et
340 1400 447 1458 'oreore
470 1397 665 1478 Episcopus3
687 1395 883 1476 respondeo:
906 1392 975 1457 Iuro
998 1397 1077 1457 snti-

154 1475 301 1556 quissims
322 1485 353 1539 el
375 1478 524 1560 exemplis
547 1479 757 1560 aposlolorum
779 1496 965 1558 suorumque
988 1478 1075 1541 disni-

154 1558 295 1640 pulorum
318 1562 458 1643 probatu,
483 1561 555 1625 lieet
575 1584 631 1645 per
653 1562 792 1644 Papisius
807 1563 961 1623 contrario
975 1581 1077 1623 exem·

155 1641 207 1722 plo
231 1648 261 1702 el
294 1645 506 1724 pestilentibus
529 1645 691 1707 doetrinis'
708 1645 824 1707 ebolite
846 1653 877 1706 et
911 1646 1076 1714 exstincta.

154 1725 286 1787 Proinde
309 1728 369 1788 lios
390 1731 487 1810 magis
509 1727 722 1809 laborandum,
745 1734 778 1788 ut
799 1745 905 1789 reeens
931 1726 1076 1809 pestilen-

155 1808 217 1870 lise
239 1810 415 1899 exemplum
439 1810 624 1894 explodetis,
647 1819 677 1872 et
698 1812 831 1893 priseum
844 1809 952 1872 sslulis
974 1830 1078 1871 exem·

155 1890 240 1972 plum
263 1895 424 1961 revocetis.
1057 1900 1063 1915 ·’

174 2086 176 2091 ,
238 2015 368 2095 Deinde,
382 2017 415 2088 ‚si
437 2018 572 2091 maxime
587 2036 670 2080 nove
691 2037 739 2081 res
762 2025 853 2097 esset,
877 2025 991 2098 tomen,
1008 2035 1077 2083 oum

157 2098 285 2163 verbum
307 2101 366 2163 Dei
395 2102 446 2168 hio
478 2101 581 2164 luoesl
601 2108 632 2162 es
660 2101 775 2181 iubeat,
796 2101 886 2165 simul
903 2098 1075 2167 'neeessitss

156 2183 324 2244 animarum
345 2186 438 2266 uegit,
460 2205 585 2267 prorsus
607 2185 681 2251 nihil
702 2205 829 2248 movere
850 2185 943 2248 debet
962 2186 1006 2247 rei
1019 2203 1076 2247 no-

155 2265 244 2345 vitus,
265 2265 320 2337 sed
342 2268 426 2330 verbi
439 2270 593 2331 molestus.
628 2269 705 2332 Nem
729 2267 811 2351 quid,
832 2289 919 2351 rogo,
942 2288 1004 2331 non
1028 2273 1076 2331 esl

155 2367 271 2425 norum
301 2349 384 2429 quod
415 2349 492 2411 fides
513 2350 614 2412 feeit?
656 2351 726 2423 Non
754 2353 810 2413 fuit
838 2355 929 2416 etiem
953 2359 1077 2435 aposlo-

156 2432 254 2494 lorum
279 2498 284 2510 ,
308 2440 448 2516 tempore
491 2452 604 2495 novum
642 2433 822 2513 ¹huiusmodi
856 2434 1077 2506 ministerium?

154 2512 225 2578 Nou
244 2515 442 2597 fuitnovum,
460 2517 543 2598 quod
555 2515 711 2594 Abrohom
728 2517 838 2579 obtulit
851 2517 946 2581 lilium
966 2517 1077 2580 suum?

156 2598 225 2661 Non
248 2599 306 2663 luis
321 2619 444 2681 novum,
467 2600 550 2681 quod
572 2598 626 2660 filii
648 2600 742 2662 lsrael
765 2621 849 2664 mere
873 2600 1078 2672 tususieruns?

155 2679 226 2745 Non
251 2683 309 2745 erit
327 2683 403 2755 milri
425 2702 564 2762 novum,
598 2684 681 2763 quod
710 2703 769 2765 ego
798 2706 852 2766 per
874 2691 1003 2753 mortem
1025 2684 1077 2747 ibo

155 2765 186 2824 in
209 2765 322 2831 visam?
350 2767 557 2839 'Alnerbum
581 2768 636 2829 Dei
667 2769 697 2828 in
725 2768 772 2828 his
795 2768 937 2830 omnibus
958 2772 1076 2848 speetu·

156 2853 214 2928 tur,
235 2866 298 2909 non
320 2851 450 2913 novitus·
464 2851 540 2932 ipso,
564 2849 679 2931 alioqui
714 2852 738 2913 si
770 2853 891 2913 novitus
921 2853 996 2919 estis
1015 2856 1080 2912 'est

127 2937 189 3037 ‘ut
209 2936 364 3075 gloretur,
389 2934 450 2994 ism
472 2951 536 2997 non
560 2933 636 3005 lines
658 2933 711 2997 ulli
733 2933 828 3007 verbo
850 2935 908 2999 Dei
942 2952 1078 3016 unqusm

157 3030 207 3074 ure
230 3032 290 3075 ere.

158 3171 166 3190 ε
205 3182 219 3193 ..
239 3132 364 3201 credits
388 3135 502 3221 itaque,
527 3138 586 3203 mei
608 3136 731 3222 iratres,
755 3137 848 3205 verbo
875 3135 944 3222 Dei,
970 3145 1001 3204 sl
1024 3158 1078 3204 nu·

154 3218 235 3284 sites
263 3241 325 3283 non
358 3220 495 3284 movebit
527 3225 577 3284 vel
616 3227 720 3287 vestro
752 3226 889 3307 ipsorum
916 3223 1079 3302 exemplo.

154 3303 233 3368 Num
256 3306 281 3366 si
303 3308 425 3368 novisse
447 3326 529 3368 nunu
550 3307 663 3387 aliquid
686 3309 788 3388 volet,
812 3327 865 3370 eur
887 3327 949 3374 nos
973 3309 1078 3382 valuit,

154 3407 224 3458 ersus
247 3408 302 3452 vos
324 3391 383 3454 soli
405 3389 514 3453 Boemi
535 3393 686 3454 restilistis
709 3393 822 3476 Pspee,
846 3400 878 3464 et
899 3393 1004 3455 omnis
1025 3392 1078 3455 ills

227 3644 606 3762 1)1ned.len.:lntentns
622 3665 668 3753 sllss
779 3662 782 3667 ¹
940 3733 945 3741 .
1055 3734 1061 3743 .

179 3792 273 3843 uoueri
288 3804 340 3852 epp.
354 3798 381 3843 v.
396 3798 424 3842 s
438 3793 788 3852 ascensionum.
941 3763 982 3836 34
