2392 4170
442 238 523 298 Doct.
543 233 721 297 Maithath.
994 235 1056 303 256
1119 256 1121 260 ’

133 403 330 485 perfectionis
353 403 452 465 metiri
474 402 609 464 consiliis
631 408 678 463 et
683 419 745 462 non
764 401 944 483 praeceptis.
986 397 1058 461 Non

135 489 228 567 enim,
248 493 282 548 ιιι
302 487 362 568 ipsi
384 486 502 566 fingunt
537 485 667 546 consilia
687 490 759 545 sunt
780 487 1057 566 supraprasoepts,

134 569 188 632 sed
218 590 236 631 e
264 569 387 631 diverso
416 533 576 631 consiiium
610 567 685 628 iilud
707 568 950 644 continentiae(
939 571 1057 646 (nequa

134 663 182 715 est
215 653 309 714 ullum
343 652 424 715 aliud
461 650 640 748 consiliaro)
676 658 724 711 ast
750 650 827 724 inira
858 656 1057 732 praecaptum

135 756 234 799 suum.
278 736 479 817 Praeceptum
503 742 551 795 est
573 736 669 813 enim,
692 751 753 794 non
777 732 1057 814 concupiscendum

134 839 213 882 csse
259 821 301 881 At
330 821 397 880 siue
425 819 675 899 concupiscentie
711 835 811 897 neque
842 818 929 898 virgo
957 834 1058 896 neque

134 903 259 964 coelebs
289 913 336 964 est
365 905 395 963 in
424 903 483 964 hac
513 904 583 964 vita.
627 899 687 962 Sed
715 918 816 980 neque
846 919 899 961 cur
927 898 1001 960 iliud
1018 901 1058 960 sit

135 987 307 1047 consultum
341 986 427 1047 novit
468 986 528 1046 hoo
557 985 698 1044 miserum
721 984 928 1064 ignorantiae
936 983 1057 1063 vulgus.

133 1070 167 1130 ln
191 1070 251 1131 hoc
273 1071 353 1130 enim
375 1072 432 1151 ipsi
446 1074 570 1130 servant
585 1067 744 1129 consilium
767 1067 858 1146 istud,
881 1065 963 1148 quod
985 1085 1058 1128 con·

133 1155 262 1215 tinentia
284 1173 338 1234 per
360 1172 428 1213 sese
450 1155 488 1212 sit
510 1150 751 1211 laudatissimum
775 1168 864 1231 opus,
884 1152 996 1231 inquo
1019 1151 1066 1212 sit¹

134 1236 218 1298 salus
246 1242 278 1297 et
307 1236 422 1318 gloria,
450 1236 520 1296 ideo
547 1253 617 1295 aeae
639 1234 749 1295 ceteris
770 1232 949 1295 Christianis
971 1252 1057 1314 prae-

133 1319 234 1381 serunt
258 1337 369 1400 magno
391 1284 565 1380 ιιιιιιιιιΙΙο.ι
607 1318 648 1377 At
670 1316 806 1378 Christus
828 1323 859 1378 et
874 1316 988 1378 Paulus
1010 1335 1057 1378 se-

135 1422 189 1464 cus
212 1402 335 1480 docent,
358 1405 408 1483 qui
426 1402 529 1463 sciam
552 1399 644 1461 fidem
667 1401 783 1462 iactant
805 1402 864 1462 et
856 1420 887 1462 ιιι
910 1400 971 1461 hoc
992 1400 1056 1461 lau·

135 1487 210 1547 dant
230 1487 424 1565 coelibatum,
448 1505 509 1545 non
534 1483 751 1564 quodperfeoti
775 1485 835 1544 sint
861 1485 893 1544 iu
915 1484 1056 1546 castitate

134 1588 208 1650 prae
230 1571 355 1648 ceteris,
384 1577 436 1629 aot
465 1587 528 1629 non
558 1569 780 1648 concupiscant
802 1566 948 1628 adversus
969 1584 1056 1649 praa·

134 1659 268 1732 ceptum,
292 1652 346 1713 sed
369 1651 450 1733 quod
473 1651 564 1713 soluti
586 1671 604 1711 a
627 1651 707 1713 curis
730 1657 761 1712 ct
776 1649 972 1712 tribulatione
994 1669 1058 1711 car

134 1737 191 1832 nis,
213 1754 303 1816 quam
316 1736 421 1796 tribuit
434 1735 546 1795 Paulus
558 1735 713 1814 coniugio,
735 1734 908 1815 expeditius
931 1741 962 1795 et
982 1733 1057 1796 liba·

132 1819 196 1879 rius
221 1816 313 1880 verbo
336 1826 366 1879 et
387 1817 458 1879 fidei
479 1820 594 1879 instare
621 1818 742 1898 possint
762 1816 812 1879 die
843 1824 874 1879 et
890 1815 922 1901 ¹)
954 1823 1055 1899 nocte,

124 1900 187 1962 'ubi
209 1903 345 1963 coniunx
368 1903 504 1982 coniugi,
533 1900 617 1980 filiis,
641 1901 775 1963 familiae
797 1907 828 1962 et
849 1900 940 1963 rebus
965 1901 1056 1962 huius

135 1986 217 2047 vitae
248 1984 368 2046 deditus
390 1985 530 2046 avellitur
552 1993 583 2046 at
610 1987 641 2046 in
673 1984 768 2046 muita
798 1983 900 2047 aliena
921 2005 940 2046 a
963 1984 1057 2046 verbo

123 2070 259 2149 ¹negotia
275 2067 426 2131 dividitur.

217 2186 268 2246 Sic
316 2186 502 2258 Christus*)
537 2185 695 2251 eunuchos
730 2186 843 2267 laudat,
883 2205 946 2250 uon
983 2185 1055 2268 quia

132 2276 267 2331 castrant
289 2287 323 2328 se
344 2271 439 2350 ipsos,
461 2268 516 2329 sed
536 2274 743 2352 quiapropter
756 2289 883 2352 regnum
896 2271 1054 2332 coelorum

133 2371 202 2413 sese
225 2358 370 2429 castrant,
392 2370 455 2411 non
477 2357 578 2413 autem
597 2356 642 2414 sic
662 2357 927 2435 proptsrrcgnum
950 2354 1056 2416 coelo·

132 2456 210 2515 rum,
244 2448 275 2495 ut
304 2454 358 2516 per
386 2436 557 2494 castitatem
589 2435 668 2496 salvi
702 2434 786 2514 fiant,
809 2438 926 2518 alioqui
948 2455 1057 2499 omnes
1163 2511 1165 2517 y

134 2525 293 2599 oporteret
316 2519 452 2599 castrari,
474 2535 542 2577 cum
565 2518 634 2578 sola
655 2515 732 2578 fides
748 2518 853 2580 salvos
876 2519 978 2597 iaciat,
1000 2519 1055 2582 scd

132 2608 258 2700 propter
279 2601 491 2683 Evangeiium,
513 2601 595 2681 quod
623 2607 717 2663 vocat
737 2620 864 2682 regnum
887 2602 1057 2686 coelorum,

133 2688 182 2746 cui
202 2685 412 2766 praedicando
436 2690 467 2745 ct
464 2683 690 2784 propagando
711 2702 767 2765 per
781 2684 913 2766 populos
935 2685 988 2746 ille
1011 2685 1057 2747 ic-

132 2769 221 2830 iicius
245 2771 348 2848 servit,
371 2770 422 2850 qui
446 2765 574 2850 ἄγαμος
595 2774 627 2829 at
648 2769 714 2829 sine
743 2787 815 2830 cura
836 2768 965 2830 aliorum
988 2787 1057 2831 cca

133 2852 199 2914 leba
233 2854 320 2924 vivit
393 2791 537 2914 Βιιιιιιιιμ
553 2869 628 2932 crgo
669 2853 756 2934 regni
803 2851 962 2914 coelorum
994 2851 1060 2914 vult

133 2955 203 3008 esse
224 2937 397 3006 castitatem
411 2935 559 3014 Christus,
583 2943 745 2997 etservsm
759 2942 974 3017 spontaneam,
997 2953 1059 2998 non

133 3031 212 3102 quae
233 3020 308 3080 iliud
331 3026 494 3099 mereatur,
523 3017 580 3081 sed
610 3019 671 3079 iam
703 3018 827 3101 habeat,
857 3027 887 3081 et
908 3018 947 3081 ad
970 3038 1058 3081 com-

133 3103 349 3164 municandum
369 3105 440 3167 aliis
452 3102 584 3184 gratuito
598 3102 748 3182 obsequio
759 3103 880 3167 laboret
901 3108 954 3164 aut
975 3112 1059 3164 certa

134 3186 193 3249 sibi
216 3189 274 3267 ipsi
297 3195 419 3268 augeat,
442 3187 565 3249 assidue
587 3192 694 3267 parata
716 3193 842 3268 propter
858 3188 958 3268 ipsum
981 3187 1059 3249 mori

133 3279 162 3332 et
186 3269 224 3330 de
247 3271 359 3331 mundo
378 3272 472 3334 exire.

216 3353 256 3415 Et
276 3353 427 3429 Paulus²)
453 3353 567 3423 bonum
583 3370 653 3413 csse
664 3350 848 3416 coelibatum
862 3352 945 3432 dicit,
968 3372 1060 3436 prop-

170 3603 317 3674 ·)Μιιιιιι.
339 3606 381 3661 19.
420 3604 449 3673 ι)
470 3602 501 3659 In
519 3602 564 3660 ed.
582 3603 689 3676 priore:
708 3619 751 3661 sc

168 3678 201 3745 2)
221 3675 252 3731 In
269 3675 313 3733 ad
331 3676 423 3746 priora
441 3675 543 3734 ιοιιιιιι
560 3675 658 3735 verbu
695 3677 737 3751 Ει
762 3675 890 3736 Paulus
908 3705 942 3720 -·
961 3691 1059 3751 qaam

132 3747 233 3821 ligati
253 3747 434 3822 coniuges.
