2392 4170
145 218 210 295 itt
496 150 725 303 norm

147 409 228 455 nem.
271 391 311 455 nt
342 392 394 457 uhi
422 400 527 459 menet
552 394 679 461 verbnm
701 393 832 457 Christi:
865 392 935 457 noo
954 389 1069 463 tener

148 474 209 541 dur
229 474 272 538 illi
294 477 411 541 tneinnt
429 477 512 541 elind
534 487 566 542 et
586 477 793 542 eontrarium?
813 476 980 541 'tutissime
997 496 1070 543 nnt-

145 561 229 629 ninm
262 562 354 642 igitur
381 563 470 640 feeit,
502 565 554 644 qni
575 562 711 628 adiisse
740 564 770 624 in
793 569 908 642 totum,
930 568 964 623 nt
983 566 1071 625 nnno'

143 642 230 717 finnt,
252 650 314 707 tem
336 647 456 727 private
477 666 568 728 quem
591 648 715 729 publiea
731 646 876 722 abstinet,
897 646 970 726 quie
991 664 1068 709 nen·

143 734 191 790 tre
211 727 321 792 Christi
344 731 520 811 exemplum
548 738 580 794 et
605 734 773 794 institutum
806 728 937 810 emplius
964 729 1070 792 refert.

146 810 207 879 ted
230 813 282 875 nbi
304 817 534 879 conseersverit
558 816 688 897 aliisque
716 814 924 891 distribuerit,
946 818 1011 876 tnm
1034 818 1079 875 et-

143 896 211 978 ipse
230 896 271 959 sb
291 897 353 960 elio
375 891 515 980 desipiet.
559 900 611 963 sie
643 901 724 962 eninr
757 904 788 960 et
809 897 939 960 eliorum
957 895 1068 961 Seors-

143 988 315 1050 mentorum
338 982 438 1045 nullus
459 983 517 1047 eibi
540 985 598 1062 insi
620 983 746 1064 aliquod
769 981 843 1043 dere
866 979 979 1057 dehet,
1010 978 1068 1043 sed

143 1062 183 1125 eb
206 1063 273 1127 eliis
295 1065 437 1147 desipere
459 1073 490 1128 et
510 1068 578 1130 eliis
600 1067 682 1133 dere.
726 1066 803 1129 Sunt
833 1064 912 1127 heee
933 1063 1069 1129 obsone

21 1146 24 1151 ’
142 1152 175 1209 et
201 1147 315 1211 dubis?
368 1151 417 1213 An
446 1149 732 1215 determinationem
766 1148 866 1211 ulmae
897 1148 1068 1211 Fennltstis

140 1229 320 1300 Berisiensis
341 1233 392 1296 hie
419 1235 686 1314 exspectabimus,
714 1252 794 1314 quee
822 1237 945 1294 rnntuet
970 1238 1002 1292 et
1023 1230 1067 1291 di·

142 1321 206 1387 eetr
234 1316 321 1378 Heee
340 1318 515 1400 Propositio
543 1326 591 1382 est
618 1324 727 1382 eontra
754 1315 852 1378 elmes
879 1314 1066 1395 Feenltetes,

141 1405 174 1465 et
199 1401 425 1471 eentumeliorn
453 1403 606 1477 magistris
633 1399 842 1465 nostratibus?
894 1397 937 1460 At
968 1396 1067 1461 verbe

139 1481 299 1565 Evangelii
323 1488 406 1548 stent
427 1487 511 1550 olere
532 1493 564 1548 et
582 1486 696 1548 solide:
723 1484 826 1564 Fregit
847 1488 880 1544 et
900 1481 984 1544 dedit
1006 1481 1066 1543 dis·

140 1567 259 1647 einulie
281 1568 350 1631 Hoe
370 1570 472 1636 tenite.
509 1570 580 1632 Non
602 1569 690 1632 didit:
712 1569 753 1631 Et
773 1567 907 1629 servavit
928 1572 961 1628 et
982 1584 1064 1627 snm·

139 1651 186 1721 tit·
200 1650 258 1719 sibi
278 1653 347 1733 insi,
368 1653 437 1716 Hoe
456 1655 558 1717 tenire.
600 1653 697 1715 Vides
720 1669 812 1732 ergo,
836 1651 860 1710 si
883 1669 956 1711 nens
977 1650 1065 1711 insti·

138 1735 195 1797 tuti
216 1733 362 1798 dominini
379 1740 615 1818 permansisset,
637 1756 793 1817 nunqnam
814 1733 998 1795 seeritieium
1022 1751 1064 1795 ex

139 1816 334 1883 Enchedntis
354 1821 468 1883 tsetnn
498 1821 616 1884 fnisset.
659 1820 744 1883 Sient
770 1836 862 1880 nemo
890 1816 953 1877 hoe
972 1816 1065 1879 saeri-

138 1900 241 1967 fletum
272 1912 383 1983 venet,
411 1905 494 1984 qnod
528 1906 667 1967 minister
700 1903 850 1966 eeeleeiee
877 1898 1006 1961 infirmis
1033 1905 1067 1961 et

137 1987 313 2066 petentibus
335 1988 559 2051 Euehslistinm
581 1989 740 2050 ministrat
781 1985 823 2046 At
844 1982 895 2045 nbi
917 1989 1065 2064 eoeptnm

138 2075 187 2132 est
215 2071 357 2153 frangere
387 2074 419 2137 et
441 2072 622 2134 distribuere
650 2072 760 2133 mntnri
781 2070 811 2131 in
845 2066 875 2127 id
898 2066 982 2146 qued
1006 2072 1064 2145 est

137 2151 195 2215 sibi
217 2155 411 2217 soliservere
433 2162 465 2219 et
487 2175 617 2232 sumere,
636 2154 748 2217 deinde
760 2152 941 2228 ministrum,
963 2169 1064 2211 eeeer·

138 2238 240 2299 dotem
266 2240 396 2314 denseri,
415 2240 458 2300 ibi
479 2241 636 2301 inventum
661 2245 707 2300 est
729 2235 921 2310 sacrificium,
944 2233 1065 2295 scilieet

136 2326 172 2382 nt
189 2318 318 2383 heberet
340 2322 422 2402 qnod
444 2329 551 2403 egeret
570 2322 622 2383 itte
655 2341 744 2383 seder
764 2316 922 2395 sacerdos,
945 2337 985 2377 ne
1007 2317 1064 2378 oti·

137 2423 209 2466 oens
245 2412 340 2467 steret
370 2426 474 2468 eorem
509 2407 606 2467 elteri.
661 2405 751 2482 Quod
782 2406 807 2465 si
841 2400 968 2462 omnino
1006 2399 1063 2462 eibi

135 2488 194 2568 ipsi
216 2509 337 2551 sumere
359 2497 448 2551 extra
476 2490 651 2569 exemplum
680 2488 790 2550 Christi
821 2484 926 2560 volet,
952 2483 1063 2545 saltem

135 2570 197 2634 hee
218 2579 313 2647 duret,
334 2594 374 2634 ne
396 2573 480 2636 setus
503 2579 612 2642 sumet.
635 2573 690 2634 sed
701 2573 823 2651 franget
844 2565 933 2627 simul
956 2572 989 2627 et
1012 2564 1065 2628 det

136 2655 214 2730 eliis,
236 2676 276 2718 ne
287 2657 363 2718 nihil
376 2658 509 2738 exempti
526 2658 624 2737 sequi,
647 2655 701 2717 sed
715 2656 819 2717 omnia
830 2655 939 2711 eontm
960 2668 1063 2711 exem·

133 2739 218 2818 plum
241 2741 352 2803 Christi
375 2761 468 2820 egere
490 2742 673 2805 invenietur.
718 2738 835 2800 Fidelin
865 2739 936 2794 sunt
968 2732 1064 2794 verbe

134 2828 167 2884 et
187 2825 261 2886 setis
283 2830 380 2886 tutem
401 2826 504 2886 tenere
526 2824 748 2885 conscientiam
771 2817 928 2902 potentia,
951 2817 977 2877 si
1000 2835 1063 2879 ere·

135 2904 191 2968 des
213 2913 245 2968 et
265 2908 419 2987 sequeris,
442 2912 622 2987 contempto
654 2907 747 2968 totius
776 2899 879 2965 mnndi
911 2919 969 2960 usn
990 2918 1062 2961 eon·

136 2991 240 3056 trsrin.

519 3172 674 3248 Quarto.

217 3325 258 3389 et
278 3327 370 3390 dixit:
393 3329 545 3410 Aeeipite,
567 3326 686 3387 seilicet
707 3341 769 3383 non
792 3320 891 3380 solnm
914 3319 1062 3402 exempto

134 3415 166 3470 st
185 3408 269 3472 tento
293 3411 442 3491 ostendit,
476 3432 539 3473 non
573 3408 757 3471 seeritieinm
781 3404 849 3465 Deo
880 3402 1061 3473 exhibitum,

133 3492 188 3555 ssd
202 3492 317 3557 denum
340 3495 515 3557 hominibus
533 3493 636 3555 datum
650 3483 875 3554 Eueheristiem
897 3505 979 3565 esee,
1002 3484 1057 3549 sed

133 3583 166 3638 et
186 3577 282 3640 verbo
305 3578 486 3656 confirmet,
510 3578 618 3640 inbens
642 3583 675 3637 nt
696 3572 859 3652 eeeipient
904 3569 966 3631 Gur
999 3588 1060 3631 non

133 3661 182 3722 sis
199 3661 262 3721 eit:
284 3659 400 3723 Oderte
421 3662 473 3723 rei
493 3658 685 3723 seeritteete?
713 3656 762 3719 An
785 3653 927 3733 Papistee
949 3653 1060 3715 iterum

133 3744 316 3826 montier
330 3742 559 3813 demades
580 3742 729 3826 impedit,
762 3757 803 3800 ne
840 3736 960 3816 edient,
989 3732 1062 3816 qnid
