2392 4170
389 255 426 315 l).
441 254 478 311 Ι.
495 256 575 312 tutu.
590 256 781 315 munorum.
988 258 1049 326 1'11

128 411 199 473 nidis
219 412 295 492 iugo
315 412 460 489 solemus,
482 410 575 490 quod,
598 413 650 492 qui
673 412 864 475 Christianus
881 423 942 494 est,
960 414 1049 478 (ibri

130 500 201 557 stum
214 495 317 576 habat,
336 496 386 575 qui
402 493 555 555 Christum
579 495 682 573 habet,
706 499 819 575 omnia,
841 516 921 578 quae
938 499 1051 561 Christi

132 587 208 659 rut,
230 578 340 655 babet,
368 579 475 639 omnia
494 588 621 658 potens,
648 579 687 639 ds
715 598 776 659 quo
799 581 887 662 plura
904 589 940 643 *et
960 583 1050 644 robu-

133 663 207 741 uns,
227 660 279 723 ubi
300 661 362 723 ista
382 662 491 723 amisis
504 663 579 722 meis
589 664 719 744 papistia
737 664 902 744 ·displioare
913 684 1049 731 sensero.

184 790 234 853 Da
262 784 525 852 Saoramento
553 798 752 853 extremae
781 795 991 858 unctionis.

202 908 281 971 Huiu
305 906 518 987 ungentorum
532 906 719 969 intirmorum
736 911 810 970 ritui
825 909 901 971 duas
922 911 1051 973 additio-

136 1010 181 1053 ω
196 1002 265 1054 sess
287 992 398 1072 dignas
426 989 610 1051 addiderunt
630 992 767 1073 theologi
798 996 903 1057 nostri.
950 993 1049 1055 Unam

138 1075 206 1155 quud
226 1082 452 1137 sacramentum
475 1075 643 1154 appellant,
672 1075 816 1156 alteram,
845 1076 928 1156 quod
952 1083 1051 1138 extre·

139 1166 205 1221 nuni
245 1159 379 1236 laoiuut,
422 1160 521 1237 sitque
564 1176 647 1218 nuno
684 1153 910 1219 'saemmenlum
952 1172 1051 1220 extra·

138 1260 195 1302 usu
213 1243 381 1317 unctionis,
412 1258 492 1320 quae
519 1243 578 1301 nisi
607 1244 637 1302 in
668 1250 807 1302 extremo
830 1244 911 1302 vitare
931 1244 1051 1322 aganti-

139 1323 338 1406 buspsrioulo
360 1323 426 1385 dari
454 1343 517 1384 non
540 1324 660 1388 debeat
713 1326 804 1386 Forte
833 1330 885 1399 (ut
908 1336 983 1386 sunt
1005 1345 1051 1385 ar·

140 1408 192 1487 gut
221 1408 395 1480 disleotioi)
435 1407 594 1468 relativam
630 1407 770 1468 metunt
802 1408 841 1468 ad
874 1410 1050 1468 nnotionem

139 1492 249 1570 phem
278 1490 422 1572 baptismi
451 1496 484 1550 at
503 1498 667 1570 sequentes
690 1491 784 1570 tusa,
808 1489 1050 1552 oonfirmstiouis

139 1574 301 1636 sturdini's.
356 1573 469 1635 Verum
507 1574 621 1634 habent
649 1574 714 1650 bio,
747 1574 832 1654 quod
855 1576 890 1634 :in
918 1593 955 1635 os
978 1575 1051 1634 mitri

140 1657 301 1732 retundant,
330 1675 459 1736 nempe,
485 1656 569 1736 quod
597 1659 762 1718 autoritate
782 1658 885 1718 laoobi
917 1656 1051 1737 apostoli

140 1738 180 1801 bia
195 1741 357 1822 promissio
380 1746 411 1800 st
433 1739 554 1819 signum
576 1741 628 1817 sit,
657 1741 767 1820 quibus
791 1760 855 1820 ego
872 1758 1050 1801 onerantes»

141 1828 191 1883 tn
217 1824 363 1886 eonstitui
391 1823 539 1883 buotenus
556 1822 635 1883 uixi.
677 1823 760 1883 Dioit
786 1826 929 1900 eninr*):
951 1823 988 1884 si
1011 1826 1053 1884 in-

138 1902 256 1969 innutnr
272 1909 346 1989 quia
368 1908 397 1966 iu
418 1905 517 1984 vobis,
538 1905 665 1966 induout
674 1908 874 1987 presbyteros
888 1907 1049 1982 eoolssisa

141 1996 265 2053 slorsnt
287 2010 381 2071 super
402 2009 488 2066 eum,
511 1998 662 2068 ungentes
684 2010 753 2050 eum
770 1990 848 2051 oleo
872 1991 901 2050 in
924 1991 1050 2051 nomine

139 2070 256 2153 teniat,
278 2082 311 2137 et
333 2075 432 2136 oratio
455 2071 526 2135 fidei
548 2072 680 2134 salvabit
693 2072 856 2152 infirmum,
877 2080 908 2134 at
930 2074 1051 2135 allevia·

140 2153 444 2236 metanomiam,
467 2164 507 2236 ot,
530 2158 555 2216 si
576 2157 606 2217 in
629 2158 764 2237 pennatis
786 2160 840 2235 sit,
862 2160 1053 2219 remittantur

139 2240 166 2303 αξ
202 2238 301 2319 ileum
323 2242 478 2320 inquiunt,
506 2241 671 2321 promissio
691 2243 887 2302 -romlssionis
909 2251 1051 2322 pausatu-

140 2341 189 2385 tun
211 2333 245 2386 at
264 2327 388 2404 signum
412 2323 481 2386 olei.

203 2409 276 2489 Ego
297 2414 401 2468 autem
425 2406 510 2485 diuo,
538 2407 564 2466 si
587 2408 706 2486 uspiam
730 2407 890 2469 deliralum
914 2419 970 2485 est,
989 2408 1053 2470 boo

141 2488 193 2553 lusu
213 2492 388 2574 praecipue
414 2489 575 2550 deliratum
604 2497 660 2551 est
704 2491 941 2568 Omittamus,
970 2493 1052 2571 quod

138 2572 200 2637 hun
220 2574 392 2656 epistolam
415 2591 477 2634 non
500 2591 569 2633 esse
590 2575 723 2653 apostoli
746 2576 865 2653 laoobi,
895 2595 954 2636 nso
981 2594 1053 2656 apo·

135 2658 230 2721 autito
254 2658 365 2738 spiritu
383 2656 518 2737 dignam,
540 2657 626 2717 multi
649 2658 738 2719 valde
752 2658 952 2739 probabiliter
973 2678 1054 2720 asse·

134 2750 197 2822 runt,
220 2743 297 2803 lieet
318 2738 543 2801 consuetudine
556 2743 762 2816 autoritatem,
785 2744 993 2822 suiusuuuqne
1006 2745 1055 2822 sit,

134 2822 302 2887 obtinuerit.
350 2823 467 2884 Tamen
494 2825 519 2883 si
548 2825 639 2884 stiam
671 2835 753 2886 esset
780 2827 913 2906 apostoli
942 2827 1055 2905 laoobi,

135 2906 270 2987 buram,
294 2925 357 2968 non
382 2906 474 2968 llosrs
494 2907 671 2987 apostolum
688 2926 750 2969 -sna
771 2911 935 2970 autoritate
949 2926 1056 2970 saera

136 3003 262 3055 nantum
297 2991 472 3069 instituere,
503 2990 534 3050 id
557 2998 621 3069 est,
654 2991 787 3052 divinam
818 2996 1055 3074 promissionem

136 3092 194 3137 uum
216 3075 366 3137 adiuncto
395 3075 485 3154 signo
515 3073 598 3134 dara.
636 3074 705 3135 Hos
732 3078 813 3137 enim
841 3076 880 3137 ad
898 3076 1054 3139 *Christum

137 3158 224 3220 ulam
254 3156 440 3238 pertinebat
482 3156 534 3218 Sia
553 3158 749 3219 Paulus-sose
770 3162 928 3240 aooapisse
956 3162 1057 3224 a-Do·

137 3243 209 3304 nino
234 3242 310 3302 dioit
321 3248 547 3302 sacramentum
560 3242 770 3319 enobaristiaa,
793 3251 823 3303 st
843 3245 979 3326 missum,
992 3266 1054 3307 non

139 3332 165 3407 st
187 3326 340 3406 baptism,
373 3323 428 3385 aad
457 3331 490 3384 ut
516 3325 714 3405 evangellset.
765 3326 921 3408 Nusquam
947 3339 1055 3391 autem

140 3404 240 3489 legitur
260 3410 293 3469 in
314 3408 479 3488 evangelio
500 3410 653 3469 unctionis
670 3411 755 3469 istius
771 3418 936 3474 extremae
957 3432 1056 3475 saura-

144 3502 277 3555 uunlum.
322 3490 383 3553 Sed
406 3493 500 3552 missu
521 3491 668 3552 laniamus
690 3501 726 3554 -st
746 3496 806 3556 ista
825 3498 969 3578 apostoli,
988 3501 1056 3560 sire

146 3575 269 3655 qusquis
284 3575 381 3637 ¹luerit
402 3575 552 3656 epistolae
573 3583 671 3654 antor,
684 3577 760 3657 ipsa
773 3579 929 3642 uideamus
950 3583 1055 3667 uerba,

191 3757 373 3827 'lbtsltb
