<?xml version="1.0" encoding="UTF-8"?>
<!DOCTYPE html PUBLIC "-//W3C//DTD XHTML 1.0 Transitional//EN"
    "http://www.w3.org/TR/xhtml1/DTD/xhtml1-transitional.dtd">
<html xmlns="http://www.w3.org/1999/xhtml" xml:lang="en" lang="en">
 <head>
  <title>
</title>
<meta http-equiv="Content-Type" content="text/html;charset=utf-8" />
  <meta name='ocr-system' content='tesseract 3.04.00' />
  <meta name='ocr-capabilities' content='ocr_page ocr_carea ocr_par ocr_line ocrx_word'/>
</head>
<body>
  <div class='ocr_page' id='page_1' title='image "./dmartinilutheri03luthgoog_0765.png"; bbox 0 0 2392 4170; ppageno 0'>
   <div class='ocr_carea' id='block_1_1' title="bbox 186 230 845 299">
    <p class='ocr_par' dir='ltr' id='par_1_1' title="bbox 186 230 845 299">
     <span class='ocr_line' id='line_1_1' title="bbox 186 230 845 299; baseline -0.005 -8"><span class='ocrx_word' id='word_1_1' title='bbox 186 230 251 299; x_wconf 63' lang='lat' dir='ltr'><em>w</em></span> <span class='ocrx_word' id='word_1_2' title='bbox 440 230 684 291; x_wconf 61' lang='lat' dir='ltr'>mmo</span> <span class='ocrx_word' id='word_1_3' title='bbox 702 230 845 290; x_wconf 65' lang='lat' dir='ltr'>Tritnb.</span> 
     </span>
    </p>
   </div>
   <div class='ocr_carea' id='block_1_2' title="bbox 100 403 1113 3840">
    <p class='ocr_par' dir='ltr' id='par_1_2' title="bbox 100 403 1113 3840">
     <span class='ocr_line' id='line_1_2' title="bbox 187 403 1112 486; baseline -0.002 -19"><span class='ocrx_word' id='word_1_4' title='bbox 187 425 229 467; x_wconf 85' lang='lat' dir='ltr'>ex</span> <span class='ocrx_word' id='word_1_5' title='bbox 250 405 311 467; x_wconf 85' lang='lat' dir='ltr'>bue</span> <span class='ocrx_word' id='word_1_6' title='bbox 333 423 453 467; x_wconf 60' lang='lat' dir='ltr'>omna.</span> <span class='ocrx_word' id='word_1_7' title='bbox 474 407 664 486; x_wconf 71' lang='lat' dir='ltr'>imperative.</span> <span class='ocrx_word' id='word_1_8' title='bbox 707 410 754 464; x_wconf 74' lang='lat' dir='ltr'>Ae</span> <span class='ocrx_word' id='word_1_9' title='bbox 775 405 899 465; x_wconf 77' lang='lat' dir='ltr'>umetsi</span> <span class='ocrx_word' id='word_1_10' title='bbox 925 423 988 464; x_wconf 83' lang='lat' dir='ltr'>non</span> <span class='ocrx_word' id='word_1_11' title='bbox 1010 403 1112 465; x_wconf 74' lang='lat' dir='ltr'>dcn&#39;at</span> 
     </span>
     <span class='ocr_line' id='line_1_3' title="bbox 187 489 1112 569; baseline 0 -20"><span class='ocrx_word' id='word_1_12' title='bbox 187 490 298 549; x_wconf 69' lang='lat' dir='ltr'>utens</span> <span class='ocrx_word' id='word_1_13' title='bbox 320 492 424 549; x_wconf 79' lang='lat' dir='ltr'>variae</span> <span class='ocrx_word' id='word_1_14' title='bbox 444 489 617 549; x_wconf 82' lang='lat' dir='ltr'>clusiones.</span> <span class='ocrx_word' id='word_1_15' title='bbox 638 489 768 569; x_wconf 74' lang='lat' dir='ltr'>effugia.</span> <span class='ocrx_word' id='word_1_16' title='bbox 796 504 975 568; x_wconf 75' lang='lat' dir='ltr'>praetentas</span> <span class='ocrx_word' id='word_1_17' title='bbox 994 489 1037 547; x_wconf 80' lang='lat' dir='ltr'>ad</span> <span class='ocrx_word' id='word_1_18' title='bbox 1057 507 1112 549; x_wconf 83' lang='lat' dir='ltr'>ex·</span> 
     </span>
     <span class='ocr_line' id='line_1_4' title="bbox 189 570 1113 653; baseline -0.001 -20"><span class='ocrx_word' id='word_1_19' title='bbox 189 572 359 633; x_wconf 74' lang='lat' dir='ltr'>mandam</span> <span class='ocrx_word' id='word_1_20' title='bbox 380 574 617 653; x_wconf 72' lang='lat' dir='ltr'>prohibitionem</span> <span class='ocrx_word' id='word_1_21' title='bbox 638 574 757 635; x_wconf 63' lang='lat' dir='ltr'>calicia</span> <span class='ocrx_word' id='word_1_22' title='bbox 779 590 884 632; x_wconf 78' lang='lat' dir='ltr'>tamen</span> <span class='ocrx_word' id='word_1_23' title='bbox 903 574 984 632; x_wconf 76' lang='lat' dir='ltr'>haee</span> <span class='ocrx_word' id='word_1_24' title='bbox 1002 570 1113 652; x_wconf 74' lang='lat' dir='ltr'>Sopb&#39;s</span> 
     </span>
     <span class='ocr_line' id='line_1_5' title="bbox 189 656 1112 737; baseline 0 -22"><span class='ocrx_word' id='word_1_25' title='bbox 189 658 268 717; x_wconf 74' lang='lat' dir='ltr'>nie·</span> <span class='ocrx_word' id='word_1_26' title='bbox 289 656 453 737; x_wconf 88' lang='lat' dir='ltr'>plurimum</span> <span class='ocrx_word' id='word_1_27' title='bbox 467 658 560 716; x_wconf 84' lang='lat' dir='ltr'>habet</span> <span class='ocrx_word' id='word_1_28' title='bbox 581 656 720 736; x_wconf 81' lang='lat' dir='ltr'>periculi.</span> <span class='ocrx_word' id='word_1_29' title='bbox 741 657 813 715; x_wconf 87' lang='lat' dir='ltr'>ideo</span> <span class='ocrx_word' id='word_1_30' title='bbox 835 672 953 715; x_wconf 84' lang='lat' dir='ltr'>rectum</span> <span class='ocrx_word' id='word_1_31' title='bbox 974 670 1033 731; x_wconf 86' lang='lat' dir='ltr'>est,</span> <span class='ocrx_word' id='word_1_32' title='bbox 1053 658 1112 737; x_wconf 86' lang='lat' dir='ltr'>pri·</span> 
     </span>
     <span class='ocr_line' id='line_1_6' title="bbox 189 740 1112 819; baseline 0.001 -21"><span class='ocrx_word' id='word_1_33' title='bbox 189 759 272 799; x_wconf 85' lang='lat' dir='ltr'>mum</span> <span class='ocrx_word' id='word_1_34' title='bbox 304 754 337 799; x_wconf 87' lang='lat' dir='ltr'>et</span> <span class='ocrx_word' id='word_1_35' title='bbox 357 758 560 819; x_wconf 84' lang='lat' dir='ltr'>antiquiorem</span> <span class='ocrx_word' id='word_1_36' title='bbox 594 761 681 799; x_wconf 71' lang='lat' dir='ltr'>nsum</span> <span class='ocrx_word' id='word_1_37' title='bbox 709 740 901 800; x_wconf 69' lang='lat' dir='ltr'>sacramenti</span> <span class='ocrx_word' id='word_1_38' title='bbox 936 743 1056 799; x_wconf 84' lang='lat' dir='ltr'>restitut</span> <span class='ocrx_word' id='word_1_39' title='bbox 1080 742 1112 799; x_wconf 91' lang='lat' dir='ltr'>in</span> 
     </span>
     <span class='ocr_line' id='line_1_7' title="bbox 188 824 553 883; baseline -0.003 0"><span class='ocrx_word' id='word_1_40' title='bbox 188 824 322 883; x_wconf 81' lang='lat' dir='ltr'>eeclesia</span> <span class='ocrx_word' id='word_1_41' title='bbox 342 842 381 883; x_wconf 84' lang='lat' dir='ltr'>ac</span> <span class='ocrx_word' id='word_1_42' title='bbox 400 826 553 882; x_wconf 88' lang='lat' dir='ltr'>renovari.</span> 
     </span>
     <span class='ocr_line' id='line_1_8' title="bbox 270 906 1112 986; baseline -0.001 -20"><span class='ocrx_word' id='word_1_43' title='bbox 270 906 411 986; x_wconf 83' lang='lat' dir='ltr'>Denique</span> <span class='ocrx_word' id='word_1_44' title='bbox 447 924 479 965; x_wconf 90' lang='lat' dir='ltr'>nt</span> <span class='ocrx_word' id='word_1_45' title='bbox 499 909 675 965; x_wconf 84' lang='lat' dir='ltr'>summatim</span> <span class='ocrx_word' id='word_1_46' title='bbox 700 922 732 965; x_wconf 87' lang='lat' dir='ltr'>et</span> <span class='ocrx_word' id='word_1_47' title='bbox 755 906 913 966; x_wconf 74' lang='lat' dir='ltr'>definitive</span> <span class='ocrx_word' id='word_1_48' title='bbox 932 906 1112 986; x_wconf 78' lang='lat' dir='ltr'>loquamur:</span> 
     </span>
     <span class='ocr_line' id='line_1_9' title="bbox 188 989 1110 1067; baseline -0.001 -17"><span class='ocrx_word' id='word_1_49' title='bbox 188 989 222 1051; x_wconf 82' lang='lat' dir='ltr'>Si</span> <span class='ocrx_word' id='word_1_50' title='bbox 244 1010 283 1049; x_wconf 83' lang='lat' dir='ltr'>ea</span> <span class='ocrx_word' id='word_1_51' title='bbox 314 990 415 1050; x_wconf 79' lang='lat' dir='ltr'>forma</span> <span class='ocrx_word' id='word_1_52' title='bbox 449 1002 479 1049; x_wconf 90' lang='lat' dir='ltr'>et</span> <span class='ocrx_word' id='word_1_53' title='bbox 501 991 576 1048; x_wconf 83' lang='lat' dir='ltr'>ritus</span> <span class='ocrx_word' id='word_1_54' title='bbox 597 989 741 1061; x_wconf 70' lang='lat' dir='ltr'>Coenoe,</span> <span class='ocrx_word' id='word_1_55' title='bbox 778 992 831 1067; x_wconf 92' lang='lat' dir='ltr'>qui</span> <span class='ocrx_word' id='word_1_56' title='bbox 863 989 1046 1049; x_wconf 65' lang='lat' dir='ltr'>dacibitur</span> <span class='ocrx_word' id='word_1_57' title='bbox 1078 992 1110 1049; x_wconf 87' lang='lat' dir='ltr'>in</span> 
     </span>
     <span class='ocr_line' id='line_1_10' title="bbox 190 1071 1112 1153; baseline 0.001 -20"><span class='ocrx_word' id='word_1_58' title='bbox 190 1072 375 1153; x_wconf 80' lang='lat' dir='ltr'>Evangelio,</span> <span class='ocrx_word' id='word_1_59' title='bbox 396 1076 588 1139; x_wconf 78' lang='lat' dir='ltr'>retineretur,</span> <span class='ocrx_word' id='word_1_60' title='bbox 609 1093 705 1132; x_wconf 84' lang='lat' dir='ltr'>cansa</span> <span class='ocrx_word' id='word_1_61' title='bbox 726 1074 801 1132; x_wconf 89' lang='lat' dir='ltr'>nihil</span> <span class='ocrx_word' id='word_1_62' title='bbox 821 1074 951 1133; x_wconf 86' lang='lat' dir='ltr'>haberet</span> <span class='ocrx_word' id='word_1_63' title='bbox 970 1071 1112 1153; x_wconf 77' lang='lat' dir='ltr'>perplexi</span> 
     </span>
     <span class='ocr_line' id='line_1_11' title="bbox 188 1156 1112 1237; baseline -0.003 -18"><span class='ocrx_word' id='word_1_64' title='bbox 188 1158 411 1231; x_wconf 71' lang='lat' dir='ltr'>animinoni,</span> <span class='ocrx_word' id='word_1_65' title='bbox 437 1170 468 1217; x_wconf 88' lang='lat' dir='ltr'>ct</span> <span class='ocrx_word' id='word_1_66' title='bbox 490 1157 607 1215; x_wconf 91' lang='lat' dir='ltr'>nullum</span> <span class='ocrx_word' id='word_1_67' title='bbox 629 1172 713 1216; x_wconf 80' lang='lat' dir='ltr'>esset</span> <span class='ocrx_word' id='word_1_68' title='bbox 734 1156 903 1237; x_wconf 88' lang='lat' dir='ltr'>periculum</span> <span class='ocrx_word' id='word_1_69' title='bbox 925 1158 1038 1216; x_wconf 89' lang='lat' dir='ltr'>erroris</span> <span class='ocrx_word' id='word_1_70' title='bbox 1060 1166 1112 1217; x_wconf 83' lang='lat' dir='ltr'>aut</span> 
     </span>
     <span class='ocr_line' id='line_1_12' title="bbox 190 1239 1111 1320; baseline -0.001 -19"><span class='ocrx_word' id='word_1_71' title='bbox 190 1240 409 1301; x_wconf 75' lang='lat' dir='ltr'>offensionum.</span> <span class='ocrx_word' id='word_1_72' title='bbox 454 1239 568 1299; x_wconf 81' lang='lat' dir='ltr'>l&#39;erum</span> <span class='ocrx_word' id='word_1_73' title='bbox 601 1243 672 1320; x_wconf 89' lang='lat' dir='ltr'>quia</span> <span class='ocrx_word' id='word_1_74' title='bbox 693 1242 889 1300; x_wconf 85' lang='lat' dir='ltr'>autoritatem</span> <span class='ocrx_word' id='word_1_75' title='bbox 910 1241 1111 1301; x_wconf 72' lang='lat' dir='ltr'>bumannum</span> 
     </span>
     <span class='ocr_line' id='line_1_13' title="bbox 100 1323 1112 1405; baseline 0.001 -22"><span class='ocrx_word' id='word_1_76' title='bbox 100 1368 103 1375; x_wconf 87' lang='lat'><em>.</em></span> <span class='ocrx_word' id='word_1_77' title='bbox 188 1324 291 1405; x_wconf 83' lang='lat' dir='ltr'>legum</span> <span class='ocrx_word' id='word_1_78' title='bbox 304 1323 563 1403; x_wconf 87' lang='lat' dir='ltr'>traditionumqne</span> <span class='ocrx_word' id='word_1_79' title='bbox 575 1327 677 1404; x_wconf 79' lang='lat' dir='ltr'>specie</span> <span class='ocrx_word' id='word_1_80' title='bbox 690 1326 913 1383; x_wconf 69' lang='lat' dir='ltr'><strong>sanctimoniae</strong></span> <span class='ocrx_word' id='word_1_81' title='bbox 927 1327 1112 1404; x_wconf 69' lang='lat' dir='ltr'>pietatisque</span> 
     </span>
     <span class='ocr_line' id='line_1_14' title="bbox 192 1406 1113 1487; baseline 0.001 -21"><span class='ocrx_word' id='word_1_82' title='bbox 192 1406 389 1467; x_wconf 78' lang='lat' dir='ltr'>vendibilium</span> <span class='ocrx_word' id='word_1_83' title='bbox 410 1410 582 1486; x_wconf 75' lang='lat' dir='ltr'>sequimur,</span> <span class='ocrx_word' id='word_1_84' title='bbox 607 1426 627 1465; x_wconf 86' lang='lat' dir='ltr'>a</span> <span class='ocrx_word' id='word_1_85' title='bbox 648 1424 777 1486; x_wconf 90' lang='lat' dir='ltr'>quarum</span> <span class='ocrx_word' id='word_1_86' title='bbox 799 1409 954 1487; x_wconf 66' lang='lat' dir='ltr'>hypocrisi</span> <span class='ocrx_word' id='word_1_87' title='bbox 975 1408 1113 1467; x_wconf 82' lang='lat' dir='ltr'>Christus</span> 
     </span>
     <span class='ocr_line' id='line_1_15' title="bbox 188 1489 1113 1570; baseline 0 -19"><span class='ocrx_word' id='word_1_88' title='bbox 188 1493 325 1570; x_wconf 80' lang='lat' dir='ltr'>itemque</span> <span class='ocrx_word' id='word_1_89' title='bbox 349 1490 387 1553; x_wconf 85' lang='lat' dir='ltr'>D.</span> <span class='ocrx_word' id='word_1_90' title='bbox 397 1490 510 1549; x_wconf 86' lang='lat' dir='ltr'>Paulus</span> <span class='ocrx_word' id='word_1_91' title='bbox 531 1492 624 1550; x_wconf 90' lang='lat' dir='ltr'>toties</span> <span class='ocrx_word' id='word_1_92' title='bbox 646 1489 912 1569; x_wconf 82' lang='lat' dir='ltr'>tumquelideliter</span> <span class='ocrx_word' id='word_1_93' title='bbox 931 1509 1113 1552; x_wconf 84' lang='lat' dir='ltr'>noscarere</span> 
     </span>
     <span class='ocr_line' id='line_1_16' title="bbox 189 1574 1113 1654; baseline -0.001 -19"><span class='ocrx_word' id='word_1_94' title='bbox 189 1574 306 1654; x_wconf 90' lang='lat' dir='ltr'>iubent,</span> <span class='ocrx_word' id='word_1_95' title='bbox 328 1592 458 1634; x_wconf 86' lang='lat' dir='ltr'>neeesse</span> <span class='ocrx_word' id='word_1_96' title='bbox 479 1584 527 1633; x_wconf 90' lang='lat' dir='ltr'>cst</span> <span class='ocrx_word' id='word_1_97' title='bbox 548 1576 636 1653; x_wconf 88' lang='lat' dir='ltr'>sequi</span> <span class='ocrx_word' id='word_1_98' title='bbox 660 1574 729 1633; x_wconf 83' lang='lat' dir='ltr'>illas</span> <span class='ocrx_word' id='word_1_99' title='bbox 752 1574 968 1649; x_wconf 66' lang='lat' dir='ltr'>dubitationes,</span> <span class='ocrx_word' id='word_1_100' title='bbox 989 1586 1113 1636; x_wconf 82' lang='lat' dir='ltr'>rectene</span> 
     </span>
     <span class='ocr_line' id='line_1_17' title="bbox 190 1656 1113 1739; baseline 0 -21"><span class='ocrx_word' id='word_1_101' title='bbox 190 1677 230 1718; x_wconf 86' lang='lat' dir='ltr'>au</span> <span class='ocrx_word' id='word_1_102' title='bbox 252 1676 343 1717; x_wconf 84' lang='lat' dir='ltr'>secus</span> <span class='ocrx_word' id='word_1_103' title='bbox 363 1659 409 1717; x_wconf 85' lang='lat' dir='ltr'>sie</span> <span class='ocrx_word' id='word_1_104' title='bbox 442 1658 583 1717; x_wconf 85' lang='lat' dir='ltr'>colamus</span> <span class='ocrx_word' id='word_1_105' title='bbox 604 1657 720 1737; x_wconf 87' lang='lat' dir='ltr'>Deum,</span> <span class='ocrx_word' id='word_1_106' title='bbox 742 1668 774 1717; x_wconf 92' lang='lat' dir='ltr'>et</span> <span class='ocrx_word' id='word_1_107' title='bbox 794 1657 873 1717; x_wconf 88' lang='lat' dir='ltr'>alias</span> <span class='ocrx_word' id='word_1_108' title='bbox 892 1656 1028 1718; x_wconf 82' lang='lat' dir='ltr'>infinitas</span> <span class='ocrx_word' id='word_1_109' title='bbox 1047 1678 1113 1739; x_wconf 87' lang='lat' dir='ltr'>per-</span> 
     </span>
     <span class='ocr_line' id='line_1_18' title="bbox 189 1741 1113 1822; baseline 0.003 -22"><span class='ocrx_word' id='word_1_110' title='bbox 189 1741 355 1822; x_wconf 85' lang='lat' dir='ltr'>plexitates</span> <span class='ocrx_word' id='word_1_111' title='bbox 382 1743 615 1821; x_wconf 73' lang='lat' dir='ltr'>quaestionum,</span> <span class='ocrx_word' id='word_1_112' title='bbox 649 1760 689 1800; x_wconf 88' lang='lat' dir='ltr'>ac</span> <span class='ocrx_word' id='word_1_113' title='bbox 713 1744 758 1801; x_wconf 83' lang='lat' dir='ltr'>its</span> <span class='ocrx_word' id='word_1_114' title='bbox 789 1741 977 1801; x_wconf 71' lang='lat' dir='ltr'>haesitantes</span> <span class='ocrx_word' id='word_1_115' title='bbox 1009 1745 1113 1803; x_wconf 89' lang='lat' dir='ltr'>animo</span> 
     </span>
     <span class='ocr_line' id='line_1_19' title="bbox 189 1822 1113 1905; baseline 0.001 -21"><span class='ocrx_word' id='word_1_116' title='bbox 189 1826 439 1905; x_wconf 66' lang='lat' dir='ltr'>cogitationeque</span> <span class='ocrx_word' id='word_1_117' title='bbox 461 1822 645 1885; x_wconf 86' lang='lat' dir='ltr'>fluctuantes</span> <span class='ocrx_word' id='word_1_118' title='bbox 672 1826 703 1884; x_wconf 90' lang='lat' dir='ltr'>in</span> <span class='ocrx_word' id='word_1_119' title='bbox 726 1826 868 1884; x_wconf 83' lang='lat' dir='ltr'>maximis</span> <span class='ocrx_word' id='word_1_120' title='bbox 891 1843 1049 1885; x_wconf 86' lang='lat' dir='ltr'>versamur</span> <span class='ocrx_word' id='word_1_121' title='bbox 1069 1845 1113 1885; x_wconf 88' lang='lat' dir='ltr'>er·</span> 
     </span>
     <span class='ocr_line' id='line_1_20' title="bbox 189 1908 1112 1989; baseline 0 -20"><span class='ocrx_word' id='word_1_122' title='bbox 189 1909 319 1973; x_wconf 83' lang='lat' dir='ltr'>roribus.</span> <span class='ocrx_word' id='word_1_123' title='bbox 362 1908 402 1968; x_wconf 88' lang='lat' dir='ltr'>Et</span> <span class='ocrx_word' id='word_1_124' title='bbox 421 1910 562 1988; x_wconf 84' lang='lat' dir='ltr'>quamvis</span> <span class='ocrx_word' id='word_1_125' title='bbox 583 1920 706 1969; x_wconf 86' lang='lat' dir='ltr'>constet</span> <span class='ocrx_word' id='word_1_126' title='bbox 725 1909 915 1989; x_wconf 88' lang='lat' dir='ltr'>praedictum</span> <span class='ocrx_word' id='word_1_127' title='bbox 928 1928 1009 1988; x_wconf 86' lang='lat' dir='ltr'>esse,</span> <span class='ocrx_word' id='word_1_128' title='bbox 1030 1909 1112 1988; x_wconf 93' lang='lat' dir='ltr'>qnod</span> 
     </span>
     <span class='ocr_line' id='line_1_21' title="bbox 190 1991 1113 2068; baseline 0 -15"><span class='ocrx_word' id='word_1_129' title='bbox 190 1992 323 2053; x_wconf 81' lang='lat' dir='ltr'>futurum</span> <span class='ocrx_word' id='word_1_130' title='bbox 343 1995 400 2068; x_wconf 87' lang='lat' dir='ltr'>sit,</span> <span class='ocrx_word' id='word_1_131' title='bbox 432 2002 465 2051; x_wconf 89' lang='lat' dir='ltr'>nt</span> <span class='ocrx_word' id='word_1_132' title='bbox 486 1992 700 2053; x_wconf 86' lang='lat' dir='ltr'>traditionibus</span> <span class='ocrx_word' id='word_1_133' title='bbox 728 2006 759 2053; x_wconf 90' lang='lat' dir='ltr'>et</span> <span class='ocrx_word' id='word_1_134' title='bbox 787 1991 934 2052; x_wconf 80' lang='lat' dir='ltr'>doctrinis</span> <span class='ocrx_word' id='word_1_135' title='bbox 954 1993 1113 2053; x_wconf 84' lang='lat' dir='ltr'>hominnm</span> 
     </span>
     <span class='ocr_line' id='line_1_22' title="bbox 191 2074 1112 2155; baseline 0.001 -20"><span class='ocrx_word' id='word_1_136' title='bbox 191 2077 351 2136; x_wconf 85' lang='lat' dir='ltr'>universus</span> <span class='ocrx_word' id='word_1_137' title='bbox 373 2074 519 2153; x_wconf 89' lang='lat' dir='ltr'>mundus,</span> <span class='ocrx_word' id='word_1_138' title='bbox 552 2094 591 2135; x_wconf 87' lang='lat' dir='ltr'>au</span> <span class='ocrx_word' id='word_1_139' title='bbox 622 2078 648 2135; x_wconf 90' lang='lat' dir='ltr'>si</span> <span class='ocrx_word' id='word_1_140' title='bbox 671 2074 737 2135; x_wconf 88' lang='lat' dir='ltr'>lieri</span> <span class='ocrx_word' id='word_1_141' title='bbox 759 2088 883 2155; x_wconf 81' lang='lat' dir='ltr'>posset,</span> <span class='ocrx_word' id='word_1_142' title='bbox 905 2078 999 2136; x_wconf 88' lang='lat' dir='ltr'>etism</span> <span class='ocrx_word' id='word_1_143' title='bbox 1021 2077 1112 2136; x_wconf 80' lang='lat' dir='ltr'>electi</span> 
     </span>
     <span class='ocr_line' id='line_1_23' title="bbox 191 2158 1112 2237; baseline 0 -18"><span class='ocrx_word' id='word_1_144' title='bbox 191 2161 223 2219; x_wconf 93' lang='lat' dir='ltr'>iu</span> <span class='ocrx_word' id='word_1_145' title='bbox 245 2178 379 2218; x_wconf 88' lang='lat' dir='ltr'>errorem</span> <span class='ocrx_word' id='word_1_146' title='bbox 401 2158 592 2237; x_wconf 85' lang='lat' dir='ltr'>inducantur,</span> <span class='ocrx_word' id='word_1_147' title='bbox 616 2168 720 2219; x_wconf 88' lang='lat' dir='ltr'>tamen</span> <span class='ocrx_word' id='word_1_148' title='bbox 743 2160 801 2218; x_wconf 88' lang='lat' dir='ltr'>hae</span> <span class='ocrx_word' id='word_1_149' title='bbox 823 2160 1112 2219; x_wconf 78' lang='lat' dir='ltr'>constitutioneulae</span> 
     </span>
     <span class='ocr_line' id='line_1_24' title="bbox 191 2242 1111 2323; baseline 0.001 -21"><span class='ocrx_word' id='word_1_150' title='bbox 191 2244 237 2302; x_wconf 90' lang='lat' dir='ltr'>sic</span> <span class='ocrx_word' id='word_1_151' title='bbox 257 2242 370 2301; x_wconf 89' lang='lat' dir='ltr'>intimis</span> <span class='ocrx_word' id='word_1_152' title='bbox 392 2244 560 2323; x_wconf 81' lang='lat' dir='ltr'>impressae</span> <span class='ocrx_word' id='word_1_153' title='bbox 583 2243 752 2319; x_wconf 90' lang='lat' dir='ltr'>mentibus,</span> <span class='ocrx_word' id='word_1_154' title='bbox 773 2254 805 2302; x_wconf 90' lang='lat' dir='ltr'>et</span> <span class='ocrx_word' id='word_1_155' title='bbox 828 2254 859 2303; x_wconf 90' lang='lat' dir='ltr'>nt</span> <span class='ocrx_word' id='word_1_156' title='bbox 881 2245 924 2302; x_wconf 88' lang='lat' dir='ltr'>ita</span> <span class='ocrx_word' id='word_1_157' title='bbox 946 2244 1049 2303; x_wconf 87' lang='lat' dir='ltr'>dicam</span> <span class='ocrx_word' id='word_1_158' title='bbox 1069 2246 1111 2303; x_wconf 93' lang='lat' dir='ltr'>in·</span> 
     </span>
     <span class='ocr_line' id='line_1_25' title="bbox 190 2324 1112 2407; baseline 0.003 -23"><span class='ocrx_word' id='word_1_159' title='bbox 190 2336 279 2385; x_wconf 86' lang='lat' dir='ltr'>ustae</span> <span class='ocrx_word' id='word_1_160' title='bbox 299 2336 380 2403; x_wconf 89' lang='lat' dir='ltr'>sunt,</span> <span class='ocrx_word' id='word_1_161' title='bbox 404 2338 436 2385; x_wconf 90' lang='lat' dir='ltr'>ut</span> <span class='ocrx_word' id='word_1_162' title='bbox 457 2324 550 2406; x_wconf 91' lang='lat' dir='ltr'>pluris</span> <span class='ocrx_word' id='word_1_163' title='bbox 563 2326 638 2385; x_wconf 87' lang='lat' dir='ltr'>liant</span> <span class='ocrx_word' id='word_1_164' title='bbox 662 2330 821 2406; x_wconf 83' lang='lat' dir='ltr'>magisque</span> <span class='ocrx_word' id='word_1_165' title='bbox 844 2326 1112 2407; x_wconf 83' lang='lat' dir='ltr'>adplaudatureis,</span> 
     </span>
     <span class='ocr_line' id='line_1_26' title="bbox 191 2408 1111 2490; baseline 0 -21"><span class='ocrx_word' id='word_1_166' title='bbox 191 2428 284 2489; x_wconf 84' lang='lat' dir='ltr'>quum</span> <span class='ocrx_word' id='word_1_167' title='bbox 306 2409 491 2470; x_wconf 85' lang='lat' dir='ltr'>coelestibus</span> <span class='ocrx_word' id='word_1_168' title='bbox 513 2408 639 2490; x_wconf 88' lang='lat' dir='ltr'>edictis,</span> <span class='ocrx_word' id='word_1_169' title='bbox 671 2429 732 2489; x_wconf 83' lang='lat' dir='ltr'>quo</span> <span class='ocrx_word' id='word_1_170' title='bbox 754 2409 912 2490; x_wconf 78' lang='lat' dir='ltr'>Scriptura</span> <span class='ocrx_word' id='word_1_171' title='bbox 932 2411 1111 2490; x_wconf 85' lang='lat' dir='ltr'>impleatur:</span> 
     </span>
     <span class='ocr_line' id='line_1_27' title="bbox 191 2492 1028 2574; baseline 0.006 -21"><span class='ocrx_word' id='word_1_172' title='bbox 191 2493 251 2568; x_wconf 74' lang='lat' dir='ltr'>Qui</span> <span class='ocrx_word' id='word_1_173' title='bbox 273 2492 429 2553; x_wconf 79' lang='lat' dir='ltr'>extollitur</span> <span class='ocrx_word' id='word_1_174' title='bbox 450 2512 545 2574; x_wconf 89' lang='lat' dir='ltr'>supra</span> <span class='ocrx_word' id='word_1_175' title='bbox 566 2513 658 2555; x_wconf 87' lang='lat' dir='ltr'>omne</span> <span class='ocrx_word' id='word_1_176' title='bbox 679 2495 762 2573; x_wconf 90' lang='lat' dir='ltr'>quod</span> <span class='ocrx_word' id='word_1_177' title='bbox 785 2505 913 2555; x_wconf 85' lang='lat' dir='ltr'>vocatur</span> <span class='ocrx_word' id='word_1_178' title='bbox 935 2495 1028 2558; x_wconf 87' lang='lat' dir='ltr'>Dens.</span> 
     </span>
     <span class='ocr_line' id='line_1_28' title="bbox 271 2575 1111 2657; baseline 0.001 -21"><span class='ocrx_word' id='word_1_179' title='bbox 271 2575 467 2657; x_wconf 75' lang='lat' dir='ltr'>Quapropter</span> <span class='ocrx_word' id='word_1_180' title='bbox 487 2578 641 2637; x_wconf 87' lang='lat' dir='ltr'>humiliter</span> <span class='ocrx_word' id='word_1_181' title='bbox 664 2596 702 2637; x_wconf 88' lang='lat' dir='ltr'>ac</span> <span class='ocrx_word' id='word_1_182' title='bbox 724 2590 898 2638; x_wconf 79' lang='lat' dir='ltr'>reverenter</span> <span class='ocrx_word' id='word_1_183' title='bbox 919 2579 1111 2639; x_wconf 81' lang='lat' dir='ltr'>obtestantur</span> 
     </span>
     <span class='ocr_line' id='line_1_29' title="bbox 191 2660 1110 2742; baseline 0 -21"><span class='ocrx_word' id='word_1_184' title='bbox 191 2660 254 2724; x_wconf 84' lang='lat' dir='ltr'>Cel.</span> <span class='ocrx_word' id='word_1_185' title='bbox 279 2661 332 2741; x_wconf 86' lang='lat' dir='ltr'>V.,</span> <span class='ocrx_word' id='word_1_186' title='bbox 365 2672 399 2721; x_wconf 91' lang='lat' dir='ltr'>ut</span> <span class='ocrx_word' id='word_1_187' title='bbox 420 2662 502 2740; x_wconf 91' lang='lat' dir='ltr'>quod</span> <span class='ocrx_word' id='word_1_188' title='bbox 539 2665 676 2742; x_wconf 79' lang='lat' dir='ltr'>principe</span> <span class='ocrx_word' id='word_1_189' title='bbox 705 2661 877 2722; x_wconf 80' lang='lat' dir='ltr'>Christiano</span> <span class='ocrx_word' id='word_1_190' title='bbox 906 2663 1033 2741; x_wconf 90' lang='lat' dir='ltr'>dignum</span> <span class='ocrx_word' id='word_1_191' title='bbox 1066 2673 1110 2721; x_wconf 89' lang='lat' dir='ltr'>est</span> 
     </span>
     <span class='ocr_line' id='line_1_30' title="bbox 190 2746 1111 2826; baseline -0.001 -21"><span class='ocrx_word' id='word_1_192' title='bbox 190 2748 271 2805; x_wconf 89' lang='lat' dir='ltr'>serio</span> <span class='ocrx_word' id='word_1_193' title='bbox 294 2747 450 2825; x_wconf 86' lang='lat' dir='ltr'>negotium</span> <span class='ocrx_word' id='word_1_194' title='bbox 472 2746 554 2805; x_wconf 87' lang='lat' dir='ltr'>istud</span> <span class='ocrx_word' id='word_1_195' title='bbox 586 2748 744 2825; x_wconf 82' lang='lat' dir='ltr'>suscipere</span> <span class='ocrx_word' id='word_1_196' title='bbox 777 2764 814 2805; x_wconf 85' lang='lat' dir='ltr'>ao</span> <span class='ocrx_word' id='word_1_197' title='bbox 846 2765 1049 2826; x_wconf 87' lang='lat' dir='ltr'>promovere,</span> <span class='ocrx_word' id='word_1_198' title='bbox 1082 2758 1111 2805; x_wconf 88' lang='lat' dir='ltr'>et</span> 
     </span>
     <span class='ocr_line' id='line_1_31' title="bbox 190 2828 1110 2908; baseline -0.002 -19"><span class='ocrx_word' id='word_1_199' title='bbox 190 2828 340 2889; x_wconf 90' lang='lat' dir='ltr'>eiusmodi</span> <span class='ocrx_word' id='word_1_200' title='bbox 363 2830 609 2908; x_wconf 81' lang='lat' dir='ltr'>profanationem</span> <span class='ocrx_word' id='word_1_201' title='bbox 636 2829 762 2890; x_wconf 66' lang='lat' dir='ltr'>Coenw</span> <span class='ocrx_word' id='word_1_202' title='bbox 785 2830 908 2889; x_wconf 88' lang='lat' dir='ltr'>Domini</span> <span class='ocrx_word' id='word_1_203' title='bbox 934 2831 964 2888; x_wconf 93' lang='lat' dir='ltr'>in</span> <span class='ocrx_word' id='word_1_204' title='bbox 989 2830 1110 2889; x_wconf 86' lang='lat' dir='ltr'>Duoati·</span> 
     </span>
     <span class='ocr_line' id='line_1_32' title="bbox 190 2912 1111 2994; baseline 0.001 -22"><span class='ocrx_word' id='word_1_205' title='bbox 190 2912 245 2972; x_wconf 89' lang='lat' dir='ltr'>bus</span> <span class='ocrx_word' id='word_1_206' title='bbox 269 2931 307 2975; x_wconf 84' lang='lat' dir='ltr'>ae</span> <span class='ocrx_word' id='word_1_207' title='bbox 327 2914 479 2973; x_wconf 88' lang='lat' dir='ltr'>territorio</span> <span class='ocrx_word' id='word_1_208' title='bbox 501 2930 558 2972; x_wconf 90' lang='lat' dir='ltr'>suo</span> <span class='ocrx_word' id='word_1_209' title='bbox 580 2916 817 2993; x_wconf 85' lang='lat' dir='ltr'>quamprimum</span> <span class='ocrx_word' id='word_1_210' title='bbox 836 2913 960 2973; x_wconf 87' lang='lat' dir='ltr'>abolere</span> <span class='ocrx_word' id='word_1_211' title='bbox 982 2932 1111 2994; x_wconf 88' lang='lat' dir='ltr'>magno·</span> 
     </span>
     <span class='ocr_line' id='line_1_33' title="bbox 190 2996 1111 3077; baseline -0.001 -21"><span class='ocrx_word' id='word_1_212' title='bbox 190 3014 250 3075; x_wconf 88' lang='lat' dir='ltr'>que</span> <span class='ocrx_word' id='word_1_213' title='bbox 272 3008 304 3057; x_wconf 87' lang='lat' dir='ltr'>et</span> <span class='ocrx_word' id='word_1_214' title='bbox 324 2996 449 3056; x_wconf 82' lang='lat' dir='ltr'>excelso</span> <span class='ocrx_word' id='word_1_215' title='bbox 472 2997 575 3057; x_wconf 87' lang='lat' dir='ltr'>animo</span> <span class='ocrx_word' id='word_1_216' title='bbox 604 2997 776 3074; x_wconf 81' lang='lat' dir='ltr'>infamiam,</span> <span class='ocrx_word' id='word_1_217' title='bbox 804 2999 830 3055; x_wconf 92' lang='lat' dir='ltr'>si</span> <span class='ocrx_word' id='word_1_218' title='bbox 858 2997 988 3056; x_wconf 85' lang='lat' dir='ltr'>fortasse</span> <span class='ocrx_word' id='word_1_219' title='bbox 1021 3016 1111 3077; x_wconf 90' lang='lat' dir='ltr'>prop·</span> 
     </span>
     <span class='ocr_line' id='line_1_34' title="bbox 190 3079 1111 3154; baseline -0.001 -14"><span class='ocrx_word' id='word_1_220' title='bbox 190 3086 276 3140; x_wconf 86' lang='lat' dir='ltr'>terea</span> <span class='ocrx_word' id='word_1_221' title='bbox 297 3079 361 3141; x_wconf 81' lang='lat' dir='ltr'>Cel.</span> <span class='ocrx_word' id='word_1_222' title='bbox 386 3079 422 3140; x_wconf 89' lang='lat' dir='ltr'>V.</span> <span class='ocrx_word' id='word_1_223' title='bbox 445 3081 577 3140; x_wconf 88' lang='lat' dir='ltr'>Boemus</span> <span class='ocrx_word' id='word_1_224' title='bbox 600 3092 653 3140; x_wconf 90' lang='lat' dir='ltr'>aut</span> <span class='ocrx_word' id='word_1_225' title='bbox 683 3081 855 3140; x_wconf 84' lang='lat' dir='ltr'>haereticus</span> <span class='ocrx_word' id='word_1_226' title='bbox 886 3080 1009 3154; x_wconf 81' lang='lat' dir='ltr'>audiat,</span> <span class='ocrx_word' id='word_1_227' title='bbox 1041 3098 1111 3143; x_wconf 82' lang='lat' dir='ltr'>cuo-</span> 
     </span>
     <span class='ocr_line' id='line_1_35' title="bbox 191 3162 1111 3243; baseline 0.001 -20"><span class='ocrx_word' id='word_1_228' title='bbox 191 3172 326 3223; x_wconf 87' lang='lat' dir='ltr'>temnere</span> <span class='ocrx_word' id='word_1_229' title='bbox 348 3163 431 3225; x_wconf 84' lang='lat' dir='ltr'>velit.</span> <span class='ocrx_word' id='word_1_230' title='bbox 474 3162 617 3242; x_wconf 81' lang='lat' dir='ltr'>Quisquis</span> <span class='ocrx_word' id='word_1_231' title='bbox 644 3167 724 3224; x_wconf 90' lang='lat' dir='ltr'>enim</span> <span class='ocrx_word' id='word_1_232' title='bbox 755 3165 913 3243; x_wconf 80' lang='lat' dir='ltr'>Evangelii</span> <span class='ocrx_word' id='word_1_233' title='bbox 943 3182 1038 3223; x_wconf 85' lang='lat' dir='ltr'>eausa</span> <span class='ocrx_word' id='word_1_234' title='bbox 1071 3164 1111 3224; x_wconf 93' lang='lat' dir='ltr'>ad</span> 
     </span>
     <span class='ocr_line' id='line_1_36' title="bbox 189 3246 1113 3328; baseline 0.001 -23"><span class='ocrx_word' id='word_1_235' title='bbox 189 3246 311 3307; x_wconf 88' lang='lat' dir='ltr'>labores</span> <span class='ocrx_word' id='word_1_236' title='bbox 333 3256 363 3307; x_wconf 86' lang='lat' dir='ltr'>ct</span> <span class='ocrx_word' id='word_1_237' title='bbox 383 3250 520 3328; x_wconf 87' lang='lat' dir='ltr'>pericula</span> <span class='ocrx_word' id='word_1_238' title='bbox 536 3249 672 3315; x_wconf 77' lang='lat' dir='ltr'>aceedit,</span> <span class='ocrx_word' id='word_1_239' title='bbox 704 3252 775 3308; x_wconf 86' lang='lat' dir='ltr'>huic</span> <span class='ocrx_word' id='word_1_240' title='bbox 797 3247 976 3323; x_wconf 85' lang='lat' dir='ltr'>maledicta,</span> <span class='ocrx_word' id='word_1_241' title='bbox 1003 3251 1113 3308; x_wconf 87' lang='lat' dir='ltr'>convi-</span> 
     </span>
     <span class='ocr_line' id='line_1_37' title="bbox 189 3332 1112 3410; baseline 0 -20"><span class='ocrx_word' id='word_1_242' title='bbox 189 3332 249 3407; x_wconf 87' lang='lat' dir='ltr'>eia,</span> <span class='ocrx_word' id='word_1_243' title='bbox 270 3335 485 3410; x_wconf 87' lang='lat' dir='ltr'>contumeliae,</span> <span class='ocrx_word' id='word_1_244' title='bbox 512 3335 585 3393; x_wconf 89' lang='lat' dir='ltr'>odia</span> <span class='ocrx_word' id='word_1_245' title='bbox 608 3338 700 3394; x_wconf 86' lang='lat' dir='ltr'>etiam</span> <span class='ocrx_word' id='word_1_246' title='bbox 734 3335 880 3393; x_wconf 87' lang='lat' dir='ltr'>immania</span> <span class='ocrx_word' id='word_1_247' title='bbox 908 3332 1112 3410; x_wconf 86' lang='lat' dir='ltr'>plurimorum</span> 
     </span>
     <span class='ocr_line' id='line_1_38' title="bbox 191 3412 1113 3496; baseline 0 -24"><span class='ocrx_word' id='word_1_248' title='bbox 191 3412 350 3475; x_wconf 87' lang='lat' dir='ltr'>subeunda</span> <span class='ocrx_word' id='word_1_249' title='bbox 371 3432 450 3483; x_wconf 84' lang='lat' dir='ltr'>sunt.</span> <span class='ocrx_word' id='word_1_250' title='bbox 494 3416 560 3477; x_wconf 85' lang='lat' dir='ltr'>Nec</span> <span class='ocrx_word' id='word_1_251' title='bbox 582 3422 743 3496; x_wconf 82' lang='lat' dir='ltr'>quisquam</span> <span class='ocrx_word' id='word_1_252' title='bbox 766 3422 881 3496; x_wconf 86' lang='lat' dir='ltr'>cogitet</span> <span class='ocrx_word' id='word_1_253' title='bbox 903 3435 937 3474; x_wconf 86' lang='lat' dir='ltr'>se</span> <span class='ocrx_word' id='word_1_254' title='bbox 961 3414 1052 3473; x_wconf 89' lang='lat' dir='ltr'>simul</span> <span class='ocrx_word' id='word_1_255' title='bbox 1082 3426 1113 3475; x_wconf 85' lang='lat' dir='ltr'>st</span> 
     </span>
     <span class='ocr_line' id='line_1_39' title="bbox 192 3497 1112 3582; baseline 0 -24"><span class='ocrx_word' id='word_1_256' title='bbox 192 3497 313 3559; x_wconf 78' lang='lat' dir='ltr'>Christo</span> <span class='ocrx_word' id='word_1_257' title='bbox 335 3504 451 3565; x_wconf 87' lang='lat' dir='ltr'>servire</span> <span class='ocrx_word' id='word_1_258' title='bbox 474 3520 584 3582; x_wconf 88' lang='lat' dir='ltr'>posse,</span> <span class='ocrx_word' id='word_1_259' title='bbox 619 3512 649 3562; x_wconf 90' lang='lat' dir='ltr'>et</span> <span class='ocrx_word' id='word_1_260' title='bbox 681 3503 719 3561; x_wconf 85' lang='lat' dir='ltr'>ab</span> <span class='ocrx_word' id='word_1_261' title='bbox 754 3502 799 3560; x_wconf 87' lang='lat' dir='ltr'>his</span> <span class='ocrx_word' id='word_1_262' title='bbox 834 3506 1001 3562; x_wconf 88' lang='lat' dir='ltr'>immunem</span> <span class='ocrx_word' id='word_1_263' title='bbox 1034 3498 1112 3558; x_wconf 87' lang='lat' dir='ltr'>iore.</span> 
     </span>
     <span class='ocr_line' id='line_1_40' title="bbox 191 3580 1112 3662; baseline -0.004 -19"><span class='ocrx_word' id='word_1_264' title='bbox 191 3581 333 3662; x_wconf 86' lang='lat' dir='ltr'>lnprimis</span> <span class='ocrx_word' id='word_1_265' title='bbox 356 3582 421 3649; x_wconf 82' lang='lat' dir='ltr'>Cel.</span> <span class='ocrx_word' id='word_1_266' title='bbox 448 3589 484 3647; x_wconf 91' lang='lat' dir='ltr'>V.</span> <span class='ocrx_word' id='word_1_267' title='bbox 506 3589 677 3647; x_wconf 82' lang='lat' dir='ltr'>cavendum</span> <span class='ocrx_word' id='word_1_268' title='bbox 701 3596 764 3661; x_wconf 90' lang='lat' dir='ltr'>est,</span> <span class='ocrx_word' id='word_1_269' title='bbox 786 3606 824 3645; x_wconf 90' lang='lat' dir='ltr'>ue</span> <span class='ocrx_word' id='word_1_270' title='bbox 842 3586 979 3646; x_wconf 84' lang='lat' dir='ltr'>Christus</span> <span class='ocrx_word' id='word_1_271' title='bbox 1002 3583 1033 3641; x_wconf 90' lang='lat' dir='ltr'>in</span> <span class='ocrx_word' id='word_1_272' title='bbox 1062 3580 1112 3641; x_wconf 90' lang='lat' dir='ltr'>die</span> 
     </span>
     <span class='ocr_line' id='line_1_41' title="bbox 190 3665 1113 3753; baseline -0.012 -19"><span class='ocrx_word' id='word_1_273' title='bbox 190 3673 292 3736; x_wconf 84' lang='lat' dir='ltr'>indicii</span> <span class='ocrx_word' id='word_1_274' title='bbox 313 3672 480 3753; x_wconf 86' lang='lat' dir='ltr'>exprobret</span> <span class='ocrx_word' id='word_1_275' title='bbox 499 3674 580 3732; x_wconf 90' lang='lat' dir='ltr'>idem</span> <span class='ocrx_word' id='word_1_276' title='bbox 598 3672 681 3752; x_wconf 90' lang='lat' dir='ltr'>quod</span> <span class='ocrx_word' id='word_1_277' title='bbox 706 3673 878 3753; x_wconf 74' lang='lat' dir='ltr'>capernao,</span> <span class='ocrx_word' id='word_1_278' title='bbox 899 3686 1011 3748; x_wconf 86' lang='lat' dir='ltr'>nempe</span> <span class='ocrx_word' id='word_1_279' title='bbox 1032 3665 1113 3727; x_wconf 87' lang='lat' dir='ltr'>hanc</span> 
     </span>
     <span class='ocr_line' id='line_1_42' title="bbox 187 3748 1111 3840; baseline -0.016 -15"><span class='ocrx_word' id='word_1_280' title='bbox 187 3758 424 3825; x_wconf 81' lang='lat' dir='ltr'>inenarrabilem</span> <span class='ocrx_word' id='word_1_281' title='bbox 449 3759 504 3820; x_wconf 87' lang='lat' dir='ltr'>Dei</span> <span class='ocrx_word' id='word_1_282' title='bbox 528 3759 705 3839; x_wconf 86' lang='lat' dir='ltr'>bonitatem,</span> <span class='ocrx_word' id='word_1_283' title='bbox 728 3779 790 3840; x_wconf 89' lang='lat' dir='ltr'>qua</span> <span class='ocrx_word' id='word_1_284' title='bbox 807 3760 838 3818; x_wconf 92' lang='lat' dir='ltr'>in</span> <span class='ocrx_word' id='word_1_285' title='bbox 857 3756 975 3817; x_wconf 86' lang='lat' dir='ltr'>ditione</span> <span class='ocrx_word' id='word_1_286' title='bbox 993 3749 1058 3813; x_wconf 73' lang='lat'>001.</span> <span class='ocrx_word' id='word_1_287' title='bbox 1075 3748 1111 3811; x_wconf 86' lang='lat' dir='ltr'>V.</span> 
     </span>
    </p>
   </div>
   <div class='ocr_carea' id='block_1_3' title="bbox 68 3810 193 3930">
    <p class='ocr_par' dir='ltr' id='par_1_3' title="bbox 68 3810 193 3930">
     <span class='ocr_line' id='line_1_43' title="bbox 68 3810 193 3930; baseline 0 0"><span class='ocrx_word' id='word_1_288' title='bbox 68 3810 193 3930; x_wconf 54' lang='grc' dir='ltr'>ἢ</span> 
     </span>
    </p>
   </div>
   <div class='ocr_carea' id='block_1_4' title="bbox 0 0 1206 4170">
    <p class='ocr_par' dir='ltr' id='par_1_4' title="bbox 0 0 1206 4170">
     <span class='ocr_line' id='line_1_44' title="bbox 0 0 1206 4170; baseline 0 0"><span class='ocrx_word' id='word_1_289' title='bbox 0 0 1206 4170; x_wconf 95' lang='lat' dir='ltr'> </span> 
     </span>
    </p>
   </div>
  </div>
 </body>
</html>
