2392 4170
452 262 535 323 Doct.
553 262 632 323 llart.
649 263 730 324 Lnth.
991 264 1053 332 351

135 439 202 499 duit
225 439 433 516 monachum,
466 459 557 518 quam
581 441 640 500 scit
661 441 775 502 servari
797 459 891 520 posse
914 448 943 500 et
966 446 1054 501 extra

135 523 298 605 cucullum,
321 541 381 583 uou
406 524 504 584 miuus
519 524 646 583 feliciter
668 542 759 602 quam
775 525 862 584 intra.
901 524 961 585 Sed
980 524 1053 585 abo·

135 605 286 666 minabilis
309 606 408 666 cultus
432 607 488 666 Dei
518 609 623 686 specie
644 607 777 667 Satanae
799 607 894 667 allicit
916 627 997 685 nos,
1025 614 1056 668 et

134 689 331 749 subtilissima
361 689 481 749 fallacia
513 690 661 769 pertrahit
681 691 712 749 in
735 690 877 769 laqueum
906 693 1054 752 castitatis

135 792 188 832 seu
212 774 312 852 potius
343 772 474 832 libidinis
509 772 761 834 indissolubilem.
805 773 906 834 'Ponto
937 774 1055 834 scilicet

134 858 232 935 pretio
262 856 366 915 vendit
393 855 494 916 fucum
525 858 612 916 istius
635 857 889 929 abominationis,
918 864 974 933 ut,
997 858 1053 916 nisi

134 1042 186 1082 eas
211 1022 338 1085 delicias
360 1042 431 1083 suas
454 1041 516 1083 non
539 1022 689 1085 admittat.
1049 1079 1052 1083 .

179 1172 182 1177 ,
217 1105 293 1165 Cum
317 1125 390 1184 ergo
414 1114 548 1167 etcausa
570 1106 702 1166 vovendi
726 1107 765 1164 sit
786 1112 960 1166 naturasua
982 1106 1054 1166 abo

134 1187 297 1267 minabilis‚
321 1197 352 1248 et
373 1188 508 1249 conditio
532 1190 683 1268 sacrilega
705 1195 735 1248 et
761 1190 890 1248 intentio
914 1190 1053 1268 decepte,

133 1279 196 1331 turn
219 1273 336 1351 primae
346 1279 448 1351 partes
471 1274 533 1332 voti
556 1271 646 1332 fictae
672 1280 703 1331 et
723 1271 830 1350 falsae,
859 1271 931 1350 quid
954 1270 1055 1331 adhuc

136 1354 257 1415 dubitas
280 1363 384 1414 votum
408 1354 557 1414 eiusmodi
581 1357 611 1414 in
634 1355 718 1415 nulla
745 1357 790 1414 sui
813 1361 900 1434 parte
924 1354 1054 1414 valere?

133 1437 202 1498 Nou
228 1439 307 1497 euim
331 1438 537 1517 philosophia,
559 1439 613 1497 sed
636 1445 746 1498 natura
773 1443 804 1496 et
825 1439 871 1496 ius
895 1446 924 1497 et
946 1457 1053 1498 sensus

135 1522 305 1581 communis
328 1520 440 1596 docet,
472 1529 593 1600 pactum
618 1521 732 1580 nullum
756 1539 848 1594 esse,
872 1522 957 1580 cuius
981 1539 1055 1580 con·

135 1604 209 1664 ditio
233 1604 337 1684 mala,
374 1623 467 1664 causa
489 1605 661 1683 sacrilega,
691 1611 723 1664 et
744 1605 872 1663 intentio
896 1604 975 1663 falsa
998 1610 1054 1680 est,

134 1690 253 1748 etiamsi
276 1689 342 1765 quis
366 1687 497 1766 simplex
519 1689 647 1746 servarit
669 1695 791 1766 pactum
816 1687 978 1749 eiusmodi.
1014 1687 1055 1746 At

134 1771 261 1830 haecin
285 1778 358 1831 voto
395 1773 567 1831 monastico
592 1771 675 1829 vides
703 1791 758 1850 per
785 1770 976 1850 hyperbolen
1001 1789 1054 1829 su·

134 1873 251 1933 perure.
275 1851 387 1914 'Causa
409 1861 456 1914 est
479 1853 602 1913 larvalis
625 1853 677 1913 ille
700 1854 798 1914 uultus
815 1854 872 1913 Dei
896 1861 925 1912 et
939 1849 1053 1913 albomi-
1131 1878 1132 1882 ¹

132 1937 214 1997 natio
265 1937 433 2002 Missurum.
484 1936 627 1999 Conditio
672 1944 735 2014 est,
777 1936 983 1996 obedientiam
1021 1942 1053 1996 et

133 2027 348 2100 paupertatem
371 2040 440 2080 esse
462 2022 591 2081 consilia
615 2020 804 2100 evangelica,
828 2025 891 2079 turn
911 2026 1054 2098 corpora·

133 2105 187 2179 les,
210 2122 279 2162 esse
301 2103 512 2165 substantialia
536 2112 615 2165 vota.
661 2104 792 2162 intentio
818 2110 874 2180 est,
897 2102 974 2163 haec
989 2121 1052 2162 orn·

133 2187 185 2243 uia
217 2186 304 2244 aliter
339 2188 479 2265 accipere
512 2206 602 2265 quam
631 2194 710 2248 suut.
753 2186 822 2246 Non
862 2204 936 2264 ergo
971 2190 1055 2244 tenet
1151 2245 1153 2248 .

134 2275 235 2326 votum
259 2278 367 2326 natura
388 2288 453 2341 sua,
476 2271 538 2329 imo
561 2269 761 2348 rumpendum
785 2271 841 2345 esi,
855 2269 926 2328 lieet
948 2268 1053 2328 Sancti

132 2368 188 2430 per
211 2348 340 2429 Spiritus
361 2351 536 2410 miraculum
560 2354 589 2410 iu
607 2353 714 2412 mediis
730 2354 796 2412 istis
819 2352 1054 2412 abominationi·

134 2434 190 2493 bus
213 2434 324 2493 servati
359 2441 462 2492 votum
488 2434 636 2493 eiusmodi
659 2454 753 2514 supra
775 2444 912 2494 naturam
936 2436 1000 2493 eius
1023 2441 1055 2494 et

133 2523 240 2576 contra
262 2523 400 2576 naturam
414 2517 478 2575 eius
492 2518 650 2579 servarint.
686 2517 791 2595 Finge,
814 2519 838 2575 si
857 2519 1053 2597 promisisses

131 2608 248 2679 patrem
279 2597 421 2660 occidere
452 2607 484 2659 et
506 2609 633 2659 matrem
657 2599 791 2678 violare,
828 2618 885 2658 nec
918 2599 977 2658 hoc
998 2601 1052 2658 im·

132 2683 224 2762 plere,
247 2684 304 2742 nisi
327 2681 455 2742 adiectis
477 2684 596 2743 ieiuniis
620 2690 650 2742 et
663 2680 853 2742 orationibus
870 2681 1053 2760 quibusdam

132 2773 185 2826 snt
220 2767 288 2825 aliis
323 2766 411 2826 bouis
445 2767 609 2846 operibus,
642 2766 778 2845 nunquid
807 2765 876 2825 ideo
900 2764 1052 2824 teneberis

132 2851 285 2928 promisso
317 2851 490 2910 orationum
513 2859 542 2910 et
565 2851 741 2928 honorum,
776 2850 848 2926 quia
870 2854 940 2907 suut
962 2847 1054 2926 bona,

132 2952 200 2991 cum
235 2932 340 2992 videas
374 2944 464 3011 caput
503 2951 689 3011 causamque
723 2943 752 2992 et
775 2933 979 2991 intentionem
1002 2949 1054 2989 vo-

133 3016 222 3075 vendi
245 3035 313 3075 esse
333 3017 475 3075 intutum
497 3015 743 3075 exsecrabilem?
775 3015 839 3075 lmo
856 3014 969 3076 bonum
984 3033 1053 3072 cum

132 3099 213 3158 malo
237 3101 379 3177 omittes,
415 3109 445 3158 et
479 3098 562 3158 aliud
596 3100 756 3176 promittes
793 3099 859 3158 sine
882 3096 980 3172 malo,
1004 3095 1052 3156 vel

133 3181 206 3242 nihil
231 3183 391 3260 promittes
422 3183 657 3262 provoluntate
680 3189 741 3242 tna.
786 3181 837 3241 Sic
862 3180 949 3239 vides
971 3188 1002 3239 et
1023 3180 1054 3239 in

131 3266 303 3324 monastico
328 3274 401 3325 voto
430 3285 494 3325 reru
525 3285 594 3325 sese
616 3264 730 3324 habere
751 3266 781 3323 in
805 3263 969 3340 omnibus,
1003 3263 1053 3340 qui

130 3349 345 3428 perspiritum
380 3367 441 3408 nou
464 3348 704 3427 contempserint
739 3355 769 3408 et
801 3366 857 3426 pro
880 3346 975 3406 nihilo
999 3364 1054 3405 sua

132 3440 206 3491 vota
230 3429 401 3494 habuerint.

215 3513 314 3575 Habet
335 3533 409 3573 vern
434 3519 465 3573 et
486 3515 611 3574 castitas
636 3532 721 3573 snam
745 3512 949 3592 impietatem,
974 3511 1053 3573 sicut

131 3604 161 3656 ct
183 3597 262 3657 aliae
283 3606 385 3674 partes
408 3603 565 3674 votorum,
588 3598 618 3656 in
643 3597 722 3672 hoc,
750 3595 832 3674 quod
855 3616 948 3676 supra
970 3614 1054 3655 com·

129 3700 252 3740 munem
275 3679 367 3740 fidem
389 3681 519 3740 iactatur
546 3679 585 3740 ad
609 3681 747 3740 iniuriam
771 3679 900 3760 Christi,
931 3677 1054 3756 deque
1120 3717 1122 3721 ν

131 3763 270 3823 nonnihil
293 3764 432 3844 superius
460 3763 708 3828 memoravimus.
754 3759 833 3826 Non
853 3763 943 3824 enirm
974 3761 1070 3838 uirgo
