2392 4170
398 246 484 302 Ducis
505 249 644 312 Senoniae
663 253 714 320 etc.
961 244 1023 314 247

178 401 245 464 Nec
266 408 313 463 est
330 401 478 463 hsctsnus
493 402 747 484 clementissimus
758 402 904 484 Princeps
918 411 1024 467 noster

94 505 167 549 vare
201 486 314 546 certior
347 486 461 564 lactus,
494 486 541 547 vel
565 507 583 547 a
606 487 759 557 Caesarea
781 487 940 549 Maiestate
973 487 1022 549 vel

92 571 240 650 quopiam
272 569 332 631 alio
371 569 493 630 Lutheri
531 572 647 650 scripta
682 570 832 631 eiusmodi
867 572 1021 648 convicta,

92 651 178 733 quae'
196 651 371 712 incendium
386 659 566 714 mereantur.
612 653 740 729 Quodsi
765 653 888 714 aliunde
911 661 941 714 et
955 672 1024 734 pro·

91 735 235 797 habiliter
257 738 465 816 cognovisset,
489 746 572 797 certo
599 736 686 798 vobis
709 737 894 816 persuadete
916 738 1022 813 omnis

91 819 188 881 fuisse
209 819 370 896 facturum,
393 838 472 898 quse
496 819 542 879 vel
555 819 728 899 Principem
752 820 923 880 Electorem
941 819 1023 883 Chri-

93 904 245 979 stianum,
276 902 324 962 vel
348 901 542 965 obedientem
565 903 713 963 ecclesiae
737 903 908 964 catholicae
929 901 1023 963 filiurn

94 986 214 1046 deceat.
258 985 401 1046 Ceterum
435 985 605 1046 istiusmodi
643 992 704 1046 tam
741 985 862 1046 molesti
895 992 1025 1049 conatus

93 1069 334 1143 clementissimo
352 1069 484 1148 Principi
508 1077 623 1144 nostro,
645 1088 683 1131 ac
704 1069 831 1130 Iohanni
854 1070 936 1129 fratri
959 1069 1023 1131 aius

92 1171 244 1232 germano
267 1161 297 1212 et
315 1153 465 1225 eoruml)
491 1151 667 1231 regionibus
691 1162 721 1213 et
755 1151 912 1231 gentibus,
945 1153 953 1211 i
978 1169 1026 1212 so-

94 1256 162 1297 rum
177 1236 306 1314 imperio
327 1236 511 1315 parentibus,
535 1244 595 1294 tem
611 1242 681 1296 sunt
696 1235 912 1312 intolerabiles,
934 1171 1025 1314 qlam

95 1321 149 1398 qui
170 1338 303 1378 maxime
326 1320 472 1379 omnium.
981 1356 984 1361 -

183 1400 390 1477 Quamobrem
405 1401 625 1462 illustrissimus
640 1400 786 1480 Princeps
808 1404 913 1461 noster
926 1405 1025 1480 rogat,

98 1493 131 1546 ut
160 1486 292 1561 omissa,
326 1504 387 1564 qua
426 1504 473 1544 res
504 1490 614 1564 coepta
642 1491 689 1544 est
717 1484 784 1564 agi,
823 1485 873 1543 via
908 1482 1026 1543 nanctis

96 1588 224 1648 operam
245 1569 287 1628 ita
310 1567 422 1648 agendi
446 1587 571 1627 causam
593 1568 699 1640 istam,
727 1565 797 1646 utlJ
823 1567 939 1645 aequis,
961 1585 1025 1626 eru·

98 1652 179 1727 ditis,
201 1652 259 1731 piis
283 1659 313 1711 et
335 1670 395 1710 non
410 1653 560 1730 suspectis
573 1650 733 1721 iudicibus,
756 1647 884 1710 snbfide
904 1647 1027 1729 publica

98 1733 270 1795 sufficiente
307 1743 520 1794 securamento
552 1740 582 1794 et
611 1733 766 1794 conductu
798 1731 913 1811 libero,
950 1732 1027 1792 locis

97 1837 160 1897 non
182 1818 294 1896 iniquis
317 1819 483 1877 commissa
512 1816 653 1878 audiatur
684 1823 714 1876 et
736 1820 938 1896 agnoscatnr3
970 1832 1028 1881 nec

96 1901 165 1962 iibri
188 1900 309 1961 Lutberi
331 1902 399 1980 ipso
422 1919 523 1980 neque
537 1889 757 1978 audito⁸neqna
779 1899 921 1961 convicto
944 1917 1028 1959 eom·

97 1985 253 2046 burantur.
297 1983 374 2044 Nam
398 1983 447 2044 ubi
470 1983 661 2060 Lutbarus3)
686 1984 817 2042 revictus
834 1982 932 2058 luerit,
954 1981 1028 2041 nihil

97 2069 198 2128 minus
221 2068 391 2127 committet
400 2066 545 2146 Princeps
566 2073 671 2127 noster
683 2065 916 2143 illustrissimus,
936 2082 1027 2142 quam

98 2149 182 2230 qnod
216 2149 342 2228 indigno
379 2149 557 2212 subscribat.
601 2149 708 2229 Neque
745 2149 862 2209 dubitat
883 2147 1027 2227 Princeps

98 2240 222 2309 noster,
243 2253 283 2293 ne
305 2242 368 2292 tum
392 2232 512 2311 quidem
536 2231 723 2312 pontificiam
757 2233 950 2292 sanctitatem
973 2249 1026 2310 po-

99 2317 279 2377 stulatnrem
296 2335 370 2394 asa,
386 2316 468 2394 quod
482 2336 590 2395 parum
606 2316 735 2377 honesta
748 2321 904 2395 praestare
923 2314 1030 2392 possit,

98 2401 129 2463 iu
145 2397 347 2475 referenda4)
372 2400 452 2458 enirn
468 2398 627 2460 Sanctitati
641 2397 821 2461 Pontificiae
835 2398 934 2477 gratia
949 2397 1030 2457 Prin·

100 2501 175 2562 ceps
198 2489 302 2543 noster
323 2481 475 2543 illustriss.
500 2488 533 2541 ut
555 2480 702 2542 obediens
726 2481 1030 2542 sacrosanctissimee

101 2565 254 2626 ecclesiae
277 2565 448 2627 catholicae
471 2564 550 2625 filius
573 2583 802 2643 nunqnamnon
825 2565 881 2623 erit
901 2563 1029 2642 peratis·
1069 2637 1071 2641 ,

99 2668 206 2711 armus.

178 2730 247 2807 Quo
271 2730 375 2792 audito
399 2731 533 2790 Marinus
564 2736 596 2790 et
617 2728 772 2790 Alcander
801 2728 928 2788 seorsim
960 2747 1029 2788 cum

101 2815 165 2875 suis
190 2814 308 2893 loquuti
330 2821 409 2874 sunt.
452 2814 527 2874 Cum
550 2832 624 2873 vero
646 2832 702 2892 per
727 2811 924 2872 illustrissimi
948 2810 1030 2871 Prin-

100 2899 177 2978 cipis
211 2898 309 2958 nostri
342 2897 539 2958 Conciliarios
567 2897 674 2956 iterum
703 2895 733 2954 in
763 2895 950 2974 colloquium
981 2891 1031 2953 ad·

101 2981 186 3054 missi
205 2987 317 3057 essent,
341 2979 495 3040 Alesnder
522 2985 659 3060 repetere
685 2979 797 3059 coepit,
822 2996 902 3057 quae
920 2977 1031 3038 Pridoi-

101 3065 147 3145 pis
172 3064 297 3125 nomina
318 3057 402 3123 dicta
425 3069 518 3124 erant.
563 3061 738 3143 Allegabst,
762 3061 871 3140 quibus
897 3069 927 3121 et
957 3067 1033 3140 quot

102 3146 201 3207 modis
235 3145 377 3207 Pontifex
408 3145 566 3207 Romanus
602 3152 731 3207 conatus
760 3143 844 3205 esset
868 3143 1031 3205 Martinam

139 3265 169 3333 1)
191 3265 222 3318 ln
230 3264 272 3320 ed.
282 3269 382 3334 princ:
396 3281 493 3337 sorum
505 3273 571 3318 tum.
590 3266 620 3328 2)
635 3263 704 3319 lbid.
724 3263 817 3318 deest}
832 3267 870 3316 ut.
890 3261 922 3331 3)
939 3261 971 3316 In
991 3261 1033 3315 ed.

101 3337 166 3390 Jen.
185 3339 254 3391 haec
273 3338 419 3407 leguntur:
439 3354 502 3390 nsm
522 3339 569 3391 ubi
588 3337 722 3390 Lotherus
742 3338 922 3406 argumentis,
944 3335 1033 3388 doctis

103 3410 265 3473 rationibus,
285 3413 339 3478 piis
360 3414 387 3462 et
404 3409 501 3462 solidis
521 3408 669 3478 scripturis
690 3410 806 3461 revictus
822 3407 911 3459 fuerit.
949 3406 981 3469 4)
1000 3403 1032 3458 ln

102 3481 143 3534 ed.
165 3480 228 3534 Jen.
249 3481 303 3535 hoc
323 3483 495 3533 enuntiatum
516 3484 555 3534 its
582 3481 717 3534 redditur:
739 3518 746 3532 .
769 3519 772 3528 .
794 3480 898 3548 possit,
928 3478 1033 3546 alioqui

103 3555 298 3622 paratissimus
318 3555 409 3606 facere
429 3556 537 3617 omnia,
557 3568 627 3622 quae
647 3553 814 3605 conveniunt
834 3551 887 3602 sibi
909 3556 938 3602 ut
958 3547 1034 3602 enrr-

104 3627 211 3692 stiano,
228 3632 259 3677 nt
278 3626 395 3692 Principi
416 3627 485 3678 sacri
508 3626 624 3678 Romani
644 3625 750 3692 imperii
771 3622 903 3685 Electori,
923 3627 953 3672 nt
972 3620 1035 3673 oba-

105 3695 190 3751 dienti
210 3698 415 3750 sacratissimae
436 3698 532 3750 matris
552 3696 684 3750 ecclesiae
713 3693 785 3763 filio,
810 3695 928 3765 gretiam
949 3693 1033 3745 etism

104 3770 248 3824 sanctitati
268 3769 427 3840 pontificiae
447 3775 605 3825 reverenter
624 3767 778 3821 habituras.
