2392 4170
413 237 498 298 Missa
515 240 626 311 privata
645 240 680 297 D.
700 239 733 297 ll.
752 239 784 296 L.
1015 235 1077 305 117

146 413 186 478 ad
208 413 375 476 firmandos
398 420 429 476 et
451 412 661 476 consolandos
685 432 749 490 eos,
763 413 903 490 quitorte
925 414 1075 478 intervos

147 497 249 562 adhuc
270 497 380 559 inllrmi
402 499 549 578 impetum
573 497 716 559 terrentis
740 496 906 558 adversarii
931 503 962 559 et
982 499 1073 579 trepi-

147 581 249 644 dantis
271 583 480 643 conscientiae
501 583 580 643 ferre
603 587 769 659 nequeunt.
814 581 863 647 Eo,
884 582 964 641 enim
988 582 1073 643 certi

143 665 249 728 tudine
261 671 291 726 et
303 665 413 726 fiducia
425 664 603 726 tentandum
619 671 674 739 est,
697 663 779 744 quod
791 663 1015 743 praestituistis‚
1037 672 1071 726 ut

147 769 209 811 non
232 748 327 810 modo
349 750 443 810 totius
466 748 568 809 mundi
593 747 774 828 iudiciapro
796 747 878 808 soliis
901 748 1020 810 levibus
1042 757 1074 810 et

147 833 274 894 summis
307 833 409 893 aristis
431 831 620 910 habeamus,
650 830 706 891 sed
734 837 765 891 et
785 832 893 891 armati
924 828 1019 893 simus
1041 833 1071 893 iu

148 921 247 979 morte
269 914 418 977 adversus
446 922 551 994 portas
584 913 688 991 inferi,
717 915 788 994 quin
811 916 901 974 etiam
926 915 1073 977 adversus

146 999 290 1064 iudicium
314 1001 460 1060 tentantis
473 1000 528 1060 Dei
552 1017 699 1078 pugnare,
723 1005 754 1058 et
771 998 943 1060 cumlacob
966 1006 1074 1061 contra

146 1083 245 1146 Deum
269 1083 457 1162 praevalere.
496 1081 602 1142 Mundi
625 1081 704 1141 enim
728 1100 822 1142 voces
844 1083 974 1143 occlusis
997 1085 1072 1145 auri-
1109 1070 1120 1095 ⁰

147 1167 205 1228 bus
228 1172 384 1243 utcunque
407 1167 497 1227 ctiam
515 1164 699 1226 infirmiores
714 1173 912 1226 contemnere
933 1174 1075 1244 possunt;

147 1255 179 1311 at
202 1250 423 1310 conscientiam
447 1250 515 1327 quis
548 1246 705 1325 occludet,
729 1267 767 1308 ne
791 1247 946 1328 Seianam,
969 1270 1008 1310 nc
1029 1249 1071 1311 iu-

148 1331 260 1394 dicium
284 1333 340 1393 Dei
364 1333 496 1394 sentiat?
524 1331 655 1392 Mundus
678 1350 736 1392 nos
757 1332 885 1392 insanos
907 1339 939 1393 et
960 1333 1076 1412 imaro·

146 1416 205 1478 bos
226 1422 343 1477 tantum
367 1415 501 1494 sonabit,
523 1435 584 1475 non
609 1414 707 1478 faciet.
752 1412 793 1476 At
815 1417 1005 1476 conscientia
1026 1416 1072 1479 in-

145 1498 240 1560 finitis
261 1500 361 1561 modis
384 1498 545 1560 damnatos
568 1497 676 1569 faciet,
699 1498 755 1558 nisi
778 1497 873 1559 verbo
896 1499 953 1559 Dei
976 1505 1072 1575 certo,

144 1584 266 1663 potenti
288 1589 318 1641 et
339 1582 464 1643 salutari
493 1581 739 1660 lueritundique
763 1581 895 1659 munita,
924 1582 986 1642 hoc
1014 1590 1070 1657 est,

144 1685 237 1741 supra
259 1670 378 1745 petram
400 1664 571 1730 aedificata,
605 1664 691 1725 Haec
713 1672 759 1724 est
779 1663 833 1725 illa
855 1664 1005 1727 certitudo
1027 1666 1069 1727 in·
1115 1662 1118 1667 ’

144 1748 290 1827 lallibilis,
312 1768 402 1826 quam
426 1750 610 1828 quaerimus.

227 1832 392 1912 Pergemus
414 1833 518 1909 itaque
539 1832 570 1893 io
592 1831 702 1891 Missas
723 1831 798 1891 istas
812 1832 946 1908 privatas
968 1833 1068 1909 singu·

144 1915 242 1977 larem
265 1921 428 1976 tractatum
461 1914 563 1990 edere,
585 1913 776 1993 profuturum
796 1920 826 1973 et
845 1914 924 1991 aliis,
946 1916 996 1994 qui
1019 1935 1070 1976 vo·

144 1998 219 2062 lent.
263 1997 362 2059 Video
387 1999 467 2059 enim
496 2018 543 2072 ca,
566 2017 646 2078 quae
668 2004 760 2057 antea
782 1997 900 2076 scripsi,
928 1999 1068 2058 resisten-

144 2081 225 2143 tibus
237 2080 391 2143 idolorum
404 2082 569 2162 episcopis,
592 2101 654 2141 non
676 2081 751 2141 setis
763 2100 898 2153 movere,
922 2087 954 2141 ut
975 2082 1068 2142 toties

143 2163 344 2245 repetendum
358 2165 599 2244 erigendumque
621 2166 661 2225 sit
684 2164 809 2225 verbum
825 2165 969 2239 veritatis,
993 2180 1066 2243 quo·

142 2248 199 2309 ties
227 2247 270 2308 illi
308 2249 417 2328 papyri
453 2249 612 2308 carnifices
649 2246 795 2307 damnant
823 2253 854 2307 et
882 2248 1065 2326 opprimunt.

140 2331 298 2411 Rogemus
326 2337 428 2392 autem
451 2331 634 2408 Dominum,
664 2336 698 2391 ut
721 2331 820 2390 mittat
849 2331 1007 2409 operarios
1034 2331 1064 2391 in

141 2433 273 2476 messem
305 2434 408 2494 suam,
437 2420 470 2475 et
496 2413 625 2492 angelos
648 2431 737 2490 snos,
771 2412 822 2492 qui
851 2414 999 2493 colligant
1029 2413 1066 2474 de

140 2516 237 2576 regno
260 2497 325 2558 eius
349 2497 452 2558 omnia
473 2496 629 2560 scandala.
662 2494 758 2555 Multa
780 2496 860 2555 enim
874 2504 944 2556 suut
966 2496 1065 2572 valde,

139 2579 195 2641 aad
217 2600 299 2641 nunc
320 2578 410 2641 nobis
433 2599 525 2641 unum
548 2578 627 2640 istud
650 2578 770 2659 insigne
793 2579 913 2658 petitur,
936 2579 1017 2658 quod
1041 2579 1066 2640 si

140 2663 308 2743 tulerimus,
331 2682 392 2725 non
418 2683 509 2724 unum
525 2663 692 2735 tulerimus,
716 2681 783 2721 cum
797 2662 836 2722 sit
857 2661 952 2722 ferme
975 2669 1068 2740 caput

140 2747 288 2811 omnium.
343 2747 493 2808 Dominus
528 2745 615 2808 lesus
651 2743 803 2805 confortet
838 2750 868 2804 et
904 2751 1068 2805 conservet

140 2848 249 2891 aeneus
272 2836 303 2890 et
325 2828 420 2890 corda
442 2836 542 2890 vestra
565 2830 595 2889 in
624 2827 685 2888 ilde
708 2847 769 2888 non
792 2826 864 2888 licta
887 2834 917 2887 et
939 2828 1066 2888 caritate

139 2931 201 2975 non
223 2912 374 2994 simulata,
399 2912 508 2974 Amen.
538 2912 587 2973 ldx
609 2911 734 2989 Eremo,
756 2909 806 2973 die
824 2912 959 2972 omnium
973 2909 1066 2972 Sano-

139 3002 252 3077 torum,
276 2996 367 3058 Anno
391 2993 550 3060 mcxxi.

474 3129 735 3232 Protesiatio.

226 3321 383 3382 Protector
416 3323 554 3402 inprimis
589 3321 736 3384 adversus
765 3342 841 3398 eos,
869 3322 919 3400 qui
950 3322 1066 3382 insanis

143 3403 273 3466 vocibus
307 3406 337 3466 in
362 3422 410 3464 me
433 3411 504 3465 sunt
533 3400 707 3485 clamaturi,
742 3404 956 3485 quodcontra
977 3405 1065 3465 ritum

141 3488 314 3566 ccclesiae,
343 3493 452 3548 contra
477 3495 592 3550 statuta
620 3489 762 3566 Petrum,
785 3493 894 3549 contra
921 3486 1066 3567 probatas

138 3570 300 3651 Legendas
326 3577 357 3631 et
378 3571 621 3651 receptissimum
645 3592 732 3632 usum
761 3570 935 3644 docuerim,
956 3568 1065 3632 horum

136 3654 212 3716 nilril
244 3673 293 3714 me
327 3652 510 3717 auditurum.
570 3655 711 3735 Denique
742 3674 800 3716 nec
832 3654 982 3735 principia
1013 3652 1066 3722 illa

132 3735 203 3801 tidei
228 3736 407 3799 Parisiensis
429 3737 602 3820 lupanaris,
626 3744 796 3822 quaesunt
819 3737 985 3821 opiniones
1007 3735 1065 3799 ho·
