2392 4170
391 274 445 333 Pro
464 272 498 331 D.
520 271 636 330 Martius
656 269 785 330 Lutherc.
1016 252 1059 328 73

132 445 214 535 qnod
236 465 300 507 non
317 445 360 506 ita
379 441 553 505 scribebant
569 442 712 526 apostoli,
735 459 909 522 quanquam
933 438 1055 520 spiritus
1155 470 1158 477 ·

132 532 338 595 testimonium
369 530 512 609 citarent,
549 536 581 590 ut
617 535 759 609 putarent
792 525 978 588 satisfactum
1012 524 1055 585 roi

131 623 234 679 tantae
257 635 312 697 per
344 613 456 676 nudam
480 613 652 693 epistolam,
675 611 729 672 sed
751 610 905 673 addebant
915 610 1057 689 nuncios,

134 702 183 782 qui
208 699 425 762 confirmarent
448 698 609 758 ecclesiam
633 716 778 763 sermone
801 697 939 777 copioso.
968 693 1058 754 Nunc

133 784 282 846 ecciesiae
311 801 500 858 sermonem,
537 801 596 841 non
633 781 780 861 dogmata
810 780 975 859 requirunt.
1018 776 1058 836 m

132 869 238 929 Petrus
265 867 330 927 vult
352 866 541 928 Christianos
571 870 695 945 paratos
733 884 802 926 esse
835 861 964 925 reddere
985 861 1058 920 rati-

134 971 223 1013 onem
246 950 317 1010 fldei
341 969 424 1011 suae.
469 947 503 1011 Id
527 968 609 1010 nunc
631 949 713 1010 orbis
736 956 881 1011 terrarum
904 964 961 1006 vos
984 962 1059 1025 quo·

134 1054 203 1116 que,
224 1034 360 1112 Magistri
383 1035 490 1113 nostri,
514 1033 657 1114 postulat.
687 1032 752 1094 Iam
777 1039 848 1094 ante
868 1031 970 1112 palam
995 1032 1061 1090 erat

134 1120 164 1179 in
195 1118 327 1196 scholis,
366 1116 436 1197 quid
472 1118 598 1177 sentiret
629 1116 757 1178 Lutetia.
812 1116 945 1177 Exstant
977 1113 1058 1173 eninr

134 1203 227 1262 vestri
240 1201 461 1276 commentarii,
478 1206 601 1260 exstant
615 1201 817 1261 scholasticae
827 1196 1060 1278 disputationes.

134 1285 224 1346 Nunc
243 1285 322 1345 ratio
344 1284 425 1344 illius
448 1290 568 1343 vestrae
592 1282 750 1345 doctrinae
773 1283 936 1362 quaeritur.
980 1279 1059 1340 Nam

134 1368 279 1431 articulos
301 1367 371 1428 ilios
394 1366 541 1428 adversus
556 1366 717 1428 Lutherum
742 1367 790 1427 vel
812 1367 842 1427 in
867 1363 966 1426 media
980 1362 1060 1423 Ger·-

136 1453 237 1513 mania
261 1452 411 1531 potuisset
439 1470 516 1531 puer
537 1449 646 1528 aliquis
674 1472 690 1511 e
713 1448 857 1512 Gabriele
885 1454 938 1509 aut
966 1446 1060 1508 Scoto

136 1534 307 1617 sublegere.
351 1533 439 1594 Adeo
467 1553 529 1594 non
564 1539 611 1593 est
640 1534 821 1609 obscurum,
850 1530 920 1613 quid
952 1531 1064 1592 sentiat

135 1619 263 1696 Lutetia,
286 1617 339 1677 sed
354 1618 516 1678 obscurum
534 1624 590 1696 est,
613 1637 666 1678 cur
686 1620 729 1678 ita
743 1619 864 1678 sentiat.
897 1615 1062 1678 Rationem

136 1708 257 1763 vestrae
289 1701 446 1763 doctrinae
479 1701 579 1781 poscit
607 1701 779 1772 Lutherus,
810 1721 873 1762 non
906 1698 1062 1780 dogmata,

136 1805 246 1865 nempe
269 1805 348 1865 quae
370 1785 426 1844 nisi
450 1792 564 1858 nosset,
589 1805 651 1844 non
676 1784 844 1846 damnaret.

219 1892 320 1970 Atque
344 1892 457 1951 utinam
481 1890 518 1950 ad
550 1910 604 1951 cor
637 1890 768 1951 redeatis
792 1890 995 2034 cogitetisqus
1025 1887 1064 1949 de

137 1973 305 2037 maioribus
328 1974 419 2035 rebus
434 1994 453 2034 a
470 1974 603 2035 Luthero
626 1975 686 2053 agi,
710 1993 801 2054 quam

136 2058 309 2119 Parisiacae
342 2056 488 2128 scholae,
520 2058 568 2117 vel
605 2058 736 2119 Luthero
776 2058 852 2118 citra
885 2053 1063 2139 Scripturae

138 2141 346 2202 testimonium
370 2140 451 2200 credi
475 2140 585 2201 debeat
613 2149 665 2201 aut
697 2141 803 2222 possit.
848 2140 907 2216 Qui
929 2138 1062 2200 Luthero

137 2226 251 2298 favent,
272 2223 342 2284 idco
368 2224 479 2303 favent,
498 2225 570 2303 quia
592 2225 711 2285 reiectis
723 2225 879 2286 hominurn
905 2242 1062 2284 commen·

138 2309 175 2368 tis
198 2306 304 2368 vident
326 2306 406 2366 aliud
430 2326 492 2367 non
516 2306 644 2379 dooere,
668 2327 758 2387 quarn
782 2307 863 2387 quod
885 2308 972 2387 ipsae
994 2324 1063 2386 pro·

138 2390 279 2451 diderunt
312 2410 420 2450 sacrae
453 2390 568 2455 literae.
617 2389 714 2452 iidem
745 2390 833 2452 vobis
862 2389 1004 2464 credent,
1038 2389 1064 2450 si

138 2475 304 2534 convenire
325 2473 497 2553 intelligent
520 2491 587 2532 curn
612 2472 786 2553 Scriptura,
815 2475 887 2554 quia
910 2473 1063 2555 Christum

137 2557 294 2637 requirunt
326 2563 388 2616 tum
410 2555 583 2633 aLuthero,
607 2563 669 2616 turn
693 2577 712 2617 a
735 2555 831 2619 vobis.
866 2555 1064 2617 Arbitramini

138 2659 194 2700 ros
208 2639 328 2701 ¹habere
352 2659 426 2700 vasa
450 2640 673 2719 cantici,·sicut
695 2639 804 2716 David,
826 2639 871 2699 sia
893 2638 972 2698 enim
991 2638 1062 2698 Pro-

139 2722 230 2803 pheta
242 2722 384 2803 loquitur,
407 2721 460 2782 sed
479 2720 567 2784 vobis
582 2728 710 2804 tantum,
726 2721 818 2802 idque
832 2722 924 2801 intus,
943 2720 1065 2801 canitis,

137 2803 291 2868 Lutherus
323 2806 475 2866 canticum
499 2824 612 2884 suurn,
643 2806 703 2867 hoc
726 2811 782 2885 est,
812 2804 982 2866 doctrinam
1012 2801 1063 2865 ad·

138 2889 248 2970 probat
271 2890 326 2950 toti
350 2888 414 2951 orbi
439 2888 612 2949 Christiano
634 2909 690 2970 per
712 2889 887 2969 Scripturas
909 2887 1064 2967 suffragia.

221 2993 300 3054 Nihil
324 2997 383 3055 ista
398 2994 437 3054 ad
452 2993 654 3073 Christianos,
676 2994 813 3074 Magistri
828 2996 925 3056 nostri
948 3012 1062 3070 sumus,

138 3078 325 3139 Parisienses
336 3097 450 3155 sumus,
465 3077 626 3138 Sorbonioi
645 3096 758 3158 sumus,
771 3084 914 3158 parentes
926 3077 1063 3139 omnium

138 3161 334 3222 diatribarum
359 3181 474 3236 saurus,
495 3182 565 3221 narn
580 3181 659 3221 vana
681 3162 808 3222 nomina
823 3169 903 3236 sunt,
927 3159 1067 3240 adquae

136 3245 196 3305 iam
221 3263 300 3324 pene
328 3243 487 3305 obsurduit
509 3243 683 3308 Carmania.
726 3245 858 3307 Proinde
879 3245 999 3321 hortor,
1021 3248 1064 3320 ut,

136 3329 161 3386 si
184 3329 348 3408 impietatis
371 3334 475 3388 notam
498 3347 648 3388 excusare
671 3328 775 3407 vultis,
798 3329 946 3391 rationem
970 3327 1064 3388 vestri

138 3411 177 3470 de
199 3410 331 3472 Luthero
355 3410 456 3470 iudicii
481 3411 654 3491 exponatis.
690 3409 837 3475 Conferte
858 3431 926 3472 oum
951 3409 1062 3471 Luthe·

138 3495 221 3554 ranis
266 3513 326 3553 non
358 3493 527 3572 dogmata,
562 3493 616 3555 sed
661 3500 842 3573 argumenta
883 3482 1063 3573 dogmatu'm

138 3584 319 3653 vestrorum,
332 3578 389 3637 nisi
405 3576 567 3638 Christiani
586 3577 689 3638 haberi
700 3597 761 3639 non
776 3578 877 3641 vultis.
900 3577 1065 3639 Declarate

138 3660 322 3739 aliquando,
345 3679 406 3740 quo
430 3661 535 3739 spiritu
560 3681 577 3719 a
601 3660 777 3722 Sorboniois
805 3661 955 3743 apostolis
980 3661 1064 3722 dam·

138 3748 228 3815 natus
259 3744 298 3810 sit
320 3743 477 3810 Lutherus.
520 3742 554 3805 Id
586 3764 647 3815 nop
670 3744 764 3807 modo
793 3764 875 3815 nuno
904 3748 1064 3833 exspectat

848 1994 865 2035 e
888 1970 1065 2050 quibusve]
1160 1986 1163 1994 ·
