2392 4170
131 257 194 327 816
360 262 517 333 mosem
535 260 572 317 u.
587 262 622 318 ι.
639 262 668 318 ι.
688 261 725 317 aa
742 259 844 318 tibrum
872 216 874 220 ¹

98 464 100 470 .
132 416 218 479 solas
238 415 417 478 traditiones
439 418 595 478 hominnm
618 426 649 478 et
670 418 801 478 iustitias
812 417 934 498 impias.
958 413 1057 476 diam

132 499 276 561 baeretici
300 501 391 580 prisci
412 502 442 561 in
459 500 634 581 Scripturas
656 503 771 562 sanctis
792 500 963 562 certabant.
994 494 1059 560 Hie

132 591 234 644 autem
265 603 320 645 rex
349 591 436 645 extra
458 583 629 665 Scripturas
652 586 715 645 suia
737 584 883 645 doctrinis
905 580 1058 662 regnabit

132 665 205 728 ldao
228 666 337 727 Daniel
360 666 448 742 dicit,
478 667 562 747 qnod
593 667 801 729 obscurabunt
830 686 885 727 eos
905 664 1059 746 praerasi·

133 751 289 825 cationes,
318 757 383 812 tota
404 756 505 811 antem
527 750 700 830 Scriptura,
734 751 912 831 praesertim
934 747 1059 822 Paulus,

134 834 330 908 caecitatem,
352 833 509 913 tenebras,
531 835 734 914 ignorantiam
764 853 824 894 non
847 832 966 909 tribuit,
999 830 1058 890 nisi

133 915 432 996 praesumptionibus
453 918 555 997 impiis
567 918 899 998 propriaaiustitiaaet
919 932 1059 994 opernm,

134 1003 168 1060 nt
197 1008 301 1059 notum
336 1006 383 1059 est
416 999 528 1079 legenti
561 1002 627 1061 eius
648 998 815 1080 Epistulas.
858 1000 898 1060 m
920 997 1059 1062 Christus

134 1080 204 1141 ideo
227 1102 260 1142 se
282 1082 379 1142 lucem
405 1082 550 1163 appellat,
571 1084 654 1163 qnod
675 1082 752 1143 tides
774 1084 803 1142 in
816 1101 886 1143 eum
907 1080 1061 1142 illuminet

133 1173 164 1225 st
183 1165 325 1226 iustificat
348 1174 468 1227 omnes.
984 1150 995 1185 ⁸

218 1248 321 1309 Olaret
353 1267 427 1329 ergo
461 1249 541 1309 hunc
574 1268 684 1328 regem>
714 1249 779 1311 tore
804 1255 878 1328 post
905 1246 1059 1308 christan

135 1331 359 1411 praedicatum,
391 1341 422 1392 et
442 1332 589 1393 adversus
609 1331 866 1392 illuminationem
887 1327 1061 1410 Evangelii,

135 1432 196 1493 quo
218 1414 404 1475 illuminatus
432 1421 479 1475 est
501 1413 642 1477 mundus.
684 1414 850 1477 Obscurari
872 1415 954 1474 enim
974 1429 1061 1493 praa

134 1498 372 1558 varicationibns
400 1499 502 1578 arguit
533 1516 588 1558 eos
620 1497 714 1559 luisse
735 1499 940 1575 illuminatos,
974 1493 1058 1574 qnod

134 1582 237 1660 regnis
268 1582 328 1641 illis
361 1581 606 1642 antechristum
638 1599 699 1642 non
733 1582 894 1656 convenit,
927 1589 960 1638 ut
981 1596 1062 1657 qnae

135 1682 292 1742 nunquam
316 1662 480 1724 obscurata
500 1670 586 1741 sunt,
608 1665 681 1744 quia
703 1683 857 1743 nunqnam
879 1662 1062 1736 illuminata,

136 1764 195 1805 nec
215 1747 435 1826 praevaricata,
458 1748 696 1827 quianunquam
718 1744 1062 1821 recteambulaverunt3

137 1827 190 1889 sed
214 1827 252 1890 de
275 1831 319 1890 eis
332 1831 520 1910 temporibus
536 1831 722 1911 intelligitur,
745 1829 855 1910 quibus
878 1827 1061 1889 stObristus

136 1907 1061 1993 abominationempraedixiteisdempenevarbis,dioens*):

137 1993 290 2070 Quoniam
304 1994 471 2055 abundabit
492 1997 646 2076 iniquitas,
668 1997 847 2076 refrigescet
859 1995 971 2054 caritas
985 1992 1062 2053 mul·

137 2083 247 2138 torum.
290 2077 329 2137 ut
351 2077 543 2150 Paulus**):
575 2079 617 2140 Ut
648 2078 820 2139 iudicentur
850 2096 974 2157 omnes,
1009 2077 1062 2157 qui

137 2178 199 2221 non
223 2160 417 2228 crediderunt
438 2162 566 2239 veritati,
588 2162 642 2222 sed
655 2168 879 2222 consenserunt
899 2159 1062 2240 iniquitati,

137 2249 169 2303 et
196 2245 225 2306 2.
248 2242 327 2303 Petr.
350 2245 378 2306 2.
407 2245 596 2323 gravissimis
624 2244 724 2304 verbis
753 2244 880 2305 reditum
904 2243 943 2303 ad
966 2241 1062 2303 vomi·

137 2330 200 2385 tum
231 2327 330 2405 arguit
363 2326 392 2385 iu
421 2328 482 2403 eis,
518 2329 569 2406 qui
602 2329 632 2388 in
666 2329 840 2388 novissimis
872 2324 1062 2405 temporibus

138 2415 235 2485 erunt,
259 2409 321 2469 iere
344 2428 421 2470 unns
445 2412 580 2470 omnium
604 2413 748 2490 exponit,
772 2429 851 2490 qnae
873 2410 912 2469 sit
932 2409 985 2468 illa
1006 2409 1062 2468 ini·

159 2492 247 2568 nitas,
268 2510 348 2572 quae
361 2491 537 2568 abundabit,
550 2500 650 2572 etqua
663 2493 917 2566 obscurabuntur,
938 2491 1061 2554 dicens:

137 2508 269 2635 deerunt
291 2582 392 2635 autem
416 2585 447 2635 et
468 2575 758 2656 pseudoprophetae
781 2578 810 2636 iu
833 2575 961 2655 populo,
983 2575 1064 2634 sient

138 2663 169 2717 et
190 2658 220 2717 in
243 2658 329 2719 vobis
352 2666 454 2733 erunt,
477 2658 544 2718 falsi
568 2658 721 2733 doctores,
745 2660 796 2739 qui
817 2660 903 2718 iuxta
925 2657 1062 2718 introdu-

138 2747 209 2801 cant
230 2751 329 2802 sectas
358 2741 538 2821 perditionis
569 2743 666 2821 (pene
696 2741 823 2802 dixisset
844 2739 941 2801 fllium
963 2739 1062 2820 perdi·

138 2825 259 2900 donis),
281 2822 373 2886 etiam
384 2823 560 2902 Dominum,
583 2826 634 2904 qui
649 2843 703 2885 eos
717 2832 869 2885 marcatus
893 2830 949 2902 est,
970 2822 1063 2883 abne·

137 2913 262 3049 gantas,
291 2907 478 2967 adducentes
508 2907 563 2967 sibi
592 2909 666 2989 ipsis
693 2907 823 2989 calorem
847 2906 1062 2987 perditionem.

166 2994 178 3048 t
199 2989 285 3049 multi
307 2998 473 3068 sequentur
494 3009 599 3050 eorum
616 2990 812 3070 perditiones,
833 3008 889 3069 per
911 3007 990 3069 quos
1011 2989 1064 3049 ria

140 3073 275 3131 veritatis
309 3071 586 3152 blasphemabitur,
619 3081 649 3133 et
676 3074 706 3134 in
740 3073 868 3134 avaritia
896 3091 951 3152 par
973 3069 1063 3132 flatos

138 3172 296 3215 sermones
329 3173 386 3216 vos
412 3156 674 3234 cauponabuntur.
724 3156 851 3217 Prorsus
884 3154 935 3215 hia
956 3153 1064 3214 Petrus

136 3236 354 3318 Magistariurn,
376 3241 585 3317 episcopatus,
609 3247 640 3299 et
661 3239 921 3318 ecelesiasticam,
953 3242 986 3297 nt
1008 3255 1061 3297 vo·

140 3327 226 3397 cant,
261 3320 553 3382 administrationem
584 3323 696 3402 tangit,
729 3327 760 3382 et
789 3321 850 3381 boc
881 3319 993 3380 malum
1023 3338 1063 3379 ax

139 3420 245 3463 sorum
275 3404 443 3464 ministerio
471 3410 689 3483 proventurum
712 3408 876 3480 monstrat,
909 3404 961 3483 qui
991 3403 1062 3463 loeo

139 3484 195 3546 Dei
212 3484 337 3567 sedent,
359 3493 389 3546 et
410 3485 544 3567 populos
566 3505 674 3568 regare
695 3488 725 3547 in
740 3486 835 3548 verbo
848 3484 970 3547 debent.
1005 3484 1062 3566 lgi-

193 3755 225 3827 ’]
246 3755 340 3812 ltattb.
358 3756 402 3813 24.
441 3754 488 3824 ⁰)
506 3755 533 3813 2.
553 3752 649 3810 Thess.
670 3748 696 3806 2.
