2392 4170
437 259 531 316 boot.
549 257 628 317 llsrt.
649 255 730 316 Lutb.
994 254 1059 327 373

132 428 219 503 sunt,
249 419 391 488 sufficiat.
444 422 561 485 Rursus
584 422 707 501 viduas,
740 440 821 503 quae
841 432 984 505 parentes
1007 430 1060 485 aut

132 506 216 580 illios¹
235 505 382 585 babeant,
400 525 500 587 seque
517 508 659 587 secernit,
682 506 804 569 dicans:
828 506 860 570 Si
883 525 944 588 qua
967 506 1060 569 vidua

133 589 215 652 lilios
232 597 284 651 aut
301 595 433 670 nepotes
446 589 548 670 habet,
571 590 668 651 discat
680 592 809 671 primum
828 589 953 653 domum
971 610 1059 652 suam

132 693 255 755 regere,
283 681 315 734 et
336 679 473 736 mutuam
497 674 595 735 vicem
624 673 804 818 parentibus
826 674 971 753 raudera·
999 673 1060 736 hoe

133 759 214 818 enim
237 761 400 837 acceptum
427 763 475 819 est
496 775 600 818 coram
653 775 701 822 eo.
755 757 866 818 Veram
889 765 991 820 autem
1016 759 1059 818 vi-

132 839 225 902 duam
247 840 427 921 faciteam,
454 859 535 921 quae
556 859 615 903 nec
636 847 779 922 parentes
802 859 862 903 neo
882 840 980 921 fliius,
1002 860 1061 903 nac

133 924 213 986 ullos
235 922 357 1004 babeat,
379 943 399 984 a
421 925 530 1004 quibus
553 931 684 988 curetur.
728 922 779 986 Sic
798 924 944 998 autam1)
970 923 1059 986 dicit:

131 1007 221 1084 Quas
242 1013 346 1068 autem
369 1025 441 1069 vere
463 1007 556 1068 vidua
574 1012 607 1071 et
624 1007 763 1069 solitaria
779 1013 835 1085 est,
858 1015 961 1088 sperat
973 1005 1002 1082 ²)
1014 1008 1058 1078 ,in

131 1091 247 1168 Deum,
276 1091 371 1152 instat
399 1091 589 1153 orationibus
619 1096 651 1153 et
672 1090 935 1153 obsecrationibus
959 1091 1008 1152 die
1030 1096 1061 1151 et

133 1179 297 1319 noctlnter
318 1257 373 1318 has
395 1257 488 1339 igitur
506 1223 625 1320 invenit
643 1258 704 1319 duo
726 1276 853 1339 genera,
875 1276 955 1339 quae
977 1257 1064 1319 dam.
1171 1295 1175 1300 -

134 1347 195 1420 net,
218 1360 312 1401 unum
331 1338 414 1420 quod
428 1341 459 1402 in
472 1341 588 1403 deliciis
600 1343 685 1419 vivit,
707 1336 825 1402 scilicet
843 1360 958 1420 earum,
981 1360 1060 1423 quae

133 1424 247 1486 relictis
261 1423 320 1484 sibi
338 1422 448 1504 opibus
466 1425 575 1487 divites
595 1431 675 1503 sunt,
696 1423 778 1485 uude
795 1442 830 1485 se
844 1426 926 1504 ipsas
941 1432 1059 1504 curent,

133 1507 173 1569 de
196 1507 233 1568 iis
256 1505 343 1571 dicit:
366 1505 454 1582 Quae
468 1510 499 1569 in
512 1507 628 1568 deliciis
643 1514 699 1588 est,
722 1508 829 1568 vivens
854 1515 974 1569 mortum
996 1515 1059 1587 est3

134 1591 277 1670 alterum,
311 1589 395 1670 quod
423 1590 461 1652 ab
484 1591 618 1653 ecclesia
647 1598 824 1671 susceptum
848 1599 913 1653 erat
934 1598 1060 1672 propter

134 1679 363 1756 paupertatem,
392 1673 447 1735 ssd
469 1676 528 1736 hae
556 1693 625 1736 oum
648 1682 751 1735 esseut
772 1675 921 1753 iuniores,
951 1675 1059 1736 alienis

134 1756 327 1819 facultatibus
348 1759 508 1838 saginatae
531 1757 738 1820 lasciviebant.
775 1757 816 1819 Et
838 1759 966 1838 quaein
989 1777 1059 1839 pro·
1124 1758 1128 1769 “

134 1841 201 1922 pria
228 1846 410 1923 paupertate
438 1861 458 1902 a
485 1840 571 1904 nullo
602 1840 730 1901 fuissent
757 1842 885 1922 petitae,
917 1860 1000 1901 nunc
1027 1842 1057 1900 in

134 1924 243 1986 alienis
266 1923 424 1988 laboribus
447 1927 577 2006 pingues
600 1925 680 1985 ultro
702 1930 811 2005 petunt
833 1923 955 1986 nubere
997 1923 1058 1986 Sed

133 2027 191 2070 neo
212 2007 273 2070 hoo
295 2009 325 2069 in
349 2009 395 2069 eis
417 2008 542 2071 damnat
555 2008 678 2084 Paulus,
701 2007 784 2086 quod
805 2006 921 2068 nubere
943 2007 1059 2084 volunt,
1125 2054 1126 2058 ,

133 2090 188 2152 ssd
212 2089 295 2170 quod
318 2089 411 2152 iidem
434 2094 563 2174 primam
585 2091 701 2153 irritam
724 2091 880 2170 leserunt,
911 2092 956 2152 sic
978 2091 1058 2151 enim

134 2173 220 2234 dicit:
256 2172 413 2235 Habentes
442 2173 686 2253 damnationem,
715 2175 786 2255 quia
814 2172 906 2235 fldem
930 2174 1058 2254 primam

134 2256 249 2315 irritam
272 2255 420 2319 fecerunt.
475 2259 599 2338 Alioqui
621 2265 729 2320 contra
756 2277 791 2319 se
810 2258 911 2338 ipsum
934 2256 1059 2339 diceret,

136 2336 187 2400 ubi
209 2338 362 2417 sequitur:
386 2339 467 2401 Volo
485 2343 619 2402 iuniores
638 2341 763 2423 nubere,
786 2340 866 2402 filios
884 2359 1059 2421 procreare.

134 2419 224 2482 Fides
258 2438 331 2481 vero
361 2422 391 2481 in
426 2441 464 2483 eo
493 2424 562 2484 loco
593 2429 699 2485 votum
729 2443 791 2484 nun
821 2429 926 2504 potest
947 2422 1060 2506 signill-

136 2523 219 2584 care,
240 2521 342 2584 neque
365 2505 446 2566 euim
462 2512 613 2568 voverant
629 2505 810 2567 viduitatem
831 2525 933 2586 neque
949 2509 980 2567 in
996 2514 1062 2569 tota

135 2588 292 2670 Scriptura
318 2585 395 2649 fldes
425 2595 530 2650 votum
560 2587 729 2669 significatJ
762 2588 817 2649 sed
844 2587 921 2651 fldes
949 2589 1061 2652 christi

135 2691 173 2735 ee
194 2678 260 2753 est,
310 2690 396 2749 uam,
421 2677 453 2733 ut
475 2673 611 2734 securius
635 2669 797 2747 nuberent,
819 2671 1061 2754 abnegaverunt,

137 2760 170 2816 et
190 2754 229 2816 ad
250 2689 435 2816 lubaismnm
460 2756 509 2817 vel
525 2755 730 2838 gentilitatem
746 2754 910 2835 redierunt,
932 2754 962 2815 id
978 2755 1061 2834 quod

136 2836 271 2920 probant
292 2839 538 2901 circumstantiae
559 2846 590 2900 et
612 2837 774 2918 sequelae3
802 2838 938 2917 sequitur
965 2841 1061 2899 euim:

135 2921 200 2983 Iam
222 2921 302 2983 enim
326 2921 477 3004 quaedam
510 2927 592 2984 retro
622 2939 793 2982 conversae
819 2927 891 2982 sunt
913 2926 986 3002 post
1006 2919 1062 2983 Sa·

135 3010 257 3148 meandr3
288 3009 466 3067 etiterum:
502 3004 598 3067 Simul
626 3003 747 3066 discunt
768 3005 870 3085 loqui,
899 3021 979 3084 quae
1000 3006 1062 3065 non

134 3106 218 3168 expe
240 3088 274 3151 it.
828 3137 831 3142 ,

221 3170 306 3233 Haec
328 3178 412 3233 certe
434 3171 575 3233 dicuntur
596 3170 635 3232 ds
656 3175 815 3252 apostasia
846 3169 917 3231 fldei
938 3176 970 3231 at
991 3168 1064 3231 doc·

136 3254 251 3334 trinae,
274 3261 307 3314 ut
328 3260 403 3318 satis
425 3261 532 3318 notum
554 3260 611 3317 est.
654 3252 775 3316 Eodem
797 3254 905 3334 spiritu
928 3254 1010 3314 etin
1033 3255 1063 3317 2.

137 3335 177 3399 ad
199 3337 334 3408 limoth.
356 3336 477 3400 scribit:
521 3337 637 3401 Damas
666 3357 716 3399 me
742 3336 909 3418 reliquit²)
933 3336 1063 3418 diligens

136 3420 199 3481 hoo
222 3421 379 3501 seculum3
412 3430 443 3483 et
468 3424 592 3484 iterum:
616 3417 701 3500 Scis,
724 3419 807 3501 quod
829 3421 929 3481 aversi
952 3427 1065 3481 sunta

138 3521 188 3564 me
211 3522 330 3583 omnes,
352 3505 496 3584 quisunt
523 3507 552 3568 in
576 3504 659 3566 Asia
695 3502 726 3565 si
750 3504 831 3564 enim
853 3521 916 3566 non
939 3522 1064 3584 peccas·

136 3703 337 3848 (lorbllqbbtw‘
356 3704 463 3775 priore:
482 3705 565 3762 enim.
601 3705 633 3774 2)
655 3703 738 3760 [bida
757 3703 888 3778 speravit.
926 3700 1059 3774 3)1bid.=
