2392 4170
335 260 442 323 uellem
462 261 544 317 noe.
557 261 590 317 x.
608 259 730 320 rem.
748 276 774 317 s
788 259 866 321 roto
998 255 1063 330 tta

226 415 265 476 Et
286 414 366 496 quid
381 416 499 485 ludunt
516 416 562 479 bis
584 417 646 482 suis
663 415 879 493 locutionibus,
900 416 957 478 nisi
980 413 1063 494 quod

143 497 210 559 aliis
232 499 354 579 quidem
382 500 481 562 verbis
510 500 590 561 idem
624 500 706 582 quod
739 500 895 581 Pelagiani
929 497 1063 560 docent?
1112 528 1115 540 ι

143 582 191 642 Au
212 581 325 645 reieire
347 592 448 665 putas,
471 583 579 664 quibus
601 583 702 645 verbis
724 585 881 645 veritatem
904 581 1010 644 eludas
1034 588 1065 642 et

143 665 338 729 mendacium
359 667 497 729 statuas?
541 666 622 744 Quid
643 667 724 729 enim
746 687 786 728 sx
807 667 998 729 sadoctrioa
1013 685 1063 725 ca-

142 750 188 829 pit
208 748 341 826 auditor,
361 769 451 831 quam
474 770 509 810 se
535 758 605 831 post
634 756 792 831 acceptam
821 751 951 830 gretiam
980 767 1064 811 mun·

142 832 215 894 dum
236 835 440 897 essentiam
464 836 562 914 gratia
583 834 621 895 ad
644 835 764 914 peceati
781 834 932 896 ulterioris
954 852 1063 914 purgo-

142 917 257 979 ticoem
280 935 342 978 non
365 917 479 998 egere?
500 916 530 978 id
548 916 631 997 quod
642 917 852 998 propriissime
864 916 1065 996 Pelagianuns

142 1007 198 1076 est,
221 998 276 1059 sed
299 999 355 1061 sub
378 1000 478 1062 verbis
492 1000 652 1062 catholicis
663 1000 865 1080 propositum.
887 1000 933 1062 ltu
943 999 1065 1062 Christo

143 1101 203 1145 non
226 1082 340 1147 habeut
362 1103 441 1165 opus
462 1083 500 1144 ad
523 1085 678 1159 iustitiam,
700 1085 758 1144 nisi
779 1085 810 1143 in
830 1083 1064 1163 pri-sinerent

142 1166 344 1243 contritionis,
367 1168 424 1228 nisi
445 1167 526 1246 quod
549 1166 708 1248 Pelagiani
728 1185 787 1228 neo
807 1167 877 1248 ipso
898 1168 997 1248 primo
1020 1167 1064 1229 iu-

140 1250 232 1311 stanti
255 1251 354 1329 gratia
374 1249 511 1330 indigere
532 1249 703 1311 voluerunt.

225 1329 290 1396 Gur
310 1352 371 1394 uon
396 1333 541 1396 damnent
563 1330 748 1413 Gregoriutn
770 1351 863 1414 super
885 1331 947 1394 lob.
969 1334 997 1397 9.
1021 1331 1065 1394 di·

141 1421 277 1480 centem:
306 1415 437 1478 Sanctus
460 1418 513 1478 vir.
558 1415 637 1492 Quia
659 1435 751 1479 omne
779 1417 919 1479 meritum
947 1417 1065 1479 virtutis

140 1504 267 1563 nostrae
289 1501 394 1561 vitium
417 1519 486 1561 esse
509 1500 675 1580 transpicit,
697 1499 724 1562 si
746 1499 785 1562 ab
807 1500 928 1560 interno
950 1497 1065 1560 arbitro

141 1580 278 1648 districts
298 1581 458 1662 iudicetur,
480 1581 551 1645 ideo
571 1590 655 1644 recte
678 1583 847 1662 subiungit:
880 1581 913 1643 Si
934 1581 1066 1645 voluerit

141 1665 331 1729 contendere
354 1686 423 1728 curn
447 1685 495 1742 eo,
517 1685 579 1726 non
601 1667 755 1747 poteritel
768 1684 861 1727 unum
876 1663 1066 1744 respondere

140 1766 196 1828 pru
221 1748 311 1811 mille.
356 1749 467 1810 Nonne
489 1749 650 1810 articulum
678 1749 760 1811 huno
788 1767 890 1810 meum
919 1749 972 1809 hic
992 1746 1064 1808 Gre-

139 1833 247 1909 gorius
269 1830 427 1895 evidenter
448 1831 562 1894 docet?
603 1830 686 1893 Idem
710 1850 802 1912 super
823 1830 897 1892 illud
919 1831 1065 1893 eiusdem:

139 1913 173 1975 Si
186 1914 331 1980 ¹habuero
362 1915 517 1996 quippiam
540 1916 671 1992 iustum,
693 1933 757 1977 uon
778 1914 988 1995 respondebo,
1011 1912 1065 1973 sed

138 2016 243 2063 meum
265 1997 398 2060 iudicem
428 1998 626 2078 deprecabor.
670 1998 710 2060 Ut
730 1999 820 2074 enim,
842 1998 948 2078 inquit,
971 2015 1066 2076 saepe

139 2080 286 2160 diximus,
309 2083 409 2142 omnis
430 2082 564 2143 humana
593 2082 707 2144 iustitia
728 2082 875 2143 iniustitia
903 2099 972 2141 esse
993 2098 1067 2141 oon.

140 2165 283 2240 vincitur,
304 2165 329 2222 si
352 2163 488 2225 districte
507 2164 665 2226 iudicetur.
702 2219 706 2227 ,
797 2178 801 2188 ’

224 2247 262 2308 Et
284 2247 474 2328 Augustinus
499 2247 549 2309 lib.
572 2249 599 2312 9.
623 2245 777 2312 confess:
811 2247 877 2308 Vae
904 2246 1062 2309 bominum

138 2331 222 2397 vitae
251 2338 520 2410 quantumcunque
551 2329 711 2406 laudabili,
744 2331 768 2391 si
798 2336 918 2391 remota
948 2329 1066 2389 miserie

139 2413 248 2481 cordia
269 2412 428 2475 iudicetur.
474 2413 566 2475 Vides
588 2431 682 2493 ergo,
704 2430 723 2474 o
746 2415 837 2474 miser
863 2413 1066 2490 sanctissime,

139 2513 270 2575 quorum
300 2498 467 2557 sententias
488 2497 583 2576 impia
614 2503 666 2556 tua
688 2495 776 2559 Bulla
805 2494 981 2557 damnaris?
1003 2514 1064 2554 cer·

139 2586 205 2646 tum
227 2585 274 2641 est
296 2597 364 2640 cum
386 2580 435 2639 his
455 2578 630 2661 Scripturas
650 2586 681 2639 et
692 2577 814 2641 Petrum
823 2579 983 2640 sententiis
999 2596 1064 2658 per·
1118 2652 1121 2657 ¹

138 2681 265 2729 manere
287 2669 318 2724 et
340 2669 371 2722 le
390 2661 506 2723 idolum
524 2661 761 2723 abominationis
784 2681 853 2721 oum
865 2659 977 2722 fiducia
994 2679 1066 2722 oon·

139 2751 286 2806 temnere.
328 2745 397 2806 Non
421 2764 496 2825 ergo
519 2763 605 2806 meus
625 2744 676 2804 ille
698 2744 853 2818 articulus,
877 2743 931 2805 sed
943 2743 1066 2819 Esaiae,

139 2827 250 2904 David,
274 2827 459 2907 Salomonis,
481 2828 578 2904 Pauli,
601 2827 721 2903 Christi,
735 2827 908 2906 Augustini,
924 2824 1066 2904 Gregorii

138 2912 282 2978 inventus
311 2917 374 2988 est,
409 2931 477 2973 oum
512 2910 620 2990 quibus
648 2909 787 2972 damnari
818 2909 857 2971 ab
885 2909 1064 2971 antichristo

137 2996 198 3055 isto
222 2994 354 3075 superba
382 2994 482 3075 gloria
503 3002 559 3056 est.
602 2993 669 3056 Hac
696 2994 777 3055 enim
807 2992 961 3056 diabolica
982 2991 1066 3054 dem·

138 3078 266 3144 cadone
288 3078 424 3140 firmatur
446 3078 551 3158 opinio
573 3077 643 3154 illa,
670 3096 783 3158 papam
806 3075 1015 3141 antichristum
1035 3084 1067 3137 et

138 3160 311 3229 Romanam
339 3160 461 3226 Curiam
498 3160 602 3222 sedem
637 3169 766 3222 satanae
804 3167 836 3220 et
862 3159 1064 3221 abominatio·

138 3262 209 3304 nem
242 3243 443 3305 desolationis
477 3261 546 3305 esse
577 3244 608 3304 in
643 3242 801 3324 Babylone
831 3244 892 3304 ista
926 3244 1064 3322 mpstica.

139 3327 280 3406 Amplius
309 3346 371 3387 uon
394 3326 470 3388 fallit
500 3327 603 3408 specie
626 3327 776 3404 veritatis,
809 3327 901 3389 sictut¹
916 3325 1065 3389 hacteuus

135 3408 221 3486 feeit,
244 3408 579 3492 sed-proditseipsum
602 3408 791 3472 abominatio
814 3411 873 3470 ista
892 3410 1012 3489 pocomi
1034 3415 1065 3470 et

138 3492 328 3573 perditionis.
653 3491 657 3500 '
774 3528 776 3530 v
