2392 4170
376 248 510 305 librorum
529 251 598 305 iuris
617 252 742 308 canonici
760 255 811 306 ste.
994 244 1057 317 266

217 403 268 469 26.
292 403 406 484 Pupam
431 405 542 467 habere
563 411 758 486 potestatem,
791 412 864 468 vota
885 405 953 468 Deo
977 404 1059 469 factu

103 543 104 546 ,
135 485 328 553 dissolvendi
350 495 380 548 et
402 488 620 560 commutandi,
643 489 680 551 de
702 496 764 552 vot.
787 498 819 551 et
840 509 889 553 vo.
912 488 974 554 red.
1032 494 1047 555 ⁵.

217 566 425 645 Qucdetium
450 581 556 637 contre
579 583 609 634 et
630 592 723 654 supra
745 573 842 634 Deum
865 579 921 636 est.

217 653 268 719 26.
291 651 379 728 Quod
411 675 493 735 papa
527 655 632 732 doust,
655 676 741 734 sum,
769 657 821 737 qui
849 655 949 717 differt
969 675 1057 717 suum

136 737 387 799 votum-,solvere
409 758 448 798 ex
470 747 636 820 praecepto
660 739 729 818 Dei,
758 759 820 801 uon
852 741 947 801 teneri
969 739 1060 821 culpa

136 819 217 899 rupti
242 820 314 881 voti.
359 821 482 885 ibidem.

217 900 306 977 Quod
329 904 457 984 perinde
479 918 541 982 est,
574 925 612 966 ao
634 906 657 965 si
682 905 807 987 dixeris,
840 925 953 987 papam
988 924 1057 967 esse

133 986 324 1066 superiorem
348 987 426 1050 Deo.

214 1069 265 1132 27.
288 1067 379 1144 Quod
402 1090 484 1151 pepe
506 1070 615 1145 docet,
638 1071 752 1133 nullum
774 1090 868 1152 posse
898 1073 966 1133 Deo
996 1091 1057 1133 ser·

132 1152 197 1212 virs
221 1152 360 1213 meritum
385 1154 433 1215 vel
457 1155 629 1234 coniugem.

192 1292 193 1296 ,
218 1234 294 1296 (lum
318 1243 418 1298 temen
442 1236 596 1298 Abraham
626 1245 656 1298 et
679 1237 763 1297 multi
785 1238 836 1299 alii
859 1238 963 1301 Sancti
986 1257 1056 1301 eon·

133 1319 229 1398 iegati
251 1318 361 1381 luerint
383 1328 414 1381 et
436 1320 519 1382 Deus
541 1322 610 1401 ipss
631 1322 855 1383 matrimonium
885 1323 1058 1384 instituerit.

132 1400 244 1465 Procul
273 1402 366 1465 dubio
398 1405 442 1464 sic
472 1405 578 1465 iterum
613 1404 808 1466 antichristus
842 1403 981 1466 ascendit
1011 1424 1058 1465 su·

134 1504 190 1565 pra
213 1485 323 1549 Deum.

218 1568 268 1632 28.
292 1568 381 1645 Quod
406 1589 484 1650 pape
521 1571 642 1631 inutiles
676 1591 748 1633 suas
780 1572 864 1652 leges
897 1576 1059 1652 comparat

133 1650 221 1713 Euan
245 1651 311 1712 eliis
333 1660 364 1713 et
385 1662 510 1715 sauctus
533 1654 717 1734 Scripturae.

217 1670 306 1810 {uod
329 1737 359 1796 in
382 1737 521 1797 Decretis
543 1757 638 1817 saepe
659 1739 777 1818 repetit.

215 1820 265 1882 29.
290 1819 404 1898 Pupam
426 1820 539 1881 habere
561 1827 760 1901 potestatem,
782 1840 900 1881 sacram
924 1819 1057 1901 Scriptu-

132 1921 195 1962 ram
220 1921 275 1982 pro
305 1921 361 1963 suo
385 1903 509 1965 arbitrio
541 1913 571 1964 et
597 1905 755 1966 voluntate
786 1903 1005 1984 interpretandi
1023 1910 1058 1969 ⁴et
1096 1933 1099 1953 ι

133 1983 316 2061 docendi'),
339 1994 369 2046 et
391 1986 465 2046 nulli
486 1988 662 2067 permittere
689 1987 817 2049 eandem
841 1987 942 2063 elitsr,
964 2005 1056 2065 quam

131 2069 197 2147 ipse
220 2088 302 2148 popa
324 2069 396 2130 velit
419 2071 617 2150 interpretari.

217 2150 285 2226 Quo
308 2172 343 2212 se
365 2154 453 2232 ponit
474 2173 567 2233 supra
590 2155 714 2214 verbum
737 2154 794 2214 Dei
823 2161 852 2213 et
879 2152 962 2213 idem
985 2171 1056 2215 cou-

133 2234 253 2294 vellitet
276 2237 454 2312 exstinguit,
478 2256 545 2296 curn
571 2245 672 2298 tamen
687 2237 798 2298 Paulus
815 2241 843 2300 1.
857 2235 991 2298 Corinth.
1006 2237 1056 2299 14.

133 2315 260 2377 dixerit:
291 2317 381 2394 Quod
404 2320 428 2378 si
451 2320 501 2379 alii
524 2320 693 2381 revelatum
711 2320 801 2381 luerit
822 2319 950 2394 sedenti,
973 2319 1057 2400 prior

132 2406 243 2460 taceat.
704 2432 707 2439 ,

217 2485 267 2548 30.
291 2483 380 2559 Quod
402 2504 463 2545 uon
483 2505 565 2565 pape
582 2486 779 2567 ascriptum,
793 2484 847 2546 sed
861 2485 1015 2565 Scriptura
1038 2501 1057 2544 a

133 2569 424 2647 pepaeutoritatem,
438 2569 585 2647 vigorem,
594 2569 724 2630 roburet
741 2568 917 2649 dignitatem
933 2567 1054 2628 hebeat.

216 2648 275 2725 Qui
298 2670 376 2711 unus
400 2671 439 2711 ex
461 2650 679 2730 principalibus
702 2657 750 2712 est
770 2650 914 2728 articulis,
931 2657 1057 2730 propter

132 2751 220 2813 quem
243 2752 324 2814 papa
347 2740 380 2794 ut
401 2753 490 2795 verus
513 2735 708 2797 antichristus
737 2740 886 2812 meretur,
919 2742 953 2793 ut
974 2732 1055 2792 Chri-

133 2823 195 2877 stus
219 2835 288 2877 eum
311 2835 464 2878 unacum
487 2818 637 2897 regimine
665 2837 722 2878 sun
752 2818 880 2879 coelitus
910 2816 1056 2895 destruet,

133 2899 211 2960 sicut
233 2899 265 2961 S.
288 2901 398 2960 Paulus
421 2900 553 2961 futurum
577 2901 738 2981 praedixit.

213 2982 248 3043 ln
270 2984 316 3044 his
340 2991 370 3043 et
392 2984 565 3044 huiusmodi
588 2984 739 3060 articulis,
766 3003 896 3065 quorum
918 2983 1055 3045 innume·

133 3066 267 3129 rabiliter
288 3066 391 3147 plures
412 3075 492 3145 suut,
515 3086 621 3145 omnes
644 3076 745 3127 tamen
768 3086 807 3128 eo
828 3066 999 3141 tendentes,
1023 3073 1056 3127 ut

133 3169 213 3230 papa
235 3151 275 3210 sit
302 3155 332 3210 et
355 3148 421 3209 Deo
446 3158 476 3209 et
497 3150 638 3211 omuibus
661 3150 834 3211 homiuibus
856 3150 1004 3232 superior,
1027 3154 1058 3209 et

133 3232 197 3314 ipss
220 3233 305 3294 solus
326 3233 440 3293 nemini
455 3234 643 3312 mortalium,
668 3234 720 3295 sed
744 3234 802 3314 ipsi
824 3252 942 3312 omues,
964 3234 1054 3293 etiam

133 3313 215 3377 Deus
238 3324 268 3376 et
290 3315 404 3396 angeli,
426 3316 487 3376 sint
509 3317 648 3396 subiecti,
673 3324 706 3379 ut
726 3335 828 3397 papae
850 3316 989 3397 discipuli
1012 3315 1054 3376 di·

134 3406 219 3475 cant,
243 3418 356 3480 papam
378 3416 447 3458 esse
469 3418 532 3460 rem
555 3401 742 3477 mirabilem,
770 3419 832 3460 unu
855 3418 924 3461 csse
945 3399 1053 3478 Deum,

134 3500 193 3542 nnn
227 3501 295 3543 esse
318 3481 472 3542 homiuem
497 3481 654 3565 (fortassis
677 3483 832 3545 diabolum
856 3491 887 3543 et
914 3490 1053 3543 satanam

140 3651 558 3672 W
664 3656 666 3661 ι
770 3650 773 3655 “

170 3750 200 3814 ll
220 3749 252 3805 In
270 3749 311 3804 ed.
330 3750 416 3821 orig.:
435 3749 561 3806 ducendi.
