2392 4170
228 233 291 288 Ass.
308 249 387 307 omn,
405 239 462 299 stt,
477 234 513 300 D·
531 233 568 297 ll.
586 234 615 297 1.
633 253 685 306 per
703 238 733 294 Β.
741 237 833 301 damn.
845 255 871 301 a.
882 238 963 303 1520.
1002 237 1064 307 155

157 390 302 455 dsWetts
323 389 347 466 1,
369 411 401 471 p.
423 390 522 472 531),
545 392 648 457 medio
670 391 802 474 denique
824 396 1066 463 moneodanum

155 477 189 536 rio
207 495 236 543 a.
254 477 333 542 1521
359 481 459 544 totum
483 474 593 539 librum
616 477 698 558 typis
714 479 896 559 impressum
907 480 1064 562 tuisscop·

156 564 225 638 paret
247 578 288 618 ex
311 558 445 638 epistola
466 580 486 620 a
502 558 635 621 Luthero
657 560 707 621 die
729 563 953 628 sextodecimo
969 583 1064 625 mens.

156 642 277 711 ianuarii
299 661 330 709 a.
355 640 436 708 1521
461 642 621 723 Spalatino
644 645 755 723 missa,
777 647 808 707 in
831 666 892 726 qua
914 646 966 708 ille
987 647 1065 708 haec

158 725 263 787 scribit:
287 727 447 803 „Assertio
472 745 542 788 maa
563 725 673 789 Latina
693 728 731 790 ad
753 735 785 790 te
805 731 899 791 missa
911 732 995 810 prius
1013 729 1065 793 ali·

156 815 215 887 prot
223 808 476 888 quaternionibus
487 827 570 877 nunc
581 819 647 872 tota
660 813 745 875 venit
757 831 825 877 cum
839 813 1063 894 supplemento.

157 892 191 952 'lli
208 912 247 954 ne
266 892 385 955 iudices
409 913 479 957 earu
502 913 659 974 asperam,
681 895 848 963 uernacula
869 898 926 957 erit
943 896 1064 976 planior

158 975 393 1056 etsimplicior.“
418 974 474 1058 (cf.
498 977 584 1039 Luth.
607 977 687 1059 Epp.
716 977 764 1043 ed.
792 977 830 1038 de
852 979 957 1040 Wette
986 980 1008 1056 1,
1033 1000 1063 1059 p.

160 1060 234 1138 513).
267 1058 431 1120 Lutherum
454 1061 534 1120 enim
558 1062 673 1141 ipsum,
695 1060 726 1121 id
749 1061 832 1141 quod
855 1063 883 1122 ei
905 1061 944 1122 ab
976 1063 1063 1124 initio

159 1142 296 1203 nauimo
320 1149 386 1203 erat
417 1143 472 1211 (cf.
494 1142 583 1205 Luth.
604 1144 685 1224 Epp.
715 1143 764 1206 ed.
793 1143 831 1204 de
860 1145 963 1205 Wette
989 1145 1012 1217 1,
1034 1165 1062 1225 p.

159 1223 355 1306 528),55515
377 1233 450 1306 post
471 1226 583 1287 editam
607 1227 734 1288 latinam
756 1228 967 1289 Assertionem
991 1227 1062 1288 libe-

158 1308 220 1369 u'ore
240 1310 491 1389 interpretatione
519 1311 727 1388 germanicam
756 1328 903 1371 exarasse
916 1372 919 1377 ,
931 1311 1063 1370 cernitur

160 1409 189 1466 er
205 1392 330 1472 epistola
352 1394 418 1457 eius
449 1392 498 1453 die
518 1393 666 1455 vicesimo
695 1394 795 1473 primo
818 1412 858 1453 m.
879 1392 1016 1453 Januarii
1035 1412 1062 1457 a..

162 1475 221 1538 1521
237 1472 397 1556 spalatino
421 1474 523 1552 missa,
544 1476 575 1535 in
588 1494 648 1555 qua
669 1474 712 1536 illi
725 1476 847 1539 scribit:
869 1474 1064 1554 „Vernacula

162 1557 277 1618 Assertio
302 1556 359 1618 sub
381 1560 463 1639 typis
474 1559 631 1631 formatur,
641 1560 728 1620 cuins
742 1566 865 1640 gustum
883 1558 971 1618 mitto
983 1579 991 1617 r
1003 1576 1063 1617 me·

161 1637 202 1701 lior
220 1648 262 1702 est
282 1660 375 1721 qnam
400 1643 439 1701 sit
459 1641 574 1702 latina“
599 1642 703 1724 (Luth.
727 1642 806 1723 Epp.
830 1642 877 1704 ed.
901 1642 939 1702 de
959 1641 1063 1704 Wette

160 1720 217 1804 Lp.
236 1725 295 1790 545
317 1724 387 1785 coll.
408 1745 439 1805 p.
462 1727 552 1798 567).

222 1807 382 1870 ilditiones
402 1809 629 1874 vetustissimae
650 1807 742 1869 huius
763 1806 830 1869 libri
853 1815 939 1869 sunt:

188 1891 271 1951 Asser
294 1889 345 1972 ltin
369 1892 505 1967 omnium
528 1889 733 1968 puticuloruml
768 1891 808 1954 ld.
843 1889 984 1967 lutheri,
1009 1910 1065 1968 per

188 1971 296 2036 Bullam
312 1967 468 2056 Leonile
494 1975 694 2035 novissimam
717 1971 950 2055 damnatoruml
986 1973 1062 2034 Wit-

188 2057 365 2137 tcmbergae.
390 2059 481 2119 Anno
504 2056 544 2118 Μ.
555 2058 591 2118 D.
604 2055 674 2120 XX.
695 2057 729 2117 ln
743 2056 813 2119 line.
838 2056 951 2132 Τέλος.
962 2058 992 2131 4.
1015 2056 1062 2116 Ti·

186 2140 232 2201 tuli
253 2141 370 2222 pagina
392 2141 487 2220 signis
510 2139 742 2222 typographicis
765 2147 812 2201 est
834 2147 952 2203 ornata.
1152 2204 1156 2213 ,

310 2224 313 2229 ’
765 2223 898 2299 (Punner
922 2220 975 2305 lX,
998 2227 1062 2294 77.)

200 2304 336 2366 Assertio
361 2308 496 2367 omnium
520 2306 716 2367 articulorum
729 2306 851 2367 Martini
864 2305 996 2375 Lutheri,
1009 2326 1064 2385 per

183 2386 292 2450 bullam
314 2389 429 2450 Leonis
451 2389 479 2449 X
497 2389 697 2451 novissimam
721 2388 945 2451 damnatorum.
985 2388 1063 2449 (lum

184 2473 371 2552 praelatione
391 2472 514 2533 Lutheri
538 2472 576 2533 ed
592 2471 760 2533 Fabianum
785 2472 949 2550 Foelicem‚
971 2471 1063 2551 Equi-

183 2558 236 2616 tem
259 2555 462 2618 Germanum.
486 2554 644 2616 Wittemb.
667 2555 760 2635 1520,
783 2557 812 2618 4.
998 2552 1001 2559 “

696 2644 743 2714 (v.
766 2638 794 2698 d.
817 2636 913 2699 Hurdt
936 2638 968 2715 lt,
991 2639 1061 2714 69.)

200 2721 337 2783 Assertio
370 2723 507 2783 omnium
541 2721 748 2782 Articulorum
785 2720 907 2780 Martini
940 2719 1063 2780 Lutheri

181 2822 229 2882 per
258 2804 382 2866 Bullam
411 2805 523 2865 Leonis
544 2802 577 2866 X
599 2805 800 2865 novissimam
840 2804 1064 2864 damnatorum.

181 2883 244 2949 lion
267 2887 357 2949 audis
380 2888 511 2949 eundem
536 2906 658 2967 semper
670 2888 866 2963 cantilenam,
880 2886 986 2964 lector,
996 2905 1064 2965 pro·

199 2971 245 3032 ius
258 2970 394 3032 admove
406 2990 506 3047 aures,
529 2969 688 3030 miraberis
708 2970 910 3031 inexhaustae
928 2975 959 3028 et
970 2969 1062 3028 invic-

121 3061 136 3086 '
182 2989 388 3116 leveritatis
411 3073 533 3135 semper
555 3073 639 3114 nova
662 3072 763 3130 arma,¹
778 3071 881 3112 rursus
900 3053 1062 3132 impiorum

184 3135 341 3198 mendacia
362 3154 485 3216 semper
501 3136 585 3197 nuda
606 3143 638 3197 et
655 3134 850 3216 frigidissima
864 3134 990 3195 videbis.
1015 3136 1062 3196 Ad

183 3216 348 3281 labienum
381 3220 531 3295 Felicem,
562 3219 705 3296 Equitem
735 3218 922 3279 Germanum
956 3216 998 3297 (s.
1021 3219 1060 3296 l.)

183 3301 210 3362 ln
231 3301 310 3363 line:
332 3302 424 3363 Anno
448 3303 490 3365 M.
513 3303 550 3366 D.
573 3299 655 3364 XXI.
678 3302 783 3362 Mense
805 3300 914 3362 Martio
937 3303 964 3364 4.

131 3402 135 3407 ·
445 3392 454 3453 t
462 3405 491 3446 v.
514 3385 543 3450 d.
565 3384 663 3446 Hardt
685 3386 735 3450 88.
758 3385 874 3445 Panzer
896 3381 951 3460 IX,
976 3385 1060 3467 126.)

185 3465 293 3537 dsunt
309 3468 394 3533 tunt
416 3467 512 3549 tried)
536 3465 733 3532 oterurttrtet
756 3469 794 3530 D.
809 3465 921 3532 illusit
942 3466 1061 3551 55155,

182 3545 325 3699 lirim}
349 3549 782 3632 ltcuttrtefflutteuuertpttid)
805 3551 962 3633 tortumpt
983 3552 1060 3636 trun.

259 3651 303 3699 cut
324 3650 384 3717 erg.

219 3717 283 3779 Nos
320 3725 439 3780 textum
473 3683 661 3781 reddidimus
697 3717 864 3781 secundum
895 3718 1058 3780 editionem
