2392 4170
68 3792 139 3934 Ι

177 255 242 324 308
407 257 565 328 amnis
584 257 711 313 n.ss.a
729 255 883 311 muana

178 412 302 492 faciam,
324 415 375 472 sat
394 410 521 490 babens,
544 410 627 491 quod
650 410 697 470 his
708 410 944 489 absurdissimis,
967 409 1104 472 laborio-

179 494 308 556 sissimis
329 503 433 555 tamen
464 497 608 554 monstris
641 492 825 554 confitentur
856 513 927 555 sess
948 512 1019 554 ease
1041 493 1105 554 vio-

177 586 239 657 tos,
261 596 310 638 ms
332 595 405 638 sero
428 578 586 654 victorem,
609 576 681 637 dum
704 575 786 637 eliud
809 577 912 637 miseri
932 594 996 639 non
1018 574 1105 637 labo·

177 669 256 740 ηιιί,
276 679 368 740 quam
390 669 422 720 ut
443 659 601 740 effugiant
645 659 738 719 Vides
750 661 842 736 enim,
863 666 897 720 ut
917 658 1103 720 bichomi·

177 752 227 803 sta
254 751 403 823 perpetuo
430 762 525 823 opere
546 742 628 802 aliud
656 742 849 821 consociat,
879 760 972 821 quam
1001 749 1034 802 ut
1062 740 1106 802 di·

177 827 358 886 stinctiones
380 844 477 886 novas
499 826 640 906 reperiat,
662 844 717 905 pro
742 827 812 905 luga
834 844 891 885 sua
911 824 1104 902 adornanda,

178 927 249 969 uam
272 918 305 969 ut
328 927 376 969 me
395 907 557 969 invaderet
577 909 687 985 stiam,
708 927 748 967 ne
768 911 799 967 in
823 915 957 968 mentem
978 908 1104 986 quidam

178 993 271 1071 vonit,
294 1002 325 1051 et
347 991 505 1071 quomodo
526 999 633 1072 posset
653 991 745 1070 fugae
768 989 1014 1051 tamsollicitusl
1034 989 1104 1052 Ser-

179 1081 230 1134 rst
253 1093 302 1134 me
324 1074 477 1135 Dominus
500 1076 599 1153 lesus,
632 1092 670 1133 na
704 1073 827 1153 quando
858 1073 897 1135 ad
918 1075 975 1135 has
997 1072 1105 1134 distin·

179 1157 292 1238 guendi
315 1167 346 1217 et
366 1157 470 1238 effugii
501 1157 668 1235 quaerendi
696 1158 897 1217 necessitates
924 1156 1031 1236 adigat
1050 1155 1105 1218 ad·

178 1242 329 1301 versarius
350 1241 387 1300 in
403 1239 540 1321 proelio,
573 1247 636 1300 tum
663 1259 770 1298 resera
801 1241 900 1300 victus
927 1259 991 1300 ero.
1032 1239 1105 1320 Ego

176 1323 278 1383 adhuc
298 1324 394 1406 puris
403 1330 435 1383 et
455 1323 562 1383 solidis
584 1322 683 1382 verbis
705 1322 866 1403 Evangelii
888 1325 986 1400 nitor,
1009 1321 1104 1403 idque

177 1425 216 1467 so
237 1425 340 1486 seusu,
362 1424 454 1484 quem
474 1408 597 1502 ipsimet
618 1424 722 1465 verum
746 1425 815 1465 esse
838 1367 1024 1470 conceduht

262 1489 333 1549 Alia
353 1508 428 1568 ergo
452 1490 614 1549 autoritate
637 1488 813 1568 probandus
829 1495 878 1549 est
897 1490 955 1548 iste
963 1495 1105 1584 'papatus

176 1573 297 1652 impius.
340 1571 399 1631 Hic
419 1572 506 1631 locus
528 1571 674 1632 Matthaei
701 1590 765 1631 non
794 1572 852 1631 nisi
853 1570 913 1632 de
939 1572 999 1652 piis
1021 1570 1106 1632 aedi

177 1653 275 1716 ll'csth
296 1656 327 1714 in
349 1654 464 1734 Spiritu
493 1661 602 1714 sancto
636 1655 785 1732 loquitor,
819 1673 877 1714 nec
904 1663 1021 1734 petram
1045 1655 1105 1715 nisi

180 1737 333 1798 Christum
355 1737 462 1814 habet,
491 1756 549 1798 nec
576 1738 739 1799 ecclesiam
768 1738 826 1796 nisi
847 1744 943 1798 totam
976 1736 1106 1799 catholi-

179 1839 257 1899 cam,
278 1839 409 1901 eamque
430 1783 579 1898 sslnctam,
601 1821 632 1879 in
647 1838 708 1899 qua
718 1821 768 1880 et
759 1839 827 1899 ipse
838 1819 945 1882 Petrus
955 1826 1103 1903 tanquam

181 1902 349 1964 membrum
380 1903 599 1964 coaedificatur
620 1922 712 1983 super
743 1903 873 1963 eandem
903 1903 1105 1983 petram,in

178 2005 240 2066 qua
270 2004 379 2047 omnes
410 1985 575 2046 Christiani
600 1992 781 2067 aequantur.
832 1985 879 2046 De
905 1984 997 2046 rebus
1019 1987 1103 2047 enim

179 2071 294 2129 sanctis
316 2068 455 2128 Christus
482 2076 586 2128 noster
608 2069 756 2148 loquitur,
784 2088 860 2149 quas
888 2070 989 2149 impiis
1012 2068 1104 2130 tribui

179 2152 263 2211 nullo
286 2150 379 2212 modo
401 2150 481 2227 licet,
504 2159 537 2211 ut
558 2151 649 2232 plane
670 2153 730 2212 hoc
756 2153 881 2213 verbnm
906 2151 1104 2212 christinus

179 2234 247 2316 plus
261 2235 410 2313 pertineat
431 2234 469 2294 ad
492 2254 604 2315 papam
627 2253 718 2314 quam
730 2234 820 2294 illud:
844 2235 930 2295 Beati
952 2254 1105 2315 pauperes
1180 2229 1186 2250 ⁶

179 2318 296 2399 spiritu,
318 2324 371 2376 aut
385 2318 492 2394 simile,
515 2318 598 2397 quod
613 2320 815 2378 communiter
828 2319 969 2379 omnibus
985 2318 1106 2380 dicitur.

262 2399 364 2475 Quare
385 2402 499 2480 gratim
522 2402 641 2482 agimus
663 2401 747 2477 Deo,
782 2401 864 2480 quod
896 2402 978 2461 huno
1000 2402 1104 2462 locum

181 2483 237 2543 toti
260 2483 410 2545 ecclesiae
440 2491 472 2544 et
493 2485 634 2546 omnibus
663 2483 802 2544 fidelibus
831 2484 999 2564 aequaliter
1021 2502 1107 2545 com·

181 2584 304 2627 munem
326 2585 343 2626 a
367 2567 506 2628 manibus
529 2569 694 2648 tyrannicis
716 2567 943 2628 Thomistarum
966 2575 997 2626 et
1018 2568 1106 2647 papi·

179 2656 293 2710 starum
317 2653 492 2730 eripuimus,
515 2653 658 2730 quicum
681 2651 823 2711 Romano
845 2650 930 2711 idolo
945 2651 1103 2731 proprium

179 2731 290 2813 iecere,
311 2735 452 2814 sacrilegi
472 2742 533 2794 tam
555 2735 585 2794 in
609 2734 772 2794 ecclesiam
796 2734 989 2810 catholicam,
1011 2751 1106 2812 quam

179 2813 367 2896 Scripturam
390 2825 538 2878 sanctam
580 2817 661 2877 Ruet
687 2818 768 2877 enim
798 2835 878 2876 nunc
908 2822 1005 2877 totum
1027 2815 1105 2876 illud

180 2898 417 2960 abominationis
460 2900 575 2960 idolum
612 2900 702 2960 meris
746 2900 912 2960 mendaciis
956 2898 1107 2961 hactenus

179 2989 331 3059 erectum,
358 2982 464 3042 fultum
487 2991 579 3062 atque
605 2982 773 3043 defensum.
816 2981 973 3043 Praesidia
995 3000 1105 3043 eorum

179 3064 370 3144 obtinemus,
403 3085 488 3126 arma
515 3068 586 3127 forti
614 3065 810 3142 abstulimus,
844 3067 875 3125 iu
898 3066 1007 3144 quibus
1029 3083 1105 3126 con·

179 3144 304 3224 fidebat,
327 3146 449 3212 Golistb
473 3149 692 3209 decollavimus
714 3149 818 3228 gladio
841 3150 977 3228 proprio,
999 3154 1030 3208 st
1051 3147 1107 3209 Pa·

180 3230 327 3291 laestinos
348 3250 410 3292 non
435 3232 497 3292 alia
517 3240 633 3292 tortura
655 3239 847 3311 torquemus,
875 3250 967 3311 quam
996 3232 1107 3312 rapina

180 3332 245 3374 sua.
289 3314 400 3375 Arcem
414 3316 494 3374 enim
517 3313 606 3376 nobis
629 3316 658 3374 vi
672 3315 871 3390 abstulerunt,
893 3324 925 3375 at
945 3314 999 3375 illa
1014 3313 1106 3375 nobis

180 3396 255 3458 nibil
278 3397 439 3477 agentibus
461 3400 611 3477 percussit
631 3417 685 3458 eos
714 3400 743 3458 in
777 3397 965 3479 posteriora,
994 3397 1106 3478 sempl-

180 3489 359 3560 ternnmqus
380 3480 579 3561 opprobrium
601 3481 685 3542 dedit
706 3483 781 3561 illis,
809 3480 938 3559 cecidit,
972 3498 1010 3540 ao
1030 3479 1106 3542 foris

179 3563 261 3627 iacet
271 3582 387 3644 pronus
399 3563 554 3643 Dagon*)
567 3566 704 3630 istorum.
737 3565 866 3643 Idolum,
887 3564 1024 3642 inquam,
1046 3561 1109 3625 Ds-

239 3751 269 3824 ⁸)
291 3755 315 3807 i.
337 3750 410 3806 Sam.
428 3753 454 3808 b.
491 3753 533 3805 Pa.
555 3752 598 3811 78.
