2392 4170
128 262 192 328 418
339 260 444 318 Contra
460 259 608 315 Hemicum
626 273 719 328 regem
737 257 861 327 Angliaa

131 433 234 494 omnia
255 429 401 505 absurda,
434 448 514 511 qnae
536 429 652 511 Regem
673 430 765 488 istum
789 433 969 490 exactorem
992 433 1054 488 tan·

130 525 193 576 tum
209 513 241 597 1)
261 519 435 593 sequantur.
1040 566 1045 576 ,

213 600 255 659 At
276 597 368 677 longe
398 594 478 656 alind
513 604 559 655 est
592 603 720 674 utraque
756 615 826 674 pars
855 595 1044 655 Sacramenti

130 700 200 741 nam
225 698 291 740 eam
316 679 452 740 Christus
477 697 536 739 non
560 680 681 757 reliquit
701 677 845 757 liberam,
879 677 934 738 sed
957 678 1054 758 ipsam

131 771 161 824 et
185 782 271 823 nsum
294 763 359 822 cius
391 763 479 821 certic
514 769 544 820 et
566 763 679 841 apertis
710 760 809 820 verbis
831 763 971 823 instituit.
1016 759 1056 821 Et

130 865 201 907 meo
223 864 315 904 sensu
339 844 446 904 melius
469 853 499 903 et
522 846 613 903 tutius
635 843 729 915 soret,
758 863 869 922 aquam
903 862 965 905 non
1004 844 1055 902 mi-

130 929 208 989 sceri
232 930 323 1006 vino,
359 945 426 987 cum
455 928 495 986 sit
519 945 601 985 mere
634 925 811 1006 figmentum
835 927 1003 987 humanum
1028 934 1057 986 et

131 1013 302 1089 sinistram,
341 1010 401 1069 imo
437 1011 602 1089 pessimam
638 1008 751 1069 habeat
789 1010 1055 1090 significationem.

130 1093 200 1156 Non
223 1094 304 1154 enim
332 1092 485 1172 significat
512 1104 647 1152 nostram
680 1094 710 1152 in
735 1093 855 1154 Christo
878 1095 1056 1173 incorpora·

131 1179 263 1257 tionem,
297 1195 365 1235 cnm
401 1176 498 1235 simile
521 1177 640 1255 signum
670 1195 731 1235 non
754 1176 866 1237 habeat
889 1176 1056 1258 Scriptura,

131 1259 184 1322 scd
208 1258 292 1339 illud,
315 1258 398 1339 quod
419 1257 500 1321 Esai.
525 1260 551 1323 1.
576 1260 698 1320 dicitur:
744 1259 856 1320 Vinum
879 1267 964 1320 tuum
981 1261 1056 1320 mix·

131 1353 195 1406 tum
219 1352 265 1404 ast
287 1361 381 1422 aqna,
413 1342 473 1403 hoc
495 1351 551 1421 est,
576 1343 738 1423 purissima
758 1342 815 1403 Dei
837 1343 998 1424 Scriptura
1019 1344 1057 1403 vi·

132 1429 207 1488 tiata
238 1434 285 1488 eat
320 1427 459 1486 humanis
482 1425 711 1506 traditionibus,
746 1432 777 1486 et
804 1426 886 1506 quod
915 1427 1058 1508 impletur

132 1530 223 1592 quam
247 1511 381 1571 maxime
409 1511 438 1569 in
466 1509 528 1569 hoc
549 1509 765 1589 Sacramento,
796 1511 858 1569 imo
881 1511 988 1571 vinum
1012 1511 1058 1571 hic

131 1596 295 1674 inaquam
319 1601 415 1653 totum
440 1601 486 1654 est
510 1602 671 1664 mutatum,
705 1593 778 1652 nihil
802 1596 883 1675 cuim
907 1595 1055 1674 reliquam

133 1685 181 1739 cst
202 1677 364 1737 verborum
389 1677 443 1736 Dei
467 1678 497 1735 in
522 1678 581 1737 hoc
603 1675 813 1737 Sacramenta.

214 1760 285 1820 Non
307 1760 389 1839 quod
412 1758 554 1819 damnem
586 1779 672 1818 usum
696 1779 785 1818 mane
808 1769 838 1819 ct
860 1760 939 1821 locis
965 1762 1056 1821 sacris

132 1843 390 1923 communicandi,
413 1842 466 1902 sed
485 1844 698 1902 necessitatem
712 1842 918 1922 repudiamus.
965 1845 1056 1905 Volu-

133 1928 302 1987 musenim
325 1927 350 1986 si
373 1927 440 2004 quis
463 1926 597 1985 ieiunare
620 1945 682 1984 non
704 1929 802 2005 possit
822 1935 875 1986 ant
897 1926 1056 1987 rhenmate

133 2009 182 2070 rel
204 2008 371 2089 gravedine
394 2008 484 2067 levari
508 2010 626 2068 ieiunus
646 2027 706 2068 non
730 2011 837 2088 possit,
860 2018 933 2069 ante
958 2029 1055 2071 come-

133 2091 187 2151 dat
209 2099 239 2151 et
262 2091 354 2171 bibat,
377 2110 467 2169 qnam
491 2093 652 2170 participet
674 2111 799 2152 mensae
812 2093 934 2152 Domini
960 2094 1056 2152 etboc

134 2175 228 2235 libere
251 2181 338 2253 agat,
368 2193 428 2252 quo
465 2192 594 2252 corpore
627 2183 656 2233 et
679 2175 781 2234 animo
804 2177 844 2234 sit
865 2177 1055 2254 compositis-

134 2259 240 2318 simus.
283 2257 360 2316 Nam
392 2255 474 2335 quod
498 2257 646 2316 Hauricus
668 2258 830 2317 ecclesiam
854 2268 963 2338 vocat,
1004 2278 1055 2317 nos

135 2338 266 2401 dicimus
279 2341 468 2399 meretricem
492 2347 687 2419 purpuratam
701 2360 779 2401 esse.
824 2341 968 2401 Ecclesia
979 2344 1054 2401 enim

134 2424 190 2483 etsi
212 2423 317 2482 ritibus
353 2430 384 2481 at
417 2425 598 2482 ceremoniis
633 2442 735 2481 carere
758 2442 818 2482 nnn
843 2426 958 2502 possit,
999 2444 1055 2484 non

134 2513 236 2566 tamen
259 2506 344 2585 leges
376 2515 407 2564 et
440 2505 568 2584 laqueos
601 2508 769 2564 animarum
804 2526 842 2565 ex
879 2509 955 2586 ipsis
978 2509 1055 2585 lacit,

133 2589 249 2649 faciunt
281 2595 381 2647 antem
406 2589 480 2668 hoc,
520 2590 570 2666 qni
610 2589 759 2648 ecclesiae
792 2608 906 2649 nomen
934 2593 1055 2663 iactant,

134 2673 220 2752 poroi
243 2671 287 2731 illi
309 2679 340 2730 et
360 2673 453 2746 asini,
478 2672 681 2748 Henriaistae,
705 2672 860 2750 Papistae,
895 2672 1056 2752 sophistae

135 2761 166 2814 ct
188 2756 233 2813 sui
255 2755 376 2833 generis
399 2754 580 2832 deceptores
603 2764 633 2813 et
657 2756 841 2815 antichristi.

216 2836 318 2896 Habes
342 2840 452 2916 itaque,
478 2839 590 2910 lector,
625 2838 695 2915 qnid
720 2838 758 2895 de
789 2838 943 2918 sapientia
970 2838 1056 2916 Regis

134 2919 265 2998 Angliae
288 2921 399 2978 sentire
423 2918 549 2999 debeas,
585 2939 674 2996 quem
698 2918 798 2998 vides,
832 2939 923 2998 qnam
948 2921 1056 2980 stolide

135 3009 166 3061 et
187 3002 313 3061 ridicule
338 3001 513 3078 contendat,
536 3002 638 3061 valere
661 3004 689 3061 in
709 3003 867 3062 articulum
893 3001 965 3062 fidei
991 3022 1056 3063 con·

134 3084 326 3144 suet-udinem
348 3086 483 3143 incertae
506 3086 648 3165 originis,
673 3094 734 3144 tum
760 3085 884 3145 liberam
910 3094 940 3145 et
965 3094 1056 3145 muta-

134 3165 225 3226 bilem
250 3166 396 3226 adversus
420 3176 568 3247 apertum,
592 3187 771 3227 concessum
795 3177 824 3227 et
838 3169 1055 3229 immutabilem

134 3267 305 3309 sermonem
332 3250 500 3328 Evangelii.
545 3250 613 3324 Quo
637 3252 725 3310 simul
749 3252 849 3325 discis,
874 3271 967 3330 quam
991 3271 1056 3312 con·

134 3337 281 3409 temptum
318 3331 458 3392 habuerit
489 3353 661 3392 sermonem
698 3335 772 3414 Dei,
813 3335 884 3394 dum
925 3336 1056 3396 libellum

133 3430 220 3472 suum
245 3416 436 3495 conciperet,
470 3416 591 3475 inilatus
626 3420 749 3476 nomine
773 3425 802 3476 et
825 3419 988 3478 maiestate
1011 3437 1056 3477 co·

132 3513 228 3555 ronne
250 3516 334 3572 suae,
357 3497 502 3558 adversus
519 3501 641 3578 inopem
657 3510 686 3558 et
703 3520 868 3579 pauperem
887 3501 1056 3562 Lutberum.

132 3575 194 3639 Sed
217 3579 327 3639 Christi
363 3581 506 3641 iudicium
538 3602 576 3641 ex
600 3591 686 3661 parte
710 3583 827 3663 vidisti,
863 3603 954 3662 quam
986 3584 1057 3645 nihil

205 3760 237 3838 1)
259 3760 291 3817 ln
309 3761 353 3819 sd.
372 3762 444 3818 len:
462 3762 584 3820 tandem.
