2340 4162
327 235 365 294 D.
384 237 419 292 lb
436 235 521 292 unu.
538 233 725 290 Praeiudiurn.
949 232 991 300 61

58 395 216 454 internum
245 393 312 454 Deo
340 389 472 471 tribuas,
511 400 673 470 utrumque
699 390 757 450 soli
784 390 851 450 Deo
883 390 991 468 tribua,

58 494 121 538 neo
141 477 331 538 conferentis
341 494 504 557 personam
517 475 619 551 aliam,
640 492 732 554 qnsm
754 475 990 533 instrumentum

59 562 210 621 vicarium
235 561 296 621 Dei
324 560 449 639 accipe,
475 578 531 638 per
556 558 640 637 quod
661 558 812 617 Dominus
840 559 871 616 in
900 557 991 617 cocio

60 645 176 704 sedens
198 652 229 702 te
255 645 288 703 in
316 661 428 723 aquam
456 644 519 702 suis
543 641 682 701 monibus
710 642 841 721 propriis
871 642 991 720 mergit,

60 736 94 788 et
113 728 329 787 remissionem
351 738 548 806 pennatorum
569 725 719 804 promittit
739 724 771 784 iu
792 725 890 801 terris,
913 741 991 785 vose

61 811 199 871 bominis
220 809 276 871 tibi
296 810 427 889 loquens
449 829 504 888 per
524 827 560 868 os
582 809 709 868 ministri
731 809 788 866 sui.

144 893 216 953 Hoc
239 904 269 953 et
295 894 365 973 ipse
384 893 478 952 verba
502 891 554 952 tibi
568 885 696 969 dicunt,
720 909 789 950 cum
814 890 900 969 dicit,
922 889 990 971 Ego

60 978 187 1057 baptiso
204 985 237 1036 te
257 977 290 1036 iu
311 976 544 1035 nomiuePatris
559 984 590 1035 et
612 975 677 1034 Filii
698 984 729 1033 et
739 974 869 1053 Spiritus
883 972 991 1052 sanati,

61 1063 172 1121 Amen.
216 1056 290 1126 Non
312 1059 400 1118 dicit:
426 1057 495 1138 Ego
518 1057 638 1139 baptiso
661 1067 691 1116 te
711 1060 741 1116 in
764 1059 889 1118 nomine
911 1074 991 1134 meo,

61 1147 151 1224 qnasi
175 1143 273 1204 dicat:
295 1142 328 1202 ld
350 1141 434 1221 quod
454 1143 546 1219 tireio,
567 1161 628 1213 non
652 1161 721 1201 mea
742 1143 915 1216 autoritate,
937 1139 991 1199 sed

62 1229 131 1287 vice
152 1233 186 1287 et
207 1229 332 1286 nomine
342 1225 402 1284 Dei
413 1227 503 1304 facio,
525 1235 558 1284 ut
579 1242 640 1285 non
654 1226 740 1284 aliter
752 1224 877 1301 habeas,
899 1240 990 1302 quom

63 1312 89 1370 si
109 1312 180 1390 ipse
200 1309 351 1370 Dominus
373 1308 530 1368 visibiliter
555 1307 686 1368 fecisset
729 1309 828 1367 Autor
856 1319 886 1366 et
906 1307 991 1365 mini-

63 1403 124 1454 ster
147 1393 261 1453 diversi
283 1401 370 1471 sunt,
392 1391 448 1451 sed
469 1410 547 1471 opus
569 1391 650 1450 idem
672 1391 837 1469 utriusque,
860 1393 922 1449 imo
945 1406 993 1450 sc·

65 1477 123 1537 lius
144 1477 264 1536 autoris
291 1494 347 1555 per
376 1468 573 1535 ministerium
597 1493 706 1536 meum.
752 1473 803 1534 Sic
830 1477 909 1534 enim
931 1490 991 1553 ego

66 1559 203 1638 arbitror,
225 1558 263 1618 ln'
283 1560 409 1618 nomine
419 1559 531 1618 referre
552 1577 715 1638 personam
730 1560 854 1635 autoris,
876 1569 909 1617 ut
929 1576 992 1616 non

69 1652 182 1703 tantum
203 1645 245 1702 sit
272 1660 386 1702 nomen
408 1641 532 1701 Domini
561 1642 762 1722 praetendere
787 1648 821 1705 ,et
848 1644 994 1700 iuvocare

73 1727 102 1784 in
123 1745 223 1806 opere,
245 1725 302 1784 sed
323 1727 425 1805 ipsum
448 1742 526 1804 opus
550 1736 694 1803 tauquam
717 1725 848 1784 alienum
867 1724 991 1784 alterius

73 1813 190 1870 nomine
213 1816 247 1868 et
268 1810 337 1868 vice
358 1809 496 1888 impiere.
539 1805 608 1882 Quo
631 1817 720 1888 tropo
743 1808 828 1867 Mart.
850 1808 890 1868 24
912 1807 993 1866 Obri-

69 1902 130 1953 stns
152 1893 243 1953 dicit:
267 1891 354 1951 Multi
372 1894 496 1951 venient
514 1892 544 1950 in
558 1894 683 1952 nomine
705 1908 792 1969 mec,
814 1901 845 1950 et
857 1890 946 1949 Rom.
961 1896 992 1951 t:

67 1975 122 2036 Per
165 1993 257 2054 quem
300 1977 477 2054 accepimus
521 1977 652 2054 gratiam
701 1982 732 2033 et
773 1975 995 2053 apostolatum,

67 2059 102 2119 ad
134 2057 343 2120 obediendum
365 2056 437 2117 fidei
464 2059 496 2118 in
526 2059 667 2119 omuibus
697 2058 839 2137 gentibus
860 2075 916 2137 pro
939 2072 993 2115 no-

67 2162 146 2202 nune
170 2160 245 2201 erus.

149 2227 239 2285 Hanc
261 2224 445 2282 seutentiam
464 2240 523 2303 ego
546 2223 743 2283 libentissime
765 2242 887 2302 sequor,
912 2224 993 2300 quod

67 2313 103 2369 sit
126 2309 339 2389 plenissimum
368 2307 468 2366 solatii
502 2314 532 2366 et
562 2307 673 2367 efficax
701 2308 771 2365 fidei
801 2308 994 2382 adiutorium,

67 2412 160 2453 nosse
182 2411 217 2451 se
246 2409 315 2449 esse
337 2389 532 2469 baptisatum,
555 2409 617 2450 non
641 2392 679 2450 eb
702 2392 840 2467 bomine,
869 2391 921 2448 sed
956 2390 994 2448 ab

67 2479 134 2556 ipsa
157 2475 306 2534 Trinitate
327 2491 383 2551 per
405 2474 576 2556 bominem,
606 2476 657 2553 qui
685 2476 809 2533 nomine
838 2476 902 2532 eius
931 2492 993 2532 rem

67 2568 154 2639 gerat
176 2556 259 2637 apud
287 2574 354 2616 nos.
399 2555 468 2631 Quo
497 2565 598 2616 cessat
624 2558 677 2617 illa
705 2559 805 2617 otiosa
828 2559 995 2632 contentis,

68 2661 127 2721 qua
152 2642 190 2701 de
215 2642 314 2701 forma
336 2640 477 2718 baptismi
503 2650 612 2718 (quam
627 2641 862 2720 appeliantipss
881 2638 992 2712 verba)

68 2726 197 2805 litigant,
219 2723 347 2784 Graecis
360 2722 547 2782 dicentibus:
570 2724 743 2803 Baptisetur
756 2742 862 2782 servus
876 2723 996 2800 Christi,

68 2809 207 2868 Latinus:
234 2808 303 2888 Ego
328 2807 457 2885 baptiso.
500 2806 575 2866 Item
598 2810 648 2865 alii
670 2808 852 2887 rigidissime
882 2824 995 2884 nugan-

69 2902 112 2951 tes
136 2893 285 2951 damnaut
306 2891 352 2948 sic
373 2889 446 2949 dici:
469 2891 537 2970 Ego
553 2891 673 2970 baptiso
697 2901 726 2950 te
748 2893 777 2949 in
792 2890 996 2949 nomiuelesu

70 2976 190 3052 Christi,
214 2992 275 3053 quo
298 2975 357 3033 ritu
379 2981 494 3033 certum
517 2984 562 3033 est
582 2977 742 3053 apostolos
761 2975 940 3052 baptisasse,
965 2983 997 3030 ut

69 3062 97 3117 in
112 3061 201 3118 Actis
223 3057 403 3137 apostolicis
417 3058 555 3136 legimus,
580 3059 747 3136 voluntque
769 3059 882 3115 nullam
906 3059 996 3114 aliem

71 3142 216 3221 deinceps
247 3142 350 3201 valere
386 3159 476 3220 quam
509 3143 615 3200 istam:
653 3142 722 3220 Ego
752 3142 873 3220 baptiso
905 3147 935 3197 te
967 3139 998 3195 in

71 3228 195 3285 nomine
216 3225 314 3283 Patris
338 3232 368 3283 et
391 3225 456 3283 Filii
477 3232 507 3282 et
521 3224 649 3304 Spiritus
673 3225 780 3302 sancti,
794 3228 903 3282 Amen.
937 3219 998 3280 Sed

70 3309 179 3368 frustra
201 3307 401 3386 contendunt,
423 3308 495 3366 nibil
519 3312 599 3367 enim
621 3308 769 3388 probant,
799 3324 855 3365 sua
879 3303 1000 3364 somnia

72 3392 221 3452 duntaxat
243 3398 392 3452 asserunt.
436 3390 627 3471 Quocunque
655 3393 746 3451 modo
769 3391 906 3449 trudatur
928 3387 1000 3465 bap·

73 3476 189 3552 tiamne,
212 3474 307 3535 modo
326 3493 388 3535 non
410 3476 578 3535 innomine
593 3476 733 3552 bominis,
757 3473 853 3533 sedin
876 3471 1002 3529 nomine

73 3558 195 3619 Domini
217 3559 363 3637 tradatur,
385 3578 457 3619 vere
479 3559 598 3619 salvum
619 3559 699 3618 facit.
743 3559 807 3617 lmo
831 3575 894 3615 non
918 3551 1003 3611 dubi-

73 3650 147 3719 tem,
177 3643 202 3701 si
226 3644 294 3721 quis
316 3643 346 3701 in
368 3644 494 3703 nomine
515 3643 639 3704 Domini
663 3642 828 3721 suscipiat,
861 3633 1004 3697 etiamsi

74 3726 182 3804 impius
211 3728 348 3786 minister
377 3745 438 3787 uon
468 3727 519 3786 det
547 3729 578 3786 in
607 3729 732 3788 nomine
755 3725 900 3802 Domini,
930 3741 1003 3782 vere
