2392 4170
342 243 441 301 estol.
460 252 489 303 et
507 241 588 303 sacri.
612 242 740 304 Sorhcns
758 243 893 306 damnati.
1033 250 1076 317 83

234 419 292 494 17)
315 413 447 480 Scholas
470 438 578 481 omnes
600 441 670 483 esse
690 422 870 503 haereticas,
892 423 960 489 sols
982 425 1073 485 scho-

151 497 259 560 lastice
281 502 400 581 prohat.

232 582 318 644 Haeo
339 585 514 665 Propositio
530 594 576 646 est
590 588 691 667 stulte,
714 598 902 669 arroganter,
925 590 1070 670 superbe,

91 688 94 693 ’
150 666 243 745 impie
265 673 296 727 et
317 669 478 729 temerarie
500 681 627 749 asserto,
650 680 681 731 et
707 674 798 732 nimis
828 672 1007 753 blasphema
1041 674 1072 734 in

149 748 313 810 ecclesiam
336 759 473 812 sanctam
496 751 564 832 Dei,
587 772 625 813 ac
646 773 702 834 per
730 754 792 815 hoc
822 757 853 814 in
875 756 984 819 Deum.
1033 754 1073 817 ldt

149 834 177 889 in
200 831 270 911 hoc,
293 832 376 912 quod
399 834 577 915 simpliciter
597 835 725 899 Scholas
752 837 840 920 dicit,
870 837 1069 921 intendendo,

148 933 210 975 non
234 935 304 978 esse
324 916 561 1000 Universitates,
584 918 639 980 sed
660 921 877 1002 particulares,
914 928 963 984 est
995 923 1071 983 inin·¹

147 999 231 1059 riosa
252 1007 283 1060 et
304 999 495 1082 blasphema,
517 1002 590 1082 quia
610 1003 676 1071 vult
696 1004 860 1085 Magistros
882 1001 990 1069 omnes
1005 1024 1071 1067 soa·

147 1086 236 1142 tones
259 1088 291 1143 et
311 1082 497 1145 bacchantes
520 1091 551 1146 et
572 1084 689 1147 beanos
711 1087 851 1169 intelligi.

231 1168 291 1244 18)
307 1167 338 1226 ln
351 1166 581 1248 quadringentis
594 1171 681 1231 annis
704 1189 796 1233 nemo
819 1171 925 1233 docuit
939 1171 1069 1234 formam

144 1251 362 1330 poenitentiae.

199 1332 313 1395 -Haec
343 1333 517 1417 Propositio
543 1340 592 1395 est
623 1335 719 1417 impia
745 1342 776 1397 et
806 1335 1006 1414 scandaloso,
1038 1343 1071 1398 et

146 1422 253 1477 contra
275 1415 437 1479 ecclesiam
459 1414 520 1478 Dei
543 1419 778 1481 contumeliosa.
808 1419 850 1481 Et
869 1421 900 1480 in
923 1438 962 1481 eo
985 1418 1068 1499 quod

145 1499 292 1578 intendit,
315 1499 427 1560 solam'
443 1501 602 1561 materiam
631 1504 841 1582 poeniteutiae
870 1505 938 1565 sine
970 1502 1068 1572 forma

144 1582 238 1642 fuisse
259 1582 382 1666 nudam,
405 1589 453 1643 est
474 1589 582 1646 contra
603 1584 841 1666 philosophiam,
863 1587 935 1666 quia
956 1586 1068 1665 impos·

144 1667 232 1726 sibile
254 1674 314 1744 est,
344 1667 501 1727 materiam
534 1672 617 1728 stare
650 1669 764 1729 nudam
792 1670 864 1751 (nisi
898 1670 1067 1735 secundum

143 1747 493 1829 Scotistastpraesertim
515 1756 601 1812 tanto
617 1758 756 1832 tempore
773 1753 1065 1834 quadringentorum

143 1851 305 1907 annorum.

224 1931 277 2016 19)
299 1932 489 2015 Augustinus
511 1932 550 1995 de
577 1934 677 2014 mutia
703 1933 888 1996 iustificante
920 1934 1064 2015 loquitur.

222 2016 307 2077 Haeo
328 2016 503 2101 Propositio
531 2023 578 2078 est
605 2016 702 2100 falsa,
735 2024 766 2079 et
798 2024 907 2080 contra
939 2037 1063 2080 sensum

139 2098 305 2161 Facultstis
328 2104 454 2161 nostrae
475 2101 578 2181 posita
599 2107 631 2162 et
658 2100 907 2164 determinationi
935 2109 1061 2167 nostras

139 2184 233 2264 priori
255 2184 423 2264 contraria,
445 2191 476 2244 et
498 2185 529 2244 in
558 2203 611 2265 eo,
643 2185 726 2264 quod
758 2186 847 2268 dicit,
870 2185 1060 2285 Augustinus

139 2267 287 2347 loquitur,
315 2266 395 2327 falsa
426 2273 487 2344 est,
519 2268 592 2346 qnia
623 2268 812 2350 Augustinus
844 2269 963 2349 scribit,
995 2271 1059 2332 imo

138 2351 261 2430 scripsit
281 2349 447 2430 quondam,
469 2369 551 2410 nnnc
572 2358 673 2411 autem
697 2362 832 2412 mortuus
856 2359 912 2432 est,
944 2361 975 2414 et
996 2372 1059 2414 non

138 2434 283 2514 loquitur,
305 2432 414 2493 saltem
436 2433 517 2514 apud
538 2451 608 2494 nos.
1030 2457 1032 2462 ·

219 2531 275 2616 20)
299 2529 408 2597 Nullus
430 2534 461 2593 in
484 2532 625 2594 Sorbona
645 2534 721 2616 legit
744 2536 957 2614 Augustinurn.

218 2616 304 2678 Haec
324 2617 499 2698 Propositio
523 2623 570 2677 est
592 2616 669 2677 falsa
701 2624 733 2678 et
759 2618 909 2685 offensiva
941 2620 1059 2701 piarum

137 2702 265 2771 aurium.
308 2700 348 2760 Et
369 2718 425 2782 pro
448 2706 564 2780 quanto
585 2699 650 2760 vult
676 2719 733 2762 nos
762 2700 822 2761 hoc
845 2719 974 2780 nomen,
996 2700 1059 2761 Au-

136 2785 287 2864 gustinus,
310 2803 371 2859 non
396 2784 519 2866 legisse,
542 2791 589 2845 est
609 2784 769 2846 manifeste
791 2802 922 2863 erronea
943 2792 974 2844 et
987 2802 1058 2845 con·

135 2875 184 2929 tra
205 2867 439 2957 experientiam.

136 3082 349 3151 Secundus
375 3083 479 3151 liber
504 3075 687 3150 continet
709 3085 903 3150 rationem
934 3081 1058 3148 deter-

422 3168 613 3233 minationis
634 3169 765 3254 primae.

218 3345 257 3407 Et
279 3349 377 3428 primo
400 3347 578 3426 notandum,
600 3347 683 3427 quod
707 3348 735 3407 in
758 3349 856 3428 prima
875 3346 1057 3408 determina-

133 3433 219 3491 tione
230 3430 331 3492 almae
345 3431 510 3491 Facultatis
532 3432 693 3511 protestati
715 3449 819 3491 snmus
832 3429 870 3511 ¹),
894 3427 982 3510 quod'
994 3431 1057 3490 vel·

133 3515 232 3574 lemos
266 3514 466 3575 conformiter
496 3513 536 3575 ad
557 3513 687 3605 formam
711 3513 922 3594 apostolorum
951 3531 1057 3594 proca·

134 3676 332 3684 *φα-..-

207 3757 233 3823 1)
254 3754 283 3809 ln
302 3753 346 3810 ed.
367 3753 452 3824 orig:
471 3749 697 3809 Protestsvitnus.
794 3820 842 3883 ὃ*
952 3776 955 3781 >
