2340 4162
292 261 418 316 Retionia
437 263 613 318 Latomianae
630 266 682 317 etc
852 254 859 271 '
891 258 954 326 509

139 411 308 480 indicitur.
351 416 396 477 lta
418 432 479 477 non
501 417 643 498 intelligit
663 415 791 494 Paulus,
813 417 885 495 quia
908 435 953 476 ss-

139 512 170 559 ιιι
186 514 314 560 carnem
348 518 410 561 non
439 501 600 582 intelligit,
635 507 667 561 et
689 503 849 581 operatur,
883 502 954 578 quia

138 578 203 641 lum
232 601 355 644 carnem
385 593 544 663 operatur3
580 593 612 645 et
638 586 703 664 agit
724 582 855 659 malurn,
883 584 955 662 quic

137 660 205 725 inm
226 682 350 728 carnem
373 667 446 746 agit.
490 667 652 727 Elmalnm
675 672 732 744 est,
753 666 825 745 qnia
848 674 955 749 contra

136 764 174 807 rm
205 757 234 808 et
259 748 372 811 bonum
403 757 459 812 est.
503 751 610 830 Neque
637 751 709 811 ideo
738 767 800 810 uon
822 750 962 829 operari,
1063 800 1065 805 ,

135 846 230 911 gare,
262 851 324 892 non
348 832 459 893 malum
483 852 568 914 esse,
605 842 657 893 ant
680 841 763 894 totus
784 831 954 913 intelligere

134 910 185 975 lus
206 923 268 992 est,
298 917 454 995 quianon
484 925 566 977 totus
594 926 757 997 operatur,
785 932 848 975 non
871 921 954 975 totus

133 1010 195 1057 non
217 1004 314 1058 totum
338 999 450 1059 malum
465 999 545 1074 lacit,
569 1010 621 1060 unt
642 1019 681 1059 ex
695 1006 782 1079 parte
803 997 953 1077 intelligit

132 1096 204 1141 -non
226 1080 297 1141 ideo
319 1100 381 1142 non
403 1091 451 1143 est
471 1083 647 1143 vulneratus
670 1082 775 1160 homo,
797 1082 953 1161 quianon

131 1170 222 1243 parte
235 1164 411 1226 vnlneratus
424 1174 470 1226 est
483 1174 514 1226 et
525 1169 656 1242 occisus,
681 1184 738 1226 nec
751 1164 821 1226 ideo
843 1182 953 1225 canem

131 1247 312 1318 rarcussieti,
346 1249 501 1327 quianon
525 1250 607 1309 omni
631 1255 718 1328 parte
740 1266 809 1308 enm
831 1266 953 1327 perans·

129 1334 154 1389 ri
173 1329 334 1409 occidisti,
356 1334 419 1392 imo
442 1331 625 1410 vulneranti,
647 1331 833 1412 percussisti,
856 1332 881 1390 si
904 1330 953 1391 vel

129 1428 192 1471 rum
215 1412 383 1475 membrum
412 1415 477 1475 eius
511 1415 640 1494 laesisti,
674 1414 799 1495 proprie
826 1420 856 1473 et
887 1432 954 1494 ger·

127 1538 138 1547 -.
158 1494 385 1575 significatione
416 1498 511 1559 verbi.
553 1499 600 1559 Ita
631 1498 681 1558 hic
710 1515 771 1558 non
799 1495 869 1557 ideo
891 1514 953 1557 non

126 1579 227 1658 ruprie
258 1587 435 1659 peccatum,
468 1581 540 1660 quia
574 1601 635 1642 non
670 1588 767 1642 totum
796 1579 953 1640 hominem

125 1660 161 1737 it,
192 1660 333 1740 damnat,
355 1665 420 1725 irae
439 1665 570 1726 subiicit.
614 1663 722 1725 Gratia
743 1664 823 1724 enim
848 1671 879 1723 et
900 1663 953 1723 ‹lo-

125 1752 314 1806 conaervant
335 1746 506 1825 bominem,
538 1755 659 1808 utnon
688 1748 786 1827 possit
814 1764 954 1827 peccare,

122 1830 142 1905 l,
163 1831 338 1888 consentire
359 1829 430 1889 hnic
450 1840 578 1910 peccato
601 1839 632 1890 et
653 1832 761 1911 perire.

121 1906 226 1972 ilices:
254 1911 362 1990 Neque
384 1920 415 1973 tn
438 1913 551 1993 probas
572 1922 734 1994 peccatum
758 1910 829 1974 alibi
850 1913 950 1991 accipi

120 1991 222 2070 modo,
243 1994 327 2073 quod
349 1995 465 2057 scilicet
487 2015 549 2056 non
572 1997 706 2060 damnet.
751 1994 953 2074 Respondes:

119 2072 181 2137 boc
202 2085 249 2137 est
270 2096 413 2157 necesse,
435 2098 492 2140 neo
514 2079 575 2140 hoc
595 2081 719 2143 institui.
763 2077 832 2141 Hoc
852 2078 954 2149 solnm

118 2160 169 2237 ni,
205 2167 239 2219 nt
264 2168 424 2240 peccatum
460 2163 519 2223 hoc
552 2163 622 2224 loco
651 2164 732 2224 idem
769 2160 955 2242 signiticaret

148 2242 272 2322 ubique.
327 2244 417 2319 Quod
453 2256 554 2306 autem
588 2247 638 2307 hic
673 2256 833 2327 peccatum
867 2245 955 2305 aliter

115 2327 156 2385 ari
179 2325 268 2405 dico,
299 2328 359 2387 boc
386 2327 459 2388 nihil
488 2328 526 2389 ed
554 2331 674 2408 peccati
697 2329 953 2410 significationem

113 2416 181 2486 net,
210 2409 367 2490 Scriptura
396 2419 556 2491 peccatum
585 2414 698 2492 ubique
727 2413 836 2473 eodem
860 2413 953 2472 modo

112 2493 160 2570 rit,
195 2493 333 2554 sednon
357 2493 469 2573 ubique
498 2496 608 2557 eodem
639 2496 731 2556 modo
761 2503 871 2556 tractet
900 2515 953 2554 sen

111 2575 158 2636 ari
180 2574 333 2659 describit,
362 2576 443 2638 Alibi
458 2586 618 2658 peccatum
642 2579 718 2656 fieri,
740 2578 812 2638 elibi
833 2578 955 2654 remitti,

125 2660 238 2739 puniri,
261 2659 332 2720 alibi
358 2660 479 2738 differri,
502 2662 574 2724 alibi
588 2663 693 2741 taceri,
715 2661 787 2722 alibi
805 2660 954 2737 confiteri,

127 2744 235 2821 negari
259 2741 411 2806 describit.
456 2745 494 2804 [lt
515 2747 583 2825 quis
606 2749 760 2821 artiones,
782 2745 954 2824 passiones,

105 2824 259 2885 ccidentie
282 2828 402 2906 peccati
425 2829 605 2889 enumeret?
643 2829 690 2890 lta
710 2829 771 2888 boc
792 2827 861 2888 loco
885 2845 954 2906 pec-

106 2927 149 2985 m,
171 2908 243 2986 quid
263 2908 357 2969 iaciat
379 2918 408 2971 et
429 2913 562 2991 patiatur
583 2915 612 2972 in
632 2913 740 2991 gratia,
764 2910 953 2985 describitur,

116 2999 250 3072 negatur
270 3002 432 3072 peccatum
455 3015 533 3074 esse,
555 2998 618 3056 imo
635 2996 781 3076 supponit
793 3000 953 3075 peccatum

103 3093 147 3137 ιιι
169 3082 202 3135 et
218 3095 295 3138 esse.
338 3076 396 3137 Hic
424 3080 536 3139 victum
567 3079 715 3140 rebellare
737 3077 860 3158 Spiritui
882 3076 955 3136 dioi-

110 3157 197 3239 quod
219 3158 291 3230 alibi
314 3163 411 3220 victor
431 3182 560 3241 regnare
582 3162 731 3224 scribitur.
763 3160 846 3221 ldem
870 3178 954 3241 pror-

104 3249 269 3323 peccatum
293 3243 416 3323 ubique,
438 3247 491 3305 sed
515 3264 576 3305 uon
599 3245 712 3324 ubique
733 3242 815 3305 idern
837 3244 954 3320 rolens,

104 3344 150 3387 rns
178 3331 211 3385 et
244 3328 373 3405 patiens.
432 3328 521 3403 Quod
563 3337 676 3400 alutem,
695 3327 766 3389 alibi
798 3326 955 3407 Scriptura

104 3416 198 3471 amm
220 3409 330 3468 eodem
354 3412 486 3491 accipiat
509 3412 611 3490 modo,
634 3411 736 3491 quoad
759 3409 955 3491 significatio·

104 3536 113 3571 ,
134 3490 269 3573 probavi
293 3495 432 3573 superins
456 3515 494 3554 ex
508 3495 613 3573 Paule,
635 3497 685 3574 qni
708 3495 797 3555 Rom.
819 3496 849 3558 6.
871 3500 904 3555 et
924 3496 954 3573 8,

104 3575 195 3637 i-boc
216 3581 247 3652 7,
270 3576 360 3638 Gala.
384 3582 419 3652 b,
447 3583 470 3639 l.
494 3578 564 3638 (lor.
586 3582 621 3654 b,
644 3578 758 3659 Ephes.
780 3579 816 3656 4,
842 3576 955 3640 l.Oor.

104 3659 158 3722 iol.
172 3661 208 3737 3,
232 3659 302 3720 libr.
319 3661 366 3722 13.
389 3663 434 3719 sic
456 3662 576 3741 accipit,
598 3660 671 3722 dnm
691 3661 955 3739 incontinentiam,

104 3743 203 3823 inem,
226 3744 302 3804 iram
327 3752 383 3807 etc.
408 3753 508 3824 vocat,
531 3753 562 3805 et
585 3748 611 3811 1.
624 3745 736 3807 luban.
760 3747 791 3809 1:
814 3743 847 3809 si
868 3743 954 3806 dixs-
