2392 4170
134 1104 169 1198 Ii
199 1103 333 1200 istola
375 1105 424 1198 D.
449 1103 501 1198 u
531 1098 730 1211 Lethen,
759 1097 805 1195 in
834 1127 920 1223 qne
948 1095 1057 1196 redi·

283 1246 405 1321 snum
434 1246 488 1314 ex
509 1217 691 1314 Pethmo
721 1219 902 1312 excuset
931 1212 1029 1311 duri

343 1330 568 1430 Friderioo
598 1326 779 1427 eleotori
794 1331 845 1446 *t
907 1418 912 1425 .

538 1533 655 1598 Issus.
746 1554 749 1559 ·

134 1699 271 1763 Gratia
304 1707 342 1762 st
373 1720 443 1782 pex
470 1721 490 1762 n
512 1701 589 1762 Deo
612 1705 720 1781 petre
755 1705 892 1761 nostro
931 1707 966 1760 et
988 1698 1057 1763 Do·

134 1785 217 1846 mino
240 1794 346 1848 nostro
368 1785 436 1846 lesu
461 1784 592 1861 Christo,
615 1783 724 1844 Arnen.
767 1781 843 1844 cum
867 1782 969 1844 debite
987 1781 1057 1844 offl-

335 1869 451 1931 eiorum
474 1887 610 1929 meorum
635 1866 848 1929 submissione.

216 2034 422 2098 Illustrissime
450 2036 612 2116 Princeps,
646 2033 779 2095 Domine
810 2031 1057 2106 dementissime,

70 2144 74 2152 ·
134 2117 297 2195 diligenter
329 2127 359 2179 et
380 2126 522 2181 nesurets
544 2137 663 2180 meeum
686 2119 754 2198 ipse
776 2114 934 2197 perpe'ndi,
957 2115 1057 2195 provi·

133 2198 266 2260 deudum
289 2201 361 2261 mihi
393 2222 478 2282 esse,
510 2221 550 2263 ne
582 2202 630 2263 vei
653 2199 725 2281 quid
748 2201 850 2261 oneris
873 2204 905 2260 st
925 2197 1072 2261 invidiae*

133 2280 192 2343 CL.
214 2282 251 2343 V.
274 2283 477 2364 cumularem,
510 2285 558 2344 rei
588 2284 732 2345 molestia
761 2281 1057 2363 sliqusrsifleerem,

133 2366 158 2424 si
181 2365 376 2446 inexplorate
398 2366 555 2427 voluntate
579 2366 637 2428 GL.
651 2367 687 2431 V.
710 2384 768 2426 nee
790 2365 992 2445 permissione
1013 2383 1058 2427 re·

133 2447 213 2509 ditus
235 2449 672 2530 impetrethuittembergsm
694 2448 795 2509 subite
817 2448 1057 2528 meresipersm.
1084 2498 1095 2505 ,

133 2531 213 2607 Quin
234 2534 378 2614 spesiosn
409 2531 540 2612 quedem
571 2529 855 2592 verisimilitudine
877 2532 1058 2611 exaggerari

131 2625 260 2695 possent
282 2615 457 2679 discrimine
477 2622 509 2677 et
529 2614 680 2696 perionis,
702 2633 781 2694 quse
802 2618 834 2675 et
853 2631 1006 2694 personne
1027 2619 1059 2676 et
1146 2693 1148 2697 ι

133 2698 241 2761 ditioni
273 2719 310 2761 ee
341 2700 469 2762 subditis
491 2698 549 2764 GL.
573 2699 610 2761 V.
631 2706 797 2779 propterea
818 2695 995 2777 impendere
1015 2696 1058 2758 vi-

132 2780 290 2863 derentur,
312 2783 509 2865 inprimisque
532 2782 702 2863 mihiipsi,
734 2786 767 2843 ut
789 2781 837 2841 eni
858 2779 919 2841 iem
941 2778 1059 2857 edistis,

133 2864 275 2944 fulmine,
297 2874 339 2949 et,
367 2869 533 2930 autoritate
556 2865 716 2927 Pontifleis
746 2869 778 2926 st
798 2863 952 2926 Osessree
974 2861 1058 2924 dum·

132 2953 215 3026 neto,
239 2958 278 3031 et,
302 2951 490 3030 quantumin
513 2951 587 3030 ipsis
609 2948 674 3029 init,
695 2948 774 3011 inire
795 2953 932 3010 mortuos
955 2964 1058 3008 emen·

132 3030 205 3093 doto
233 3032 361 3115 singulis
384 3032 467 3097 heris
495 3033 648 3095 violentus
668 3033 808 3094 interitus
830 3027 1058 3110 exspectandus

131 3115 179 3175 sit.
224 3117 336 3178 Verum
354 3117 426 3198 quid
448 3115 583 3180 ieeism?
625 3115 742 3197 Urgent
763 3134 811 3177 me
833 3132 945 3175 neusse
965 3113 1059 3175 inevi-

131 3198 250 3277 tabiles,
272 3201 355 3261 Deus
378 3202 462 3283 cogit
479 3207 510 3262 et
532 3205 633 3276 voest,
655 3198 800 3260 hinnulli
822 3202 980 3258 creaturus
1003 3201 1058 3258 ter·

130 3282 347 3360 giverssndum
369 3290 425 3347 est.
467 3285 551 3364 Age,
584 3280 639 3344 flet
669 3283 762 3363 igitur
789 3281 819 3340 in
842 3277 1058 3343 nomine'lssn

131 3363 253 3444 Christi,
277 3368 328 3445 qui
351 3373 399 3428 est
419 3367 569 3429 Dominus
592 3367 674 3426 vites
696 3371 728 3426 et
749 3364 866 3426 mortis.

213 3448 259 3509 Ne
281 3456 383 3512 temen
401 3451 523 3532 ignoret
544 3447 717 3513 Clementis
739 3454 842 3510 vestre
864 3465 974 3510 seusus
999 3446 1058 3508 snei

120 3707 125 3719 ,
203 3650 234 3714 ⁸)
254 3648 359 3705 noxius
377 3629 459 3705 nnus
472 3608 614 3719 'opnione
638 3648 765 3707 ruerus
783 3653 828 3707 sss
845 3611 1059 3708 ieiunumst.

130 3718 565 3798 mmmsmv
