2392 4170
139 262 708 341 5321n0uuumnm

137 440 277 506 omasus
297 443 433 518 tentore,
467 455 527 518 ogs
547 435 680 498 ieramus
700 434 910 498 infirmitatem
935 439 1069 496 vestam

138 534 168 589 et
191 525 417 605 permittamus,
449 529 480 580 nt
502 520 563 581 ism
586 519 745 582 ordinatos
766 518 807 580 ab
828 517 998 600 Episcopis
1019 540 1071 601 pa·

137 609 256 691 pisticis
278 606 452 687 accipiatis,
486 604 604 664 scilicet
625 603 748 666 Gallum
770 602 857 664 illurn
880 611 1019 664 vestrum
1040 607 1071 665 et

139 692 186 752 sui
207 691 332 762 similes,
354 688 529 749 statumini
558 686 619 748 iliis
640 689 709 749 vics
724 685 957 768 Episcopornm
979 706 1071 768 paps-
1190 738 1194 752 ,

139 774 223 853 Ham,
245 781 278 833 nt
299 772 343 832 iiii
360 778 514 832 occentet
534 770 650 852 eligant
663 780 756 851 atque
772 769 971 851 confirment,
994 789 1070 852 quos

141 856 272 917 viderint
291 856 423 916 idoneos
445 860 477 914 et
494 854 582 915 vobis
596 854 772 917 tolerabiles
783 873 864 934 esse,
881 857 977 935 juxta
986 874 1070 937 prae·

139 941 254 1020 scripta
275 947 308 1000 st
328 938 500 1000 doctrinam
523 937 618 1000 Pauli.

223 1039 304 1101 Nom
340 1036 420 1119 apud
444 1035 573 1104 Paulum
608 1044 691 1099 certe
712 1037 886 1118 Episcopus
923 1044 989 1119 est,
1022 1039 1069 1119 qui

140 1121 237 1184 verbo
260 1128 399 1203 praeest,
424 1121 523 1200 qualis
545 1128 592 1183 est
610 1121 719 1183 Gallus
740 1129 852 1199 vester,
874 1122 1069 1201 quantumvis
1095 1124 1098 1129 ’

141 1206 237 1268 infula
259 1213 289 1266 et
310 1203 413 1287 pedo,
440 1206 564 1285 alioque
591 1205 671 1266 fastu
695 1211 726 1264 et
746 1224 863 1285 pompa
883 1224 952 1266 non
974 1205 1070 1288 splen·

144 1289 227 1369 dest,
248 1308 329 1370 qnae
349 1296 421 1349 sunt
441 1287 599 1351 irritabuls
620 1288 703 1352 stulti
718 1288 801 1368 vulgi
816 1295 951 1368 tantum,
972 1289 1071 1351 donec

142 1373 328 1436 adolescatis
360 1379 392 1431 et
417 1371 511 1451 plene
538 1369 733 1451 inteliigatis,
769 1391 851 1451 qnae
873 1373 914 1433 sit
934 1374 1073 1453 potentia

143 1455 227 1517 verbi
249 1455 316 1517 Dei.
356 1453 431 1518 Alia
443 1454 534 1536 plane
545 1458 666 1517 ratione
689 1474 771 1516 nnnc
784 1453 876 1516 vobis
896 1456 1072 1517 consultum

142 1537 1073 1705 3233a2trittnit‘ss'sttmtttttfftttt

52 1708 59 1719 '
144 1708 240 1768 sticos
262 1705 385 1767 ordines
408 1712 439 1767 et
460 1704 619 1768 ordinatos
640 1706 799 1786 suscipere
820 1725 884 1766 non
906 1708 1050 1786 potastis.

227 1823 339 1884 iamsi
373 1830 404 1884 et
435 1823 485 1884 hic
520 1840 577 1884 voa
599 1823 761 1904 serupulus
782 1828 893 1902 terret,
931 1842 990 1885 vos
1013 1842 1073 1887 non

145 1926 214 1970 esse
237 1914 320 1968 certo
343 1906 505 1968 ecclesiam
528 1907 596 1986 Dei,
618 1906 804 1988 respondeo,
827 1905 997 1969 ecclesiam
1014 1926 1072 1969 non

144 1988 291 2069 moribus,
312 1989 366 2050 sed
389 1990 483 2051 verbo
507 1992 672 2072 cognosci,
695 1994 721 2053 1.
744 1989 813 2051 cor.
840 1991 895 2069 14,
920 1990 974 2053 ubi
996 1989 1072 2066 dicit,

143 2071 317 2150 infidelem,
347 2074 373 2133 si
399 2074 432 2134 in
469 2073 631 2134 ecetesiam
654 2073 804 2134 introierit
825 2073 1002 2156 videritque
1021 2091 1070 2135 eos

146 2157 341 2238 prophetare,
364 2174 504 2216 casurum
526 2157 679 2218 infaciem
704 2163 734 2216 et
746 2157 972 2241 confessurum,
996 2155 1074 2238 quod

146 2259 217 2300 vere
240 2239 322 2299 Deus
359 2240 389 2298 in
419 2238 478 2298 illis
502 2239 626 2302 habitet.
671 2240 738 2301 Hoc
764 2241 857 2318 igitur
879 2251 997 2301 certum
1023 2246 1077 2319 est,

146 2341 216 2382 esse
238 2320 318 2401 apud
342 2340 397 2382 vos
420 2322 449 2380 in
472 2321 575 2382 multis
596 2322 722 2385 verbum
738 2323 794 2382 Dei
817 2328 848 2382 et
865 2326 1075 2403 cognitionem

149 2404 272 2466 Christi.
327 2403 368 2465 At
399 2404 502 2465 ubiubi
535 2405 661 2466 verbum
695 2406 754 2466 Dei
791 2424 860 2465 cum
896 2409 1076 2488 cognitione

147 2488 258 2550 Christi
280 2497 344 2564 est,
378 2488 470 2549 inane
492 2490 553 2550 non
577 2497 638 2566 est,
662 2489 856 2568 quantumvis
880 2490 943 2549 sint
967 2489 1075 2550 infirmi

146 2571 281 2632 moribus
304 2573 454 2652 externis,
492 2573 543 2651 qui
564 2571 641 2640 illud
663 2571 785 2635 habent.
830 2571 973 2632 Ecclesia
994 2573 1074 2632 enirn

147 2654 205 2716 etsi
227 2652 346 2714 infirma
378 2662 424 2713 est
454 2656 484 2714 in
516 2656 666 2736 peccatis,
698 2656 793 2734 impia
816 2659 920 2714 tamen
946 2661 1077 2716 nonest

145 2739 177 2797 in
200 2737 313 2814 verbo,
336 2745 444 2816 peccat
467 2738 605 2816 quidem,
633 2737 687 2799 sed
711 2736 836 2798 verbum
858 2757 962 2816 neque
984 2743 1078 2818 negat

147 2840 247 2900 nequo
268 2822 399 2899 ignorat.

231 2937 333 3012 Quare
357 2955 411 2998 eos
441 2939 491 3016 qui
514 2936 639 2997 verbum
670 2936 801 3017 probant
828 2945 857 2998 et
881 2938 1075 3011 confitentur,

147 3021 307 3101 repudiare
328 3040 391 3082 non
415 3021 502 3100 licet,
531 3021 725 3099 quantumvis
754 3020 827 3080 non'
838 3020 981 3099 fulgeant
1003 3023 1077 3082 mira

149 3105 322 3184 sanctitate,
346 3103 440 3164 modo
464 3104 631 3164 manifestis
654 3101 829 3163 criminibus
844 3103 1004 3165 obstinate
1016 3123 1071 3165 non

148 3188 288 3249 vixerint.
332 3187 433 3262 Quare
456 3186 529 3246 nihii
553 3193 609 3266 est,
633 3185 715 3266 quod
738 3184 897 3263 dubitetis,
920 3187 1007 3268 apud
1023 3206 1074 3247 vos

147 3289 216 3329 csse
238 3269 400 3329 ecclesiam
425 3269 499 3348 Dei,
530 3270 648 3329 etiamsi
671 3275 787 3329 tantum
816 3268 923 3329 decem
949 3271 998 3330 vei
1022 3290 1075 3331 sex

147 3358 260 3429 essent,
282 3354 333 3430 qui
355 3353 480 3413 verbum
502 3351 624 3414 habent,
668 3350 820 3431 Quidquid
833 3359 936 3413 autem
959 3354 980 3414 ii
998 3354 1076 3414 fece·

147 3435 208 3496 rint
226 3436 257 3493 in
279 3434 339 3494 hac
360 3454 463 3518 causa,
487 3437 577 3495 etiam
591 3435 852 3497 consentientibus
877 3438 1000 3516 ceteris,
1024 3436 1074 3516 qui

146 3517 271 3579 verbum
295 3516 431 3580 nondum
452 3518 576 3597 habent,
598 3517 690 3599 plane
708 3518 858 3580 Christum
883 3520 996 3580 fecisse
1013 3538 1073 3580 cer·

147 3606 296 3679 tumeat,
330 3602 424 3663 modo
454 3621 521 3662 oum
552 3602 722 3663 humilitate
744 3609 774 3662 et
796 3601 989 3665 orationibus
1011 3621 1072 3664 rem

146 3685 309 3768 gesserint,
332 3690 366 3745 ut
386 3684 528 3775 diximus.
