2392 4170
143 248 207 319 tta
493 246 539 304 ne
554 244 726 317 *ΝΜ*

145 426 277 499 minum,
305 440 372 495 seu,
392 428 427 482 nt
446 421 553 481 Petrus
580 430 688 485 rosal.
723 422 753 484 2
775 418 840 480 Pet
861 418 896 480 2.
927 410 1073 497 :ipim

143 508 324 587 ἀπωλείας,
343 508 435 573 huius
455 507 546 569 llooei
573 510 709 570 aarum
734 527 811 569 sum
853 504 887 567 S
915 506 999 566 emm
1021 502 1072 564 vel

143 596 254 658 horam
276 592 369 655 lucidi
378 594 532 655 intervalli
550 593 678 654 haberet
693 593 846 653 lunaticus
867 612 976 655 eorum
991 610 1074 653 mor

147 678 215 751 bns,
237 676 404 756 aliquando
426 688 510 740 uerte
530 678 680 741 riderent.
701 696 772 736 enm
794 676 843 737 liis
864 677 1008 738 omussius
1029 678 1075 737 ni·

147 770 251 823 tnntnr
271 764 348 823 eitra
367 762 494 823 uerbum
516 763 595 824 Dei.
623 781 685 821 non
709 759 831 825 (lirina.
860 761 916 822 sed
936 762 1074 822 hnmana

147 845 298 908 duntaxat
319 864 354 905 se
374 846 430 906 uiti
452 848 628 907 autoritate.
670 844 712 905 At
731 845 875 906 humanis
911 846 988 906 solis
1016 845 1073 904 niti

145 932 177 991 in
201 928 351 990 redivina
372 936 404 989 et
424 949 517 992 eausa
529 930 663 1010 pietatis.
684 937 718 988 nt
733 928 910 1009 scripturae
931 929 1072 989 omittam

98 1060 106 1085 ,
145 1014 337 1089 testimonia,
367 1014 435 1091 ipse
462 1013 621 1075 hominum
652 1015 826 1073 eommunis
852 1032 962 1072 sensns
988 1016 1075 1089 reete

147 1096 283 1159 damnat
336 1095 449 1158 Divina
476 1099 558 1158 enim
588 1095 756 1157 seeundum
790 1096 894 1158 divina
922 1096 1075 1156 duntaxat

148 1180 273 1253 eloquia
293 1180 359 1259 geri
380 1186 411 1240 et
427 1182 535 1242 volunt
557 1188 587 1241 et
602 1180 726 1243 debent.
748 1186 782 1240 nt
803 1181 852 1240 rel
875 1199 955 1240 unns
968 1179 1075 1239 lones

148 1266 180 1324 in
205 1264 447 1327 Deuteronomio
469 1264 712 1344 locupletissime
732 1270 870 1325 testatur.

230 1346 310 1423 Quid
335 1366 411 1426 ergo
433 1358 490 1426 est,
512 1356 546 1407 r'rt
566 1367 615 1408 me
637 1354 762 1423 sperent
784 1349 848 1407 suis
869 1347 1021 1426 propriis.
1040 1344 1073 1406 ia

150 1438 208 1505 est,
226 1431 370 1492 humanis
391 1434 575 1493 testimoniis
597 1431 732 1492 avellere
752 1451 771 1491 a
793 1430 928 1491 divinis?
950 1432 998 1490 An
1018 1428 1075 1489 fin

149 1520 227 1597 gnut
248 1514 412 1576 obscurum
437 1515 494 1575 sibi
517 1516 593 1595 ipsis
614 1532 700 1585 esse,
721 1514 853 1576 Sanetos
874 1522 905 1574 et
926 1518 1076 1585 neonisio

146 1600 178 1659 iu
199 1600 265 1658 rita
286 1605 318 1659 et
338 1602 458 1659 ernam
478 1601 510 1660 in
533 1597 675 1658 doctrina
696 1598 900 1677 saepissime?
924 1597 957 1657 Si
970 1596 1074 1658 antem

89 1694 94 1703 ’
147 1687 355 1762 peceaverunt
375 1686 406 1741 et
427 1680 808 1757 erraveruntsaepissime.
829 1682 898 1757 quis
911 1681 997 1740 iuror
1017 1686 1074 1757 est,

148 1784 254 1825 eornm
277 1765 361 1825 laeta
382 1772 413 1824 et
434 1765 516 1826 diota
537 1785 594 1843 pro
618 1765 729 1824 dirimo
751 1773 783 1824 et
803 1763 1015 1825 infallibilrlins
1028 1780 1076 1823 re

147 1846 228 1928 gulis
249 1847 373 1927 pietatis
385 1852 544 1911 statuere?
576 1846 690 1908 Nonne
708 1856 740 1908 et
760 1849 936 1921 eorumius,
957 1844 1075 1926 alioqui

148 1930 270 1991 summa
284 1932 403 2009 iniuria,
425 1938 600 2012 suspectam
613 1931 686 1991 iacit
709 1930 859 1992 eiusmodi
877 1931 1074 1990 autoritatem

148 2034 217 2075 anm
239 2012 326 2077 dioit:
349 2014 451 2076 Semel
474 2015 574 2076 malua
595 2034 718 2094 semper
728 2015 933 2094 praesumitur
954 2010 1076 2074 malus?

149 2096 226 2173 Quis
248 2100 328 2159 enim
351 2117 410 2158 nos
433 2106 535 2159 eertos
557 2098 659 2173 taeter,
681 2099 712 2158 in
736 2117 797 2177 quo
817 2117 880 2158 non
904 2097 1076 2159 erraverint

149 2180 274 2254 Patres,
301 2200 379 2260 quos
408 2182 590 2261 saepissime
612 2187 643 2241 tu
671 2183 738 2260 ipse
766 2199 886 2242 errasse
908 2179 1075 2257 confiteris,

150 2265 175 2323 si
197 2282 303 2323 eorum
325 2265 474 2326 autoritas
486 2266 561 2326 satis
575 2272 632 2341 est,
654 2282 713 2324 neo
732 2264 806 2325 linet
828 2285 896 2325 eam
917 2265 1076 2339 superiore

151 2347 315 2407 autoritate
337 2346 430 2408 divini
447 2348 561 2428 eloquii
589 2346 748 2407 indicare?
791 2349 832 2408 At
852 2349 910 2427 ipsi
941 2346 1076 2406 elucida-

150 2435 258 2490 verunt
280 2429 406 2511 eloquia
427 2431 558 2492 divina?
580 2430 656 2506 Quis
679 2438 711 2490 et·
731 2428 793 2495 hon
814 2433 857 2490 ita
879 2449 948 2490 esse
963 2429 1075 2509 prolia-

149 2512 217 2573 vit?
252 2512 331 2588 Quid
354 2515 380 2574 si
401 2534 465 2575 non
484 2515 584 2574 minus
599 2522 776 2575 erraverunt
787 2513 971 2574 elucidando
984 2530 1075 2593 quam

149 2595 283 2657 vivendo
306 2603 337 2658 et
358 2596 523 2659 docendo?
550 2597 662 2658 Omnia
690 2604 797 2658 nostra
818 2596 919 2659 adhuo
940 2596 1077 2656 hnmana

150 2678 242 2757 sanis,
274 2681 335 2741 hae
369 2683 509 2754 ratione,
549 2687 583 2741 ut
610 2688 678 2740 oum
709 2681 860 2741 Cicerone
890 2679 944 2739 tibi
974 2679 1077 2740 dicere

149 2764 281 2844 possim:
304 2763 452 2844 Fingebat
474 2763 717 2824 haeoHohrerus
733 2765 868 2825 humana
890 2763 1077 2823 transferens

150 2845 189 2907 ad
212 2846 307 2913 Deos.
329 2846 432 2908 divina
454 2847 577 2908 mallem
602 2845 641 2905 ad
664 2865 732 2907 nos.
775 2845 823 2908 lta
851 2854 882 2906 et
903 2853 935 2904 tu
960 2854 1001 2905 eir
1022 2846 1078 2906 ho-

150 2928 284 2990 minibus
295 2929 380 2990 Deos
402 2930 492 2991 uobis
513 2929 600 3005 lanis,
622 2934 654 2988 et
675 2929 770 2991 verbo
781 2930 840 2991 Dei
862 2928 958 2989 verba
980 2929 1077 2990 homi-

149 3034 221 3074 num
245 3032 408 3093 comparas
429 3014 697 3093 perniciosissime.

234 3096 365 3157 Proinde
387 3098 486 3158 sciant
506 3097 605 3157 insani
637 3093 816 3173 sophistae,
839 3092 954 3154 indocti
976 3093 1078 3155 Ponti·

150 3179 235 3254 flues,
256 3181 341 3259 impii
364 3179 559 3255 sacerdotes,
582 3178 723 3257 ‘sacrilegi
746 3176 911 3239 monaehi.
941 3184 971 3236 et
994 3184 1077 3238 totus

150 3261 235 3341 Papa
257 3282 326 3323 oum
349 3265 411 3323 anis
433 3259 809 3343 squamis,‚lupanaribus‚
830 3259 922 3334 lunis,
946 3260 1078 3322 excelsis

150 3344 310 3418 universis,
334 3364 476 3407 noanon
499 3348 568 3406 esse
589 3342 762 3424 baptisatos
790 3361 892 3422 neque
914 3340 1078 3404 credentes

149 3428 180 3488 in
204 3428 329 3489 nomine
352 3427 535 3508 Augustini,
563 3426 731 3488 Bernhardi
743 3474 753 3506 ‚
776 3425 935 3507 Gregorii,
965 3444 1025 3486 neo
1045 3428 1076 3487 in

150 3510 275 3572 nomine
297 3510 377 3572 Petri
399 3530 457 3572 neo
479 3511 582 3582 Pauli,
607 3529 665 3571 neo
693 3512 725 3570 in
748 3509 874 3570 nomine
899 3509 1001 3570 almae
1020 3507 1078 3570 Fa·

151 3590 272 3658 cultatis
293 3592 483 3674 'llreologiae
504 3594 683 3655 Parisiensis
705 3591 882 3661 Sodomae.
905 3598 958 3653 ant
978 3591 1077 3654 Lora·

150 3672 266 3739 niensis
288 3672 460 3739 Gomorrae
482 3686 551 3738 oum
585 3678 647 3737 suis
671 3675 794 3753 sorbis,
823 3675 877 3736 sed
899 3677 931 3735 iu
950 3676 1077 3737 uomltio

28 3794 105 3928 Ι
150 3758 248 3829 iota
267 3756 338 3827 lesa
360 3758 487 3850 Christi,
509 3778 600 3849 quam
628 3760 728 3825 solum
751 3756 935 3827 eonfitemur
961 3764 994 3830 st
1013 3754 1077 3825 nia·
