2392 4170
140 236 204 304 254
346 209 463 295 lixustio
484 244 641 297 Antichriat.
662 243 854 299 Decretalium.

144 393 178 454 D.
204 395 365 472 Martinus,
390 398 524 456 maxima
547 407 609 457 tum
632 398 802 459 Doctorum
824 409 889 462 tum
912 396 1072 477 Magistro-

141 493 209 620 qqrtm
221 477 411 636 alqorumque
427 477 579 540 literarum
593 481 825 543 candidatorum
844 482 1073 542 caterva-comi-

187 578 222 620 ιιι
275 607 282 623 .
706 579 713 599 ‘

145 777 147 785 ,
214 735 245 801 ἰ
266 737 317 789 Ηιι
338 741 365 789 in
384 737 428 789 ed.
449 739 518 806 orig.
538 738 580 790 his
599 739 689 791 vorbis
709 743 854 808 pergitur:-
867 738 1072 792 hemaucorum

146 814 239 861 tamen
260 809 372 877 aliquot
396 808 564 863 studentum
584 815 762 862 centenarii
754 828 848 880 ignem
869 812 1071 867 circumsisten

144 886 194 944 tes,
214 880 261 933 alii
281 897 348 935 voce
368 882 565 947 sublatissima
576 888 733 935 cantantes:
752 883 791 936 Te
807 883 897 937 Deum
916 881 1071 945 laudamus,

141 951 188 1004 alii
208 950 356 1020 exsequias
375 934 565 1006 Decretalium
580 954 707 1006 manibus
727 948 913 1008 celebrabant.
934 946 988 1006 Sed
1007 969 1070 1022 quis

140 1025 242 1090 poterit
260 1024 360 1077 frivola
378 1024 447 1078 haec
466 1027 560 1078 omnia
579 1025 741 1080 recensere?
768 1024 816 1087 Hie
837 1022 965 1117 omnibus
985 1027 1072 1119 finitis

143 1097 211 1147 itum
233 1097 325 1147 estad
345 1097 499 1164 prandium.

211 1166 281 1220 Acta
300 1167 415 1236 prandio
435 1168 641 1221 conducebatur
650 1169 801 1237 plaustrum
819 1169 912 1238 iugale
923 1170 1068 1234 rusticum

140 1238 215 1324 qnod
233 1239 395 1293 insederunt
404 1240 541 1294 candidati
554 1241 693 1292 literarum
706 1244 857 1308 personati,
877 1242 955 1294 habit
944 1210 1068 1308 tuplana

138 1313 265 1377 scenico,
298 1312 339 1365 vel
367 1328 422 1380 quo
451 1312 572 1366 advenas
602 1313 723 1370 triviales
757 1313 938 1366 scholasticos
966 1313 1067 1367 beania

139 1399 242 1436 exuere
260 1388 288 1437 e
305 1387 606 1453 gymnasticisinitiare
618 1385 716 1451 solent.
756 1384 902 1439 thabitu
923 1390 949 1438 et
968 1386 1068 1452 auriga

139 1462 304 1523 personatus
330 1459 489 1524 impetuoso
516 1457 627 1507 fremitu
657 1456 821 1524 libratisque
849 1456 949 1509 ictibus
965 1455 1068 1531 agebat

138 1542 233 1610 equos,
256 1533 337 1595 atque
356 1528 470 1581 adeout
489 1528 532 1579 vel
552 1530 676 1580 omnium
697 1535 821 1580 moveret
840 1528 1013 1589 cachinnum.
1030 1525 1064 1579 ιιι

139 1602 231 1667 priore
243 1598 358 1667 plaustri
374 1606 452 1668 parte
462 1593 602 1671 sedebant
620 1598 727 1668 pueruli
740 1605 859 1673 quatuor
870 1590 979 1650 iudaic'a
998 1613 1067 1653 voce

136 1672 336 1738 praecinentes.
375 1670 491 1724 quta
475 1668 545 1739 quos
560 1666 766 1756 antesignanus
786 1671 893 1723 Bullam
924 1671 1065 1739 prolixam

137 1751 258 1810 quatuor
283 1745 438 1796 cubitorum
459 1750 555 1811 (quam
575 1741 626 1796 XX
646 1747 736 1796 aureis
763 1760 779 1796 e
798 1745 888 1799 Roma
908 1749 1064 1812 coemptam

138 1817 263 1879 aiebant)
296 1817 414 1880 perticae
439 1815 561 1883 longiori
591 1817 704 1867 affixam
736 1831 786 1882 pro
820 1819 901 1884 signo
931 1815 1066 1887 erigebat,

138 1903 220 1954 quam
242 1895 338 1940 ventus
358 1889 572 1940 carbasiinstm
530 1887 748 1939 ttsridentem
774 1888 965 1939 circumduxit.
999 1887 1048 1938 Sta
1049 1915 1065 1924 -

139 1962 185 2011 bat
203 1962 268 2011 item
289 1959 387 2012 eodem
407 1974 489 2010 curru
509 1958 618 2010 tubicen
638 1958 712 2010 fictili
733 1975 847 2026 crepans
874 1962 940 2012 tuba
959 1958 1065 2011 oculos-

118 2047 191 2099 ,que
211 2034 336 2084 omnium
354 2035 382 2082 in
403 2047 433 2082 ae
453 2030 647 2091 convertebat,
669 2031 767 2082 dextra
786 2033 881 2082 tubam
902 2039 1010 2094 tenens,
1030 2033 1066 2082 si·

137 2105 225 2154 nistra
245 2118 310 2154 vero
323 2101 502 2169 rhompheam
515 2101 639 2153 bellicam
658 2110 779 2169 gestans,
798 2105 826 2169 in
838 2106 914 2154 cuius
930 2116 1065 2154 mucrone

136 2174 345 2243 indulgentialis
356 2175 433 2226 bulla
452 2175 493 2227 bis
513 2175 645 2225 transfixa
663 2174 775 2225 haerens
791 2174 961 2242 dependente
972 2181 1066 2227 cerata

136 2245 305 2299 classendice
317 2244 544 2313 conspiciebatur.
557 2243 684 2298 Vidimus
695 2251 721 2297 et
733 2246 813 2297 aliam
822 2247 925 2299 bullam
938 2245 1066 2313 pendulis

137 2319 236 2387 sigillis
245 2320 357 2369 affixam
366 2317 484 2370 sustolli.
502 2318 569 2369 Erat
579 2320 624 2385 qui
633 2318 755 2370 chartam
765 2317 1065 2371 densissimambacillo

135 2389 444 2457 atergopendulamier
481 2396 508 2441 at
509 2389 969 2458 quagrandioribusnotulishaec
980 2391 1066 2442 verba

135 2463 238 2528 scripta
257 2467 346 2515 erant:
369 2459 437 2514 lnh
496 2478 526 2515 re
550 2465 655 2516 ordinis
675 2464 905 2530 praedicatorum
944 2461 999 2515 Sub
1017 2475 1065 2531 pe·

137 2531 216 2585 dibus
231 2539 322 2584 autem
334 2534 518 2587 incedentium
530 2535 657 2588 iacebant
646 2534 759 2602 ilignea
770 2535 865 2586 fissilia
882 2541 909 2587 et
920 2537 1062 2602 virgarum

135 2605 259 2657 fasciculi
275 2605 423 2657 cremandi
462 2598 655 2674 spectaculo
649 2606 712 2657 huic
732 2607 914 2673 pomeridano
940 2621 995 2658 nou
1021 2607 1062 2658 in·

134 2679 228 2728 terl'uit
218 2677 279 2730 ιι),
297 2675 332 2728 Μ.
351 2675 429 2729 Luth.
456 2692 558 2747 neque
566 2679 662 2745 Philip.
682 2677 781 2731 Melan.
809 2694 896 2747 neque
922 2675 1060 2730 Oarolsta

134 2748 204 2800 dius
242 2750 328 2802 Porro
347 2751 500 2817 plaustrum
521 2751 708 2822 apparabatur
734 2752 763 2801 in
790 2750 925 2802 vestibulo
952 2749 1061 2802 aedium

134 2819 277 2873 cuiusdam
307 2822 501 2891 philosophiae
525 2823 665 2890 Magistri,
690 2823 730 2872 cui
760 2837 860 2874 nomen
880 2819 951 2875 Vah
989 2821 1061 2874 Hinc

135 2908 232 2945 currus
253 2900 383 2947 oneratus
405 2896 589 2947 vectabat-nr
583 2910 611 2946 ιιι
630 2909 723 2946 aream
744 2910 860 2961 gymnas
863 2897 958 2959 ticam,
976 2899 1060 2962 atque

135 2964 230 3017 audito
251 2964 366 3019 classico
387 2969 548 3035 crepituque
567 2966 679 3019 tubali
673 2981 819 3019 innumera
838 2964 985 3018 multitudo
997 2979 1062 3019 con·

133 3035 243 3098 fluebat.
281 3036 393 3090 Callatis
420 3037 538 3106 undiquc
556 3037 636 3090 libris
660 3044 687 3088 et
707 3037 848 3105 Papisticia
873 3044 900 3090 et
925 3037 1060 3099 Eccianis,

132 3110 197 3161 itam
218 3109 376 3176 sophisticis
395 3126 425 3162 ac
445 3113 517 3173 vasi,
543 3110 618 3178 quod
638 3111 728 3162 currui
748 3110 925 3174 iniiciebant,
945 3106 1060 3162 intrusis

133 3195 259 3245 cursum,
279 3196 360 3250 quem
381 3194 541 3250 coeperant,
578 3188 650 3233 recta
685 3182 822 3234 tenebant.
862 3183 951 3248 Papae
981 3181 1060 3247 deus,

133 3259 237 3322 quanta
254 3251 426 3305 literatorum
446 3255 601 3322 frequentia
625 3252 816 3323 comparebat,
851 3251 973 3304 certatim
993 3259 1060 3321 post

133 3340 243 3378 currum
270 3328 397 3378 nitentes.
435 3325 542 3392 Ubique
572 3325 717 3377 domorum
749 3340 763 3376 e
793 3325 897 3376 cunctis
929 3324 1059 3378 tenearis

131 3397 259 3452 homines
278 3398 489 3464 semiconspicui
508 3397 713 3464 prominebant,
744 3402 791 3448 aut
813 3399 904 3464 capita
928 3397 1058 3450 fenestris

132 3471 324 3534 emanabant,
352 3470 445 3520 autin
465 3470 570 3522 loribus
590 3467 698 3521 aedium
724 3482 838 3520 suarum
858 3467 1057 3523 subsistebant.

130 3539 312 3596 Admirantes
332 3539 457 3609 sclopnm
477 3540 648 3594 buccinalem
669 3556 701 3591 ac
720 3555 818 3592 sonum
829 3538 976 3592 hebraicae
995 3555 1057 3591 cau·

131 3616 214 3668 tionis
235 3614 434 3665 confusaneam
455 3621 481 3664 et
500 3619 605 3665 tantum
627 3613 819 3679 subsequentis
839 3609 937 3664 turbae
957 3611 1057 3663 tumul·

131 3692 189 3740 tam
208 3686 332 3738 novitate
352 3689 475 3738 insuetae
498 3687 538 3738 rei
570 3687 661 3737 cuncti
690 3685 821 3738 favebant
839 3683 1058 3751 applaudebant-

131 3773 185 3828 qua
204 3757 469 3825 comitandumque
488 3756 523 3809 ad
544 3772 652 3826 rogum.
690 3757 765 3826 Ignis
774 3757 848 3809 enlm
861 3754 1057 3810 antemeridia
