2392 4170
448 254 530 319 Deae.
551 253 628 316 aaa.
647 252 726 317 tuat.
989 247 1051 322 ebo

132 442 224 498 nante
245 435 277 498 in
299 435 369 499 loeo
392 435 457 500 eius
480 435 592 497 rorinio
614 433 749 516 pectoris
772 432 913 506 Romani,
936 430 1051 495 Satana

133 519 393 601 nequitiosissimo
416 518 543 583 obsessi.
589 598 591 601 Ι

216 602 267 666 Sia
292 601 414 666 Petram
451 602 522 665 tidei
550 602 682 663 inviotae
710 601 813 664 idattb.
845 605 883 669 16
916 601 1052 664 ieaerunt

132 685 281 767 Papetum
304 694 334 748 et
356 687 489 767 Papam,
518 686 568 765 qui
598 704 660 746 non
684 685 777 747 modo
801 686 872 748 vieti
896 692 965 747 sunt
987 686 1051 746 tos·

133 769 266 832 dissimis
287 769 440 847 erroribus
462 776 492 830 et
513 769 669 849 pereatis,
692 768 746 830 sed
769 769 954 849 quotidianis
977 769 1051 830 abo·

135 853 337 916 uenationum
360 852 510 932 exemplis
532 852 700 915 obruuntur
722 858 753 914 et
773 851 984 914 absorbentur.

88 942 89 945 ’
215 936 283 1019 sio,
306 936 356 999 ubi
378 936 515 998 Obristus
537 935 644 1012 dooet,
672 935 787 996 nulium
815 955 884 996 esse
907 955 1050 1014 magnum

131 1021 161 1080 in
184 1041 241 1081 sua
268 1021 416 1101 eoelesia,
450 1020 507 1080 nisi
537 1021 576 1080 sit
598 1019 733 1080 omnium
762 1038 882 1097 servus,
916 1019 1052 1080 feeerunt
1114 1091 1119 1098 ⁴

131 1103 203 1166 buia
226 1106 396 1167 sententiaa
419 1104 510 1164 atium
533 1121 652 1183 nasum,
676 1107 710 1163 ut
731 1101 806 1167 nihil
828 1103 885 1164 nisi
906 1121 1050 1184 magnum

132 1188 162 1249 in
185 1187 316 1249 eoelesia
337 1188 395 1249 Dei
417 1193 594 1249 statuerent.

215 1271 394 1333 Furentibus
417 1277 517 1333 autem
539 1269 586 1330 his
614 1271 765 1351 portentis
787 1268 1050 1331 abominationum

132 1354 233 1435 rapuit
252 1374 302 1417 me
316 1355 464 1417 Dominus
487 1353 710 1434 imprudentem
732 1355 762 1414 in
781 1353 897 1414 medias
919 1352 974 1413 has
993 1357 1053 1413 tur·
1175 1368 1178 1373 ·

132 1437 205 1515 bas,
240 1446 270 1499 st
299 1439 464 1500 oeoasione
496 1435 936 1516 faitaeiumioduigentiarum
967 1433 1053 1496 dedit

132 1521 203 1582 mibi
231 1521 350 1602 aliquot
379 1520 552 1601 Soripturae
579 1519 666 1581 looos
695 1519 829 1582 somnae
857 1527 1051 1600 extorquere,

132 1622 188 1665 eeu
213 1604 331 1666 olavam
359 1602 398 1665 de
427 1623 518 1665 manu
541 1602 681 1680 Heronti,
715 1609 746 1664 et
773 1622 919 1683 germano
948 1602 1052 1664 sensui
1159 1652 1163 1660 .

132 1688 254 1768 spiritus
277 1690 444 1752 restituere.
477 1687 544 1762 Hie,
567 1687 665 1746 Deum
687 1687 800 1760 vivum,
825 1693 940 1766 quanto
963 1693 1050 1748 aestu

133 1788 277 1850 spumare
298 1773 400 1852 eoepit
421 1771 507 1833 furor
525 1788 640 1848 eorum,
663 1777 786 1849 paratus
810 1769 930 1831 eoelum
954 1776 1051 1849 terrae

133 1861 164 1914 et
184 1854 287 1933 ignem
317 1854 392 1915 mari
420 1856 564 1932 miseere,
593 1853 711 1914 soilioet
739 1855 818 1914 ferre
845 1872 906 1913 non
931 1861 1051 1934 potens,

133 1937 310 2001 eornieulae
331 1957 406 1999 suae
427 1937 544 1998 detrahi
559 1936 675 1997 alienas
689 1936 820 2016 plumas,
844 1936 952 2016 quibus
968 1935 1051 1996 iliam

117 2021 257 2104 'egregie
279 2021 310 2082 in
335 2021 485 2083 vinarium
510 2020 620 2082 curisti
643 2018 856 2081 adornaverat.

214 2104 283 2184 Ego
306 2124 381 2166 vero
402 2105 589 2183 oornioutem
619 2105 713 2164 istum¹
736 2104 865 2182 primum
888 2103 961 2162 satis
987 2121 1051 2163 rno-

134 2184 219 2247 deste
240 2194 272 2248 et
291 2195 466 2249 reverenter
494 2187 678 2261 tremebam,
707 2186 768 2248 boe
794 2187 893 2266 ipsum
919 2186 1052 2246 maxime

134 2286 241 2346 agens,
264 2268 447 2351 utPapatus
470 2269 608 2333 nonnihil
631 2274 723 2345 esset,
744 2270 867 2350 ignarus
888 2269 987 2348 ipsum
1011 2289 1052 2330 ex

135 2349 283 2412 diametro
305 2372 442 2433 pugnare
464 2355 520 2414 toti
546 2353 735 2433 Scripturas,
767 2359 927 2413 contentus
950 2357 1053 2412 autem

133 2452 216 2495 eram
239 2433 320 2495 soles
337 2434 508 2516 seripturas
531 2454 717 2515 expurgare,
745 2435 893 2515 Papatum
916 2433 978 2495 tale
1000 2434 1052 2495 aii·

134 2517 207 2596 quid
230 2516 360 2599 doeens,
389 2517 492 2598 qualia
518 2525 590 2578 sont
615 2536 710 2599 regna
740 2526 770 2579 et
791 2519 977 2599 prineipatus
999 2518 1052 2579 bo·

133 2602 259 2663 minum.
316 2601 419 2662 Atilii
441 2600 554 2680 longae
581 2601 750 2681 tyrannidis
778 2622 834 2662 usu
861 2601 992 2662 indurati
1021 2607 1053 2662 et

132 2683 281 2747 haetenus
310 2702 455 2746 aueeessu
486 2680 600 2744 fraudis
637 2685 739 2759 (iuxta
773 2682 949 2767 Danielem)
980 2683 1052 2745 elati

133 2766 373 2830 contemnebant
395 2765 576 2830 modestiam
600 2772 632 2828 et
653 2769 854 2831 reverentiam
877 2788 993 2849 msam,
1021 2768 1052 2828 in

133 2848 234 2913 laeum
257 2850 315 2913 Dei
343 2871 431 2913 suum
462 2848 579 2911 idolum
608 2851 741 2911 statuere
766 2860 996 2931 praesumentes
1023 2857 1054 2912 st

133 2932 242 2994 mediis
263 2933 426 3015 seripturis
447 2935 587 2995 miseere,

217 3015 354 3080 Christus
377 3023 479 3080 autem
509 3014 582 3077 mibi
610 3014 748 3096 spiritam
771 3017 987 3097 suppeditabat
1008 3019 1054 3078 in·

133 3099 250 3179 signem
287 3109 530 3182 oontemptorem
571 3104 633 3160 tam
666 3095 780 3158 fraudis
820 3117 910 3178 quam
945 3102 1054 3162 furoris

133 3182 291 3261 papistioi,
312 3184 461 3266 feritque,
489 3191 521 3245 ut
544 3201 605 3261 quo
627 3181 728 3261 magis
750 3180 920 3260 Scripturas
943 3204 1053 3264 purga-

132 3284 206 3340 rem,
229 3284 267 3326 eo
281 3269 393 3328 eortius
405 3267 667 3343 abominationem
682 3264 861 3344 impiieitam
876 3266 1055 3344 invenirem,

133 3345 235 3409 donee
252 3366 290 3409 eo
313 3369 362 3410 res
382 3369 438 3431 per
460 3367 583 3410 manum
596 3349 742 3428 ,potentis
756 3348 848 3408 laeob
871 3350 1054 3428 pervenerit,

133 3435 166 3490 ut
187 3429 379 3493 evidentibus
402 3439 433 3492 et
449 3434 533 3514 puris
547 3431 710 3512 seripturis
732 3431 905 3492 eonvietnm
930 3434 978 3508 sit,
1001 3433 1055 3493 Pa·

133 3533 215 3594 pem,
238 3511 468 3594 Episoopos¹)‚
488 3513 684 3594 Ssoerdotes,
698 3515 878 3588 Monaobos,
894 3515 1054 3593 Menidas,

132 3596 259 3674 idissas,
286 3603 317 3657 et
339 3599 513 3659 universum
541 3617 668 3677 regnum
696 3598 775 3658 istud
805 3618 872 3658 eum
895 3600 957 3658 suis
981 3597 1054 3679 dog·

132 3725 342 3735 ---—-.—-

204 3777 236 3852 1)
257 3776 290 3837 Io
307 3776 353 3838 od.
373 3776 452 3837 doma
469 3777 591 3849 Papam,
610 3778 786 3850 Omdtnales,
804 3780 980 3857 Epiroopoa.'
