2392 4170
381 235 790 294 transaliacensem.
994 232 1057 301 393

127 393 211 468 rint,
226 430 240 449 ι.
255 392 286 452 id
306 392 390 471 qnod
412 393 472 454 hac
505 393 646 454 Danielis
665 392 887 473 explanatione
916 391 1057 454 arbitror

132 497 184 538 me
206 477 395 556 praestitisse
419 477 551 556 egregie.
596 477 761 539 Volueram
784 476 872 557 plura
893 475 982 537 huius
995 476 1057 538 ¹Ga·

131 560 246 621 tharini
267 560 435 634 confutare,
458 561 637 639 praesertim
658 560 743 639 illud,
765 560 847 640 quod
869 559 943 620 mihi
963 559 1057 621 homo

133 644 335 704 suavissimus
356 650 387 705 et
408 645 601 704 acutissimus
613 643 773 706 Themista
794 643 951 705 concedit:
975 662 1058 704 amo·

86 715 93 738 ¹
131 746 198 788 rem
227 746 296 787 esse
328 728 459 808 priorem
489 726 561 787 edio
592 726 655 807 (sic
683 729 762 788 anim
793 746 852 806 ego
881 727 1057 804 docueram,

133 810 248 872 odiam*
270 811 390 888 peccati
419 818 449 871 et
476 812 691 871 contritionem
721 830 761 871 ex
790 831 896 872 amore
925 811 1058 872 iustitiae

132 895 236 974 priore
257 892 381 971 fluere).
426 895 539 955 Verum
564 895 806 954 amorem-illurn
829 895 872 955 ait
894 913 1058 955 esseamo·

132 997 196 1038 rem
222 978 278 1055 sui,
301 995 362 1056 quo
385 996 453 1037 sese
476 977 569 1038 homo
593 977 701 1056 diligit,
723 984 881 1056 nepereat
901 984 994 1057 atque
1015 978 1059 1038 ita

132 1067 293 1141 peccatam
323 1060 422 1136 odiat,
461 1080 524 1120 non
558 1059 666 1121 videns
693 1061 928 1122 insulsissimum
956 1067 1058 1142 caput,

133 1162 271 1205 amorem
292 1143 375 1204 hunc
401 1163 470 1204 esse
491 1144 723 1219 iniordinatum,
754 1145 911 1224 servilem,
942 1163 1057 1206 merce·

133 1229 261 1305 narium,
283 1238 314 1287 ct
334 1228 426 1306 plane
448 1227 532 1298 illud,
554 1235 661 1289 contra
682 1227 919 1307 quoduniversa
941 1227 1059 1308 pugnat

133 1310 300 1391 Scriptura.
344 1309 467 1372 Scilicet
489 1311 565 1371 tales
588 1319 658 1371 sunt
680 1312 729 1372 isti
752 1312 945 1383 contritores,
968 1312 1058 1372 satis·

132 1395 282 1467 tectores,
307 1393 518 1471 confessores,
541 1399 575 1455 ut
596 1395 694 1455 amori
716 1395 782 1473 isti,
814 1395 950 1456 omnium
973 1394 1060 1457 vitio·

133 1498 199 1538 ram
223 1477 316 1552 fonti,
346 1477 479 1537 tribuant
506 1497 584 1558 opus
607 1479 726 1539 virtutis
749 1485 779 1538 et
802 1477 907 1538 odium
929 1478 1058 1559 peccati.

131 1560 356 1633 OThcmistae,
380 1561 573 1641 opapistas,
597 1581 616 1622 o
640 1562 856 1640 Romanistaa,
879 1561 1060 1641 deploratae

136 1644 301 1704 caecicatis
344 1644 493 1706 homines.
538 1644 599 1704 Sed
643 1645 714 1722 quia
760 1651 843 1706 totus
885 1643 962 1706 liber
997 1663 1058 1705 non

137 1728 195 1788 nisi
239 1727 388 1787 caecitate
438 1734 469 1787 et
520 1727 740 1788 confusissimis
784 1728 936 1789 erroribus
979 1747 1062 1787 men·

137 1810 295 1888 daciisqus
326 1816 440 1889 scatet,
471 1818 503 1870 ut
536 1811 612 1870 mult
600 1816 647 1871 tas
680 1810 779 1871 lernae
814 1818 939 1890 superet
972 1830 1061 1887 unus,

136 1893 165 1953 id
212 1893 295 1972 quod
339 1912 446 1953 omnes
483 1895 596 1973 nostri,
640 1895 691 1973 qui
733 1893 855 1973 legunt,
899 1900 1060 1974 quantum·

133 1978 182 2037 vis
217 1975 337 2037 barbari
385 1983 416 2037 et
452 1976 569 2037 bestiae
607 1978 667 2037 sint
686 1975 863 2075 Germani,
902 1995 964 2037 uno
1008 1996 1062 2038 ore

136 2059 335 2136 confitentur,
369 2044 414 2120 sic
449 2062 528 2120 enim
563 2066 593 2120 et
621 2067 653 2120 tu
685 2062 751 2138 ipse
784 2060 924 2121 iudicasti
956 2060 1061 2140 explo-

137 2145 225 2203 sicne
247 2142 418 2239 digniorem
442 2162 531 2221 quam
558 2143 781 2221 confutatione,
809 2143 965 2224 suspendo
993 2143 1062 2204 vela

137 2226 351 2307 disputationis
375 2245 453 2285 mec.
497 2226 587 2302 Quod
617 2227 642 2286 si
670 2247 731 2307 qua
751 2229 783 2287 in
806 2247 844 2288 eo
867 2233 949 2288 esset
970 2227 1061 2287 etiarn

137 2309 181 2369 vis
203 2309 319 2388 ingenii
342 2316 373 2368 et
394 2309 590 2384 eruditionis,
620 2317 722 2370 tamen
751 2330 820 2371 cum
843 2311 953 2371 Daniel
976 2328 1061 2370 meus

138 2394 311 2453 universum
335 2394 523 2472 papistarum
548 2412 675 2472 regnum
705 2413 768 2455 nno
786 2395 913 2474 ⁴impetu
935 2393 1062 2455 devora·

137 2477 182 2555 rit,
204 2475 295 2536 facile
307 2482 336 2536 et
347 2475 429 2535 hunc
443 2474 640 2536 Gatharinnm
653 2495 691 2538 eo
704 2496 800 2556 regno
809 2478 945 2538 maxime
966 2479 1062 2536 niten-

139 2565 196 2619 tem
221 2559 311 2618 simul
339 2558 482 2637 devorat,
511 2559 582 2638 quid
613 2559 705 2619 faciet
733 2561 856 2620 unicum
886 2561 989 2621 folium
1013 2559 1063 2619 ad·

137 2662 241 2703 versus
265 2649 389 2703 ventum
411 2641 551 2703 arborem
575 2660 644 2714 cam
668 2642 771 2704 radice
793 2642 1004 2704 evertentem?

218 2724 265 2785 Ad
289 2724 467 2785 Silvestrum
490 2745 580 2803 vero,
617 2745 706 2803 quem
740 2727 819 2786 inter
845 2726 924 2786 haec
951 2726 989 2786 ad
1013 2745 1061 2786 me

137 2810 257 2883 misisti,
291 2808 365 2868 nihil
388 2808 470 2868 aliud
492 2807 684 2888 respondeo,
714 2829 805 2888 quam
835 2808 917 2887 quod
940 2808 978 2869 ad
1002 2808 1061 2868 Re·

136 2892 246 2970 plicam
275 2893 340 2952 eius
371 2891 442 2951 olim
472 2890 627 2972 respondi.
683 2893 806 2954 Praeter
826 2892 947 2953 titulum
971 2893 1062 2967 enim,

97 2986 100 2992 '
137 2994 195 3054 quo
219 2978 313 3035 iactat
336 2983 436 3035 errata
458 2981 488 3034 et
511 2981 691 3055 argumenta
713 2977 833 3037 Martini
856 2975 978 3036 Lutheri
1003 2973 1061 3034 dis-

136 3076 223 3119 cussa
253 3064 282 3117 et
300 3060 381 3124 ,trita
410 3064 477 3135 etc,
499 3059 573 3119 nihil
601 3059 682 3119 facit.
730 3060 814 3119 Deus
842 3058 941 3136 bone,
970 3055 1063 3118 atiani

134 3140 219 3202 ltalia
242 3148 303 3200 tam
339 3140 467 3202 barbara
502 3149 531 3201 et
567 3141 755 3203 monstrifica
786 3143 911 3222 ingenia
937 3139 1061 3202 tandem

135 3224 252 3305 gignit?
281 3224 348 3284 Nec
368 3223 462 3283 habet
483 3225 590 3284 infelix
613 3225 758 3285 facierum
782 3244 836 3285 rex
858 3226 935 3286 alios
960 3224 1063 3285 defen-

136 3327 229 3383 sores,
254 3326 345 3386 quam
368 3307 425 3367 hos
447 3308 684 3379 insulsissimos,
706 3308 896 3383 rudissimos,
918 3307 1061 3369 indoctis·

136 3392 228 3452 simos
256 3390 446 3471 nugatores?
479 3390 577 3466 Quam
606 3391 733 3452 feliciter
764 3393 843 3451 enim
874 3391 1062 3472 theologiset

135 3472 297 3547 Silvester,
330 3473 401 3532 hinc
423 3474 615 3552 aestimabis,
652 3475 734 3553 quod
767 3475 810 3534 ait
842 3473 880 3534 de
901 3475 1062 3536 honestate

135 3577 216 3633 esse,
258 3576 320 3616 non
352 3556 390 3616 de
422 3559 622 3635 necessitate,
658 3557 783 3638 diligere
804 3558 904 3618 Deum
933 3577 972 3618 ex
996 3563 1062 3617 toto

135 3639 225 3700 corde
236 3638 348 3720 ,quod
373 3638 445 3717 quid
467 3646 513 3700 est
533 3640 631 3715 aliud,
653 3659 744 3720 quam
766 3641 970 3722 abrogareet
958 3638 1062 3703 trefi·

135 3707 206 3804 ger'e
224 3723 399 3784 universam
428 3723 528 3805 legem
556 3724 635 3785 Dei?
678 3723 704 3788 0
728 3725 878 3806 furorem,
910 3744 929 3786 ο
958 3723 1063 3804 impie-
