<?xml version="1.0" encoding="UTF-8"?>
<!DOCTYPE html PUBLIC "-//W3C//DTD XHTML 1.0 Transitional//EN"
    "http://www.w3.org/TR/xhtml1/DTD/xhtml1-transitional.dtd">
<html xmlns="http://www.w3.org/1999/xhtml" xml:lang="en" lang="en">
 <head>
  <title>
</title>
<meta http-equiv="Content-Type" content="text/html;charset=utf-8" />
  <meta name='ocr-system' content='tesseract 3.04.00' />
  <meta name='ocr-capabilities' content='ocr_page ocr_carea ocr_par ocr_line ocrx_word'/>
</head>
<body>
  <div class='ocr_page' id='page_1' title='image "./dmartinilutheri03luthgoog_0134.png"; bbox 0 0 2340 4162; ppageno 0'>
   <div class='ocr_carea' id='block_1_1' title="bbox 367 254 1059 333">
    <p class='ocr_par' dir='ltr' id='par_1_1' title="bbox 367 254 1059 333">
     <span class='ocr_line' id='line_1_1' title="bbox 367 254 1059 333; baseline 0.004 -19"><span class='ocrx_word' id='word_1_1' title='bbox 367 257 786 317; x_wconf 68' lang='lat' dir='ltr'><strong>umnsmmsmr.</strong></span> <span class='ocrx_word' id='word_1_2' title='bbox 997 254 1059 333; x_wconf 71' lang='lat' dir='ltr'><strong>top</strong></span> 
     </span>
    </p>
   </div>
   <div class='ocr_carea' id='block_1_2' title="bbox 120 420 1138 3171">
    <p class='ocr_par' dir='ltr' id='par_1_2' title="bbox 120 420 1138 3171">
     <span class='ocr_line' id='line_1_2' title="bbox 137 420 1058 509; baseline 0.005 -25"><span class='ocrx_word' id='word_1_3' title='bbox 137 422 305 509; x_wconf 68' lang='lat' dir='ltr'><strong>prophetoe</strong></span> <span class='ocrx_word' id='word_1_4' title='bbox 326 420 464 505; x_wconf 71' lang='lat' dir='ltr'><strong>generali</strong></span> <span class='ocrx_word' id='word_1_5' title='bbox 486 421 653 504; x_wconf 81' lang='lat' dir='ltr'><strong>sententis,</strong></span> <span class='ocrx_word' id='word_1_6' title='bbox 675 422 784 486; x_wconf 83' lang='lat' dir='ltr'><strong>Omnis</strong></span> <span class='ocrx_word' id='word_1_7' title='bbox 807 423 1058 507; x_wconf 66' lang='lat' dir='ltr'><strong>bononiensia,</strong></span> 
     </span>
     <span class='ocr_line' id='line_1_3' title="bbox 138 506 1057 586; baseline 0.003 -17"><span class='ocrx_word' id='word_1_8' title='bbox 138 522 194 569; x_wconf 84' lang='lat' dir='ltr'><strong>nen</strong></span> <span class='ocrx_word' id='word_1_9' title='bbox 213 514 342 569; x_wconf 78' lang='lat' dir='ltr'><strong>tsbstus</strong></span> <span class='ocrx_word' id='word_1_10' title='bbox 363 506 484 585; x_wconf 86' lang='lat' dir='ltr'><strong>Petrus,</strong></span> <span class='ocrx_word' id='word_1_11' title='bbox 505 506 621 586; x_wconf 89' lang='lat' dir='ltr'><strong>primus</strong></span> <span class='ocrx_word' id='word_1_12' title='bbox 643 513 674 567; x_wconf 89' lang='lat' dir='ltr'><strong>et</strong></span> <span class='ocrx_word' id='word_1_13' title='bbox 695 509 906 570; x_wconf 73' lang='lat' dir='ltr'><strong>sanctissimus</strong></span> <span class='ocrx_word' id='word_1_14' title='bbox 921 512 1057 572; x_wconf 85' lang='lat' dir='ltr'><strong>omnlutn</strong></span> 
     </span>
     <span class='ocr_line' id='line_1_4' title="bbox 128 588 1057 673; baseline 0.005 -21"><span class='ocrx_word' id='word_1_15' title='bbox 128 590 317 673; x_wconf 81' lang='lat' dir='ltr'><strong>pontificum,</strong></span> <span class='ocrx_word' id='word_1_16' title='bbox 339 589 380 653; x_wconf 86' lang='lat' dir='ltr'><strong>sb</strong></span> <span class='ocrx_word' id='word_1_17' title='bbox 402 589 464 650; x_wconf 87' lang='lat' dir='ltr'><strong>lree</strong></span> <span class='ocrx_word' id='word_1_18' title='bbox 482 588 660 651; x_wconf 75' lang='lat' dir='ltr'><strong>infirmitate</strong></span> <span class='ocrx_word' id='word_1_19' title='bbox 682 589 758 651; x_wconf 88' lang='lat' dir='ltr'><strong>liber</strong></span> <span class='ocrx_word' id='word_1_20' title='bbox 780 591 844 666; x_wconf 85' lang='lat' dir='ltr'><strong>luit,</strong></span> <span class='ocrx_word' id='word_1_21' title='bbox 866 594 939 672; x_wconf 84' lang='lat' dir='ltr'><strong>quin</strong></span> <span class='ocrx_word' id='word_1_22' title='bbox 961 597 1057 657; x_wconf 81' lang='lat' dir='ltr'><strong>nexis</strong></span> 
     </span>
     <span class='ocr_line' id='line_1_5' title="bbox 126 672 1058 754; baseline 0.003 -18"><span class='ocrx_word' id='word_1_23' title='bbox 126 674 321 736; x_wconf 66' lang='lat' dir='ltr'><strong>emulatione</strong></span> <span class='ocrx_word' id='word_1_24' title='bbox 341 681 452 735; x_wconf 80' lang='lat' dir='ltr'><strong>eontra</strong></span> <span class='ocrx_word' id='word_1_25' title='bbox 476 672 634 733; x_wconf 81' lang='lat' dir='ltr'><strong>veritetem</strong></span> <span class='ocrx_word' id='word_1_26' title='bbox 653 674 804 754; x_wconf 75' lang='lat' dir='ltr'><strong>evangelii</strong></span> <span class='ocrx_word' id='word_1_27' title='bbox 825 676 996 754; x_wconf 77' lang='lat' dir='ltr'><strong>insederst,</strong></span> <span class='ocrx_word' id='word_1_28' title='bbox 1015 680 1058 739; x_wconf 81' lang='lat' dir='ltr'><strong>its</strong></span> 
     </span>
     <span class='ocr_line' id='line_1_6' title="bbox 124 754 1056 842; baseline 0.001 -23"><span class='ocrx_word' id='word_1_29' title='bbox 124 768 154 820; x_wconf 83' lang='lat' dir='ltr'><strong>et</strong></span> <span class='ocrx_word' id='word_1_30' title='bbox 172 757 276 839; x_wconf 75' lang='lat' dir='ltr'><strong>rigide</strong></span> <span class='ocrx_word' id='word_1_31' title='bbox 288 754 434 838; x_wconf 71' lang='lat' dir='ltr'><strong>quidem,</strong></span> <span class='ocrx_word' id='word_1_32' title='bbox 457 756 514 817; x_wconf 87' lang='lat' dir='ltr'><strong>sed</strong></span> <span class='ocrx_word' id='word_1_33' title='bbox 525 758 722 818; x_wconf 67' lang='lat' dir='ltr'><strong>uenustissime</strong></span> <span class='ocrx_word' id='word_1_34' title='bbox 734 759 972 839; x_wconf 73' lang='lat' dir='ltr'><strong>reprehensione</strong></span> <span class='ocrx_word' id='word_1_35' title='bbox 984 780 1056 842; x_wconf 85' lang='lat' dir='ltr'><strong>spe-</strong></span> 
     </span>
     <span class='ocr_line' id='line_1_7' title="bbox 123 841 1056 922; baseline 0.001 -18"><span class='ocrx_word' id='word_1_36' title='bbox 123 842 192 904; x_wconf 84' lang='lat' dir='ltr'><strong>stoli</strong></span> <span class='ocrx_word' id='word_1_37' title='bbox 214 842 303 903; x_wconf 76' lang='lat' dir='ltr'><strong>Pauli</strong></span> <span class='ocrx_word' id='word_1_38' title='bbox 325 859 404 922; x_wconf 89' lang='lat' dir='ltr'><strong>opus</strong></span> <span class='ocrx_word' id='word_1_39' title='bbox 426 841 566 902; x_wconf 81' lang='lat' dir='ltr'><strong>hebuerit</strong></span> <span class='ocrx_word' id='word_1_40' title='bbox 587 842 716 922; x_wconf 82' lang='lat' dir='ltr'><strong>surrigi,</strong></span> <span class='ocrx_word' id='word_1_41' title='bbox 738 848 772 902; x_wconf 89' lang='lat' dir='ltr'><strong>ut</strong></span> <span class='ocrx_word' id='word_1_42' title='bbox 793 842 831 903; x_wconf 89' lang='lat' dir='ltr'><strong>ed</strong></span> <span class='ocrx_word' id='word_1_43' title='bbox 855 841 984 904; x_wconf 78' lang='lat' dir='ltr'><strong>Galatas</strong></span> <span class='ocrx_word' id='word_1_44' title='bbox 1011 863 1056 905; x_wconf 83' lang='lat' dir='ltr'><strong>se</strong></span> 
     </span>
     <span class='ocr_line' id='line_1_8' title="bbox 122 920 1057 1007; baseline 0.002 -21"><span class='ocrx_word' id='word_1_45' title='bbox 122 920 224 987; x_wconf 76' lang='lat' dir='ltr'><strong>sendo</strong></span> <span class='ocrx_word' id='word_1_46' title='bbox 247 925 402 989; x_wconf 85' lang='lat' dir='ltr'><strong>esribitur.</strong></span> <span class='ocrx_word' id='word_1_47' title='bbox 425 923 494 1000; x_wconf 79' lang='lat' dir='ltr'><strong>Quo</strong></span> <span class='ocrx_word' id='word_1_48' title='bbox 517 923 711 985; x_wconf 89' lang='lat' dir='ltr'><strong>nobilissimo</strong></span> <span class='ocrx_word' id='word_1_49' title='bbox 732 925 878 1006; x_wconf 83' lang='lat' dir='ltr'><strong>exemplo</strong></span> <span class='ocrx_word' id='word_1_50' title='bbox 900 928 1057 1007; x_wconf 73' lang='lat' dir='ltr'><strong>perspiri</strong></span> 
     </span>
     <span class='ocr_line' id='line_1_9' title="bbox 121 1008 1053 1083; baseline 0 -13"><span class='ocrx_word' id='word_1_51' title='bbox 121 1018 183 1070; x_wconf 85' lang='lat' dir='ltr'><strong>tum</strong></span> <span class='ocrx_word' id='word_1_52' title='bbox 206 1017 352 1070; x_wconf 75' lang='lat' dir='ltr'><strong>sanetum</strong></span> <span class='ocrx_word' id='word_1_53' title='bbox 374 1009 404 1067; x_wconf 89' lang='lat' dir='ltr'><strong>in</strong></span> <span class='ocrx_word' id='word_1_54' title='bbox 429 1008 563 1068; x_wconf 82' lang='lat' dir='ltr'><strong>ecelesia</strong></span> <span class='ocrx_word' id='word_1_55' title='bbox 585 1015 765 1083; x_wconf 68' lang='lat' dir='ltr'><strong>monstrato,</strong></span> <span class='ocrx_word' id='word_1_56' title='bbox 790 1008 819 1068; x_wconf 92' lang='lat' dir='ltr'><strong>in</strong></span> <span class='ocrx_word' id='word_1_57' title='bbox 844 1009 939 1070; x_wconf 86' lang='lat' dir='ltr'><strong>literis</strong></span> <span class='ocrx_word' id='word_1_58' title='bbox 949 1022 1053 1071; x_wconf 79' lang='lat' dir='ltr'><strong>seore-</strong></span> 
     </span>
     <span class='ocr_line' id='line_1_10' title="bbox 120 1089 1055 1171; baseline 0 -18"><span class='ocrx_word' id='word_1_59' title='bbox 120 1092 247 1153; x_wconf 79' lang='lat' dir='ltr'><strong>tlsslmis</strong></span> <span class='ocrx_word' id='word_1_60' title='bbox 272 1091 397 1171; x_wconf 67' lang='lat' dir='ltr'><strong>rubeto,</strong></span> <span class='ocrx_word' id='word_1_61' title='bbox 427 1089 534 1151; x_wconf 84' lang='lat' dir='ltr'><strong>fideles</strong></span> <span class='ocrx_word' id='word_1_62' title='bbox 557 1091 669 1151; x_wconf 77' lang='lat' dir='ltr'><strong>Christi</strong></span> <span class='ocrx_word' id='word_1_63' title='bbox 693 1090 849 1152; x_wconf 87' lang='lat' dir='ltr'><strong>erudimur</strong></span> <span class='ocrx_word' id='word_1_64' title='bbox 863 1099 895 1153; x_wconf 90' lang='lat' dir='ltr'><strong>et</strong></span> <span class='ocrx_word' id='word_1_65' title='bbox 916 1095 990 1153; x_wconf 86' lang='lat' dir='ltr'><strong>uerti</strong></span> <span class='ocrx_word' id='word_1_66' title='bbox 1007 1113 1055 1153; x_wconf 90' lang='lat' dir='ltr'><strong>su-</strong></span> 
     </span>
     <span class='ocr_line' id='line_1_11' title="bbox 121 1174 1056 1255; baseline 0.001 -19"><span class='ocrx_word' id='word_1_67' title='bbox 121 1186 199 1253; x_wconf 72' lang='lat' dir='ltr'><strong>etus,</strong></span> <span class='ocrx_word' id='word_1_68' title='bbox 216 1174 306 1255; x_wconf 83' lang='lat' dir='ltr'><strong>qnod</strong></span> <span class='ocrx_word' id='word_1_69' title='bbox 327 1175 354 1234; x_wconf 89' lang='lat' dir='ltr'><strong>si</strong></span> <span class='ocrx_word' id='word_1_70' title='bbox 377 1175 446 1253; x_wconf 86' lang='lat' dir='ltr'><strong>quis</strong></span> <span class='ocrx_word' id='word_1_71' title='bbox 471 1194 608 1235; x_wconf 89' lang='lat' dir='ltr'><strong>summus</strong></span> <span class='ocrx_word' id='word_1_72' title='bbox 630 1174 781 1254; x_wconf 80' lang='lat' dir='ltr'><strong>pontifex,</strong></span> <span class='ocrx_word' id='word_1_73' title='bbox 793 1175 901 1235; x_wconf 89' lang='lat' dir='ltr'><strong>eedem</strong></span> <span class='ocrx_word' id='word_1_74' title='bbox 913 1176 994 1237; x_wconf 88' lang='lat' dir='ltr'><strong>Petri</strong></span> <span class='ocrx_word' id='word_1_75' title='bbox 1006 1176 1056 1237; x_wconf 84' lang='lat' dir='ltr'><strong>vel</strong></span> 
     </span>
     <span class='ocr_line' id='line_1_12' title="bbox 121 1257 1056 1338; baseline -0.001 -18"><span class='ocrx_word' id='word_1_76' title='bbox 121 1259 214 1320; x_wconf 81' lang='lat' dir='ltr'><strong>simili</strong></span> <span class='ocrx_word' id='word_1_77' title='bbox 236 1257 415 1319; x_wconf 84' lang='lat' dir='ltr'><strong>lullrmitste</strong></span> <span class='ocrx_word' id='word_1_78' title='bbox 439 1257 554 1338; x_wconf 64' lang='lat' dir='ltr'><strong>lepsus,</strong></span> <span class='ocrx_word' id='word_1_79' title='bbox 578 1257 650 1337; x_wconf 88' lang='lat' dir='ltr'><strong>quid</strong></span> <span class='ocrx_word' id='word_1_80' title='bbox 673 1259 865 1337; x_wconf 87' lang='lat' dir='ltr'><strong>preeeeperit</strong></span> <span class='ocrx_word' id='word_1_81' title='bbox 885 1259 934 1318; x_wconf 86' lang='lat' dir='ltr'><strong>vel</strong></span> <span class='ocrx_word' id='word_1_82' title='bbox 952 1258 1056 1319; x_wconf 86' lang='lat' dir='ltr'><strong>deere-</strong></span> 
     </span>
     <span class='ocr_line' id='line_1_13' title="bbox 121 1338 1058 1422; baseline 0.001 -21"><span class='ocrx_word' id='word_1_83' title='bbox 121 1340 208 1422; x_wconf 73' lang='lat' dir='ltr'><strong>ssrll,</strong></span> <span class='ocrx_word' id='word_1_84' title='bbox 232 1338 317 1421; x_wconf 83' lang='lat' dir='ltr'><strong>quud</strong></span> <span class='ocrx_word' id='word_1_85' title='bbox 340 1348 447 1401; x_wconf 81' lang='lat' dir='ltr'><strong>uentre</strong></span> <span class='ocrx_word' id='word_1_86' title='bbox 470 1341 574 1401; x_wconf 79' lang='lat' dir='ltr'><strong>divine</strong></span> <span class='ocrx_word' id='word_1_87' title='bbox 597 1340 707 1401; x_wconf 85' lang='lat' dir='ltr'><strong>militet</strong></span> <span class='ocrx_word' id='word_1_88' title='bbox 740 1340 903 1415; x_wconf 75' lang='lat' dir='ltr'><strong>mundate,</strong></span> <span class='ocrx_word' id='word_1_89' title='bbox 924 1361 985 1402; x_wconf 87' lang='lat' dir='ltr'><strong>uon</strong></span> <span class='ocrx_word' id='word_1_90' title='bbox 1010 1362 1058 1402; x_wconf 88' lang='lat' dir='ltr'><strong>so·</strong></span> 
     </span>
     <span class='ocr_line' id='line_1_14' title="bbox 120 1424 1138 1505; baseline -0.003 -18"><span class='ocrx_word' id='word_1_91' title='bbox 120 1426 183 1487; x_wconf 79' lang='lat' dir='ltr'><strong>lent</strong></span> <span class='ocrx_word' id='word_1_92' title='bbox 206 1424 415 1486; x_wconf 71' lang='lat' dir='ltr'><strong>obediendum</strong></span> <span class='ocrx_word' id='word_1_93' title='bbox 438 1425 649 1500; x_wconf 79' lang='lat' dir='ltr'><strong>elnonense,</strong></span> <span class='ocrx_word' id='word_1_94' title='bbox 672 1425 882 1484; x_wconf 80' lang='lat' dir='ltr'><strong>verumetiam</strong></span> <span class='ocrx_word' id='word_1_95' title='bbox 895 1442 962 1488; x_wconf 89' lang='lat' dir='ltr'><strong>oum</strong></span> <span class='ocrx_word' id='word_1_96' title='bbox 983 1441 1057 1505; x_wconf 83' lang='lat' dir='ltr'><strong>spo·</strong></span> <span class='ocrx_word' id='word_1_97' title='bbox 1135 1465 1138 1469; x_wconf 92' lang='lat'><em>-</em></span> 
     </span>
     <span class='ocr_line' id='line_1_15' title="bbox 122 1506 1057 1586; baseline -0.002 -16"><span class='ocrx_word' id='word_1_98' title='bbox 122 1509 203 1571; x_wconf 80' lang='lat' dir='ltr'><strong>stulu</strong></span> <span class='ocrx_word' id='word_1_99' title='bbox 227 1506 326 1568; x_wconf 85' lang='lat' dir='ltr'><strong>Psulo</strong></span> <span class='ocrx_word' id='word_1_100' title='bbox 349 1507 511 1567; x_wconf 82' lang='lat' dir='ltr'><strong>inluuiem</strong></span> <span class='ocrx_word' id='word_1_101' title='bbox 534 1509 562 1567; x_wconf 87' lang='lat' dir='ltr'><strong>ei</strong></span> <span class='ocrx_word' id='word_1_102' title='bbox 584 1508 684 1568; x_wconf 86' lang='lat' dir='ltr'><strong>resisti</strong></span> <span class='ocrx_word' id='word_1_103' title='bbox 707 1525 817 1586; x_wconf 83' lang='lat' dir='ltr'><strong>posse,</strong></span> <span class='ocrx_word' id='word_1_104' title='bbox 848 1508 911 1567; x_wconf 90' lang='lat' dir='ltr'><strong>imo</strong></span> <span class='ocrx_word' id='word_1_105' title='bbox 934 1507 1057 1586; x_wconf 83' lang='lat' dir='ltr'><strong>debers,</strong></span> 
     </span>
     <span class='ocr_line' id='line_1_16' title="bbox 122 1589 1057 1672; baseline -0.003 -19"><span class='ocrx_word' id='word_1_106' title='bbox 122 1608 161 1653; x_wconf 83' lang='lat' dir='ltr'><strong>ss</strong></span> <span class='ocrx_word' id='word_1_107' title='bbox 182 1592 270 1652; x_wconf 83' lang='lat' dir='ltr'><strong>velut</strong></span> <span class='ocrx_word' id='word_1_108' title='bbox 291 1606 348 1672; x_wconf 85' lang='lat' dir='ltr'><strong>pes</strong></span> <span class='ocrx_word' id='word_1_109' title='bbox 366 1589 509 1651; x_wconf 79' lang='lat' dir='ltr'><strong>interiore</strong></span> <span class='ocrx_word' id='word_1_110' title='bbox 531 1590 668 1651; x_wconf 80' lang='lat' dir='ltr'><strong>membre</strong></span> <span class='ocrx_word' id='word_1_111' title='bbox 688 1589 856 1651; x_wconf 79' lang='lat' dir='ltr'><strong>infirmitati</strong></span> <span class='ocrx_word' id='word_1_112' title='bbox 879 1591 988 1670; x_wconf 87' lang='lat' dir='ltr'><strong>ospitis</strong></span> <span class='ocrx_word' id='word_1_113' title='bbox 1005 1591 1057 1670; x_wconf 86' lang='lat' dir='ltr'><strong>plu</strong></span> 
     </span>
     <span class='ocr_line' id='line_1_17' title="bbox 129 1672 1055 1754; baseline -0.004 -17"><span class='ocrx_word' id='word_1_114' title='bbox 129 1677 217 1737; x_wconf 74' lang='lat' dir='ltr'><strong>tortu</strong></span> <span class='ocrx_word' id='word_1_115' title='bbox 242 1674 384 1754; x_wconf 81' lang='lat' dir='ltr'><strong>eorporis</strong></span> <span class='ocrx_word' id='word_1_116' title='bbox 406 1673 612 1734; x_wconf 86' lang='lat' dir='ltr'><strong>sollieitudine</strong></span> <span class='ocrx_word' id='word_1_117' title='bbox 633 1675 778 1737; x_wconf 82' lang='lat' dir='ltr'><strong>sueeurri.</strong></span> <span class='ocrx_word' id='word_1_118' title='bbox 802 1673 843 1734; x_wconf 77' lang='lat' dir='ltr'><strong>Et</strong></span> <span class='ocrx_word' id='word_1_119' title='bbox 853 1674 884 1733; x_wconf 94' lang='lat' dir='ltr'><strong>in</strong></span> <span class='ocrx_word' id='word_1_120' title='bbox 899 1672 989 1735; x_wconf 91' lang='lat' dir='ltr'><strong>buius</strong></span> <span class='ocrx_word' id='word_1_121' title='bbox 1004 1693 1055 1733; x_wconf 79' lang='lat' dir='ltr'><strong>sx-</strong></span> 
     </span>
     <span class='ocr_line' id='line_1_18' title="bbox 130 1756 1056 1839; baseline -0.003 -20"><span class='ocrx_word' id='word_1_122' title='bbox 130 1759 217 1839; x_wconf 69' lang='lat' dir='ltr'><strong>eupli</strong></span> <span class='ocrx_word' id='word_1_123' title='bbox 239 1756 435 1838; x_wconf 75' lang='lat' dir='ltr'><strong>pressentetn</strong></span> <span class='ocrx_word' id='word_1_124' title='bbox 459 1776 497 1818; x_wconf 81' lang='lat' dir='ltr'><strong>so</strong></span> <span class='ocrx_word' id='word_1_125' title='bbox 517 1764 699 1838; x_wconf 81' lang='lat' dir='ltr'><strong>perpetuam</strong></span> <span class='ocrx_word' id='word_1_126' title='bbox 723 1757 901 1817; x_wconf 84' lang='lat' dir='ltr'><strong>memorium</strong></span> <span class='ocrx_word' id='word_1_127' title='bbox 913 1776 976 1818; x_wconf 91' lang='lat' dir='ltr'><strong>nou</strong></span> <span class='ocrx_word' id='word_1_128' title='bbox 990 1757 1056 1816; x_wconf 89' lang='lat' dir='ltr'><strong>siue</strong></span> 
     </span>
     <span class='ocr_line' id='line_1_19' title="bbox 127 1839 1055 1921; baseline -0.004 -19"><span class='ocrx_word' id='word_1_129' title='bbox 127 1840 275 1921; x_wconf 70' lang='lat' dir='ltr'><strong>singulari</strong></span> <span class='ocrx_word' id='word_1_130' title='bbox 297 1839 347 1900; x_wconf 84' lang='lat' dir='ltr'><strong>dei</strong></span> <span class='ocrx_word' id='word_1_131' title='bbox 369 1841 500 1901; x_wconf 83' lang='lat' dir='ltr'><strong>oonsilio</strong></span> <span class='ocrx_word' id='word_1_132' title='bbox 522 1841 636 1902; x_wconf 81' lang='lat' dir='ltr'><strong>lentum</strong></span> <span class='ocrx_word' id='word_1_133' title='bbox 659 1857 802 1900; x_wconf 89' lang='lat' dir='ltr'><strong>essenon</strong></span> <span class='ocrx_word' id='word_1_134' title='bbox 818 1839 949 1900; x_wconf 82' lang='lat' dir='ltr'><strong>obscure</strong></span> <span class='ocrx_word' id='word_1_135' title='bbox 969 1839 1055 1900; x_wconf 50' lang='lat' dir='ltr'><strong>intel*</strong></span> 
     </span>
     <span class='ocr_line' id='line_1_20' title="bbox 123 1922 1054 2006; baseline -0.004 -21"><span class='ocrx_word' id='word_1_136' title='bbox 123 1925 243 2006; x_wconf 72' lang='lat' dir='ltr'><strong>legitur,</strong></span> <span class='ocrx_word' id='word_1_137' title='bbox 264 1930 381 1985; x_wconf 84' lang='lat' dir='ltr'><strong>utnon</strong></span> <span class='ocrx_word' id='word_1_138' title='bbox 403 1923 502 1985; x_wconf 87' lang='lat' dir='ltr'><strong>solum</strong></span> <span class='ocrx_word' id='word_1_139' title='bbox 524 1929 649 1985; x_wconf 79' lang='lat' dir='ltr'><strong>sanetus</strong></span> <span class='ocrx_word' id='word_1_140' title='bbox 671 1923 787 1997; x_wconf 76' lang='lat' dir='ltr'><strong>Petrus,</strong></span> <span class='ocrx_word' id='word_1_141' title='bbox 818 1922 872 1983; x_wconf 86' lang='lat' dir='ltr'><strong>sed</strong></span> <span class='ocrx_word' id='word_1_142' title='bbox 895 1924 987 1984; x_wconf 85' lang='lat' dir='ltr'><strong>etism</strong></span> <span class='ocrx_word' id='word_1_143' title='bbox 1005 1931 1054 1982; x_wconf 81' lang='lat' dir='ltr'><strong>ss·</strong></span> 
     </span>
     <span class='ocr_line' id='line_1_21' title="bbox 123 2007 1053 2087; baseline -0.005 -18"><span class='ocrx_word' id='word_1_144' title='bbox 123 2009 229 2069; x_wconf 66' lang='lat' dir='ltr'><strong>luteris</strong></span> <span class='ocrx_word' id='word_1_145' title='bbox 258 2009 326 2068; x_wconf 85' lang='lat' dir='ltr'><strong>sius</strong></span> <span class='ocrx_word' id='word_1_146' title='bbox 355 2008 558 2087; x_wconf 77' lang='lat' dir='ltr'><strong>reprehensor</strong></span> <span class='ocrx_word' id='word_1_147' title='bbox 590 2007 702 2067; x_wconf 80' lang='lat' dir='ltr'><strong>Paulus</strong></span> <span class='ocrx_word' id='word_1_148' title='bbox 737 2013 864 2067; x_wconf 77' lang='lat' dir='ltr'><strong>sanotae</strong></span> <span class='ocrx_word' id='word_1_149' title='bbox 894 2007 1053 2068; x_wconf 75' lang='lat' dir='ltr'><strong>Romanus</strong></span> 
     </span>
     <span class='ocr_line' id='line_1_22' title="bbox 122 2090 1053 2170; baseline -0.004 -18"><span class='ocrx_word' id='word_1_150' title='bbox 122 2092 276 2152; x_wconf 84' lang='lat' dir='ltr'><strong>eoslssiee</strong></span> <span class='ocrx_word' id='word_1_151' title='bbox 298 2092 385 2150; x_wconf 73' lang='lat' dir='ltr'><strong>iuxta</strong></span> <span class='ocrx_word' id='word_1_152' title='bbox 405 2099 437 2151; x_wconf 90' lang='lat' dir='ltr'><strong>et</strong></span> <span class='ocrx_word' id='word_1_153' title='bbox 464 2090 553 2151; x_wconf 83' lang='lat' dir='ltr'><strong>simul</strong></span> <span class='ocrx_word' id='word_1_154' title='bbox 585 2090 853 2170; x_wconf 77' lang='lat' dir='ltr'><strong>pstroeiuerentur</strong></span> <span class='ocrx_word' id='word_1_155' title='bbox 881 2097 911 2149; x_wconf 89' lang='lat' dir='ltr'><strong>et</strong></span> <span class='ocrx_word' id='word_1_156' title='bbox 933 2108 1053 2170; x_wconf 85' lang='lat' dir='ltr'><strong>preess-</strong></span> 
     </span>
     <span class='ocr_line' id='line_1_23' title="bbox 125 2172 1054 2252; baseline -0.005 -16"><span class='ocrx_word' id='word_1_157' title='bbox 125 2185 204 2251; x_wconf 77' lang='lat' dir='ltr'><strong>seut,</strong></span> <span class='ocrx_word' id='word_1_158' title='bbox 229 2192 268 2234; x_wconf 87' lang='lat' dir='ltr'><strong>ue</strong></span> <span class='ocrx_word' id='word_1_159' title='bbox 290 2175 406 2233; x_wconf 85' lang='lat' dir='ltr'><strong>seilicet</strong></span> <span class='ocrx_word' id='word_1_160' title='bbox 427 2175 526 2234; x_wconf 86' lang='lat' dir='ltr'><strong>solum</strong></span> <span class='ocrx_word' id='word_1_161' title='bbox 550 2174 659 2249; x_wconf 75' lang='lat' dir='ltr'><strong>literis,</strong></span> <span class='ocrx_word' id='word_1_162' title='bbox 682 2173 736 2232; x_wconf 91' lang='lat' dir='ltr'><strong>sed</strong></span> <span class='ocrx_word' id='word_1_163' title='bbox 761 2172 897 2233; x_wconf 78' lang='lat' dir='ltr'><strong>sensibili</strong></span> <span class='ocrx_word' id='word_1_164' title='bbox 930 2192 1054 2252; x_wconf 83' lang='lat' dir='ltr'><strong>quoque</strong></span> 
     </span>
     <span class='ocr_line' id='line_1_24' title="bbox 122 2256 1054 2319; baseline -0.005 0"><span class='ocrx_word' id='word_1_165' title='bbox 122 2260 316 2319; x_wconf 81' lang='lat' dir='ltr'><strong>monimento</strong></span> <span class='ocrx_word' id='word_1_166' title='bbox 345 2257 432 2316; x_wconf 90' lang='lat' dir='ltr'><strong>buius</strong></span> <span class='ocrx_word' id='word_1_167' title='bbox 459 2276 577 2317; x_wconf 88' lang='lat' dir='ltr'><strong>summe</strong></span> <span class='ocrx_word' id='word_1_168' title='bbox 606 2257 773 2317; x_wconf 79' lang='lat' dir='ltr'><strong>necessarii</strong></span> <span class='ocrx_word' id='word_1_169' title='bbox 805 2275 842 2316; x_wconf 86' lang='lat' dir='ltr'><strong>ee</strong></span> <span class='ocrx_word' id='word_1_170' title='bbox 862 2256 1054 2317; x_wconf 78' lang='lat' dir='ltr'><strong>saluberrimi</strong></span> 
     </span>
     <span class='ocr_line' id='line_1_25' title="bbox 123 2340 1053 2420; baseline -0.004 -18"><span class='ocrx_word' id='word_1_171' title='bbox 123 2340 264 2420; x_wconf 83' lang='lat' dir='ltr'><strong>exempli</strong></span> <span class='ocrx_word' id='word_1_172' title='bbox 287 2340 409 2400; x_wconf 79' lang='lat' dir='ltr'><strong>assidue</strong></span> <span class='ocrx_word' id='word_1_173' title='bbox 431 2354 637 2416; x_wconf 82' lang='lat' dir='ltr'><strong>moneremur,</strong></span> <span class='ocrx_word' id='word_1_174' title='bbox 657 2347 719 2399; x_wconf 90' lang='lat' dir='ltr'><strong>tem</strong></span> <span class='ocrx_word' id='word_1_175' title='bbox 743 2340 811 2418; x_wconf 86' lang='lat' dir='ltr'><strong>ipse</strong></span> <span class='ocrx_word' id='word_1_176' title='bbox 825 2341 937 2419; x_wconf 81' lang='lat' dir='ltr'><strong>eapite,</strong></span> <span class='ocrx_word' id='word_1_177' title='bbox 962 2356 1053 2418; x_wconf 86' lang='lat' dir='ltr'><strong>quem</strong></span> 
     </span>
     <span class='ocr_line' id='line_1_26' title="bbox 124 2423 1055 2502; baseline -0.004 -17"><span class='ocrx_word' id='word_1_178' title='bbox 124 2442 181 2486; x_wconf 83' lang='lat' dir='ltr'><strong>uos</strong></span> <span class='ocrx_word' id='word_1_179' title='bbox 204 2423 353 2484; x_wconf 80' lang='lat' dir='ltr'><strong>membre.</strong></span> <span class='ocrx_word' id='word_1_180' title='bbox 398 2423 487 2499; x_wconf 82' lang='lat' dir='ltr'><strong>Quod</strong></span> <span class='ocrx_word' id='word_1_181' title='bbox 516 2425 540 2483; x_wconf 91' lang='lat' dir='ltr'><strong>si</strong></span> <span class='ocrx_word' id='word_1_182' title='bbox 564 2442 624 2502; x_wconf 85' lang='lat' dir='ltr'><strong>que</strong></span> <span class='ocrx_word' id='word_1_183' title='bbox 653 2424 823 2502; x_wconf 89' lang='lat' dir='ltr'><strong>potentium</strong></span> <span class='ocrx_word' id='word_1_184' title='bbox 861 2424 890 2482; x_wconf 87' lang='lat' dir='ltr'><strong>vi</strong></span> <span class='ocrx_word' id='word_1_185' title='bbox 920 2430 1055 2482; x_wconf 89' lang='lat' dir='ltr'><strong>ermetus</strong></span> 
     </span>
     <span class='ocr_line' id='line_1_27' title="bbox 124 2507 1053 2586; baseline -0.005 -17"><span class='ocrx_word' id='word_1_186' title='bbox 124 2516 244 2569; x_wconf 66' lang='lat' dir='ltr'><strong>mntem</strong></span> <span class='ocrx_word' id='word_1_187' title='bbox 268 2507 482 2586; x_wconf 76' lang='lat' dir='ltr'><strong>praevaluerit,</strong></span> <span class='ocrx_word' id='word_1_188' title='bbox 505 2514 538 2566; x_wconf 93' lang='lat' dir='ltr'><strong>ut</strong></span> <span class='ocrx_word' id='word_1_189' title='bbox 558 2507 659 2569; x_wconf 85' lang='lat' dir='ltr'><strong>resisti</strong></span> <span class='ocrx_word' id='word_1_190' title='bbox 682 2507 710 2565; x_wconf 90' lang='lat' dir='ltr'><strong>ei</strong></span> <span class='ocrx_word' id='word_1_191' title='bbox 734 2524 795 2565; x_wconf 93' lang='lat' dir='ltr'><strong>nou</strong></span> <span class='ocrx_word' id='word_1_192' title='bbox 818 2508 937 2585; x_wconf 86' lang='lat' dir='ltr'><strong>possit,</strong></span> <span class='ocrx_word' id='word_1_193' title='bbox 961 2526 1053 2565; x_wconf 91' lang='lat' dir='ltr'><strong>unum</strong></span> 
     </span>
     <span class='ocr_line' id='line_1_28' title="bbox 124 2588 1057 2670; baseline -0.004 -18"><span class='ocrx_word' id='word_1_194' title='bbox 124 2596 209 2652; x_wconf 78' lang='lat' dir='ltr'><strong>uerte</strong></span> <span class='ocrx_word' id='word_1_195' title='bbox 231 2590 305 2650; x_wconf 91' lang='lat' dir='ltr'><strong>illud</strong></span> <span class='ocrx_word' id='word_1_196' title='bbox 329 2590 516 2670; x_wconf 74' lang='lat' dir='ltr'><strong>praedictum</strong></span> <span class='ocrx_word' id='word_1_197' title='bbox 546 2589 762 2670; x_wconf 87' lang='lat' dir='ltr'><strong>eppelletionis</strong></span> <span class='ocrx_word' id='word_1_198' title='bbox 795 2588 961 2649; x_wconf 89' lang='lat' dir='ltr'><strong>remedium</strong></span> <span class='ocrx_word' id='word_1_199' title='bbox 990 2589 1057 2648; x_wconf 87' lang='lat' dir='ltr'><strong>reli·</strong></span> 
     </span>
     <span class='ocr_line' id='line_1_29' title="bbox 125 2672 1055 2817; baseline -0.005 -82"><span class='ocrx_word' id='word_1_200' title='bbox 125 2693 220 2817; x_wconf 64' lang='lat' dir='ltr'><strong>puum</strong></span> <span class='ocrx_word' id='word_1_201' title='bbox 244 2680 301 2749; x_wconf 85' lang='lat' dir='ltr'><strong>est,</strong></span> <span class='ocrx_word' id='word_1_202' title='bbox 324 2690 385 2751; x_wconf 91' lang='lat' dir='ltr'><strong>quo</strong></span> <span class='ocrx_word' id='word_1_203' title='bbox 409 2674 549 2754; x_wconf 76' lang='lat' dir='ltr'><strong>oppressi</strong></span> <span class='ocrx_word' id='word_1_204' title='bbox 576 2672 760 2733; x_wconf 85' lang='lat' dir='ltr'><strong>releventur.</strong></span> <span class='ocrx_word' id='word_1_205' title='bbox 791 2672 839 2731; x_wconf 85' lang='lat' dir='ltr'><strong>Ad</strong></span> <span class='ocrx_word' id='word_1_206' title='bbox 851 2672 933 2750; x_wconf 89' lang='lat' dir='ltr'><strong>quod</strong></span> <span class='ocrx_word' id='word_1_207' title='bbox 950 2682 979 2731; x_wconf 91' lang='lat' dir='ltr'><strong>et</strong></span> <span class='ocrx_word' id='word_1_208' title='bbox 996 2690 1055 2749; x_wconf 82' lang='lat' dir='ltr'><strong>ego</strong></span> 
     </span>
     <span class='ocr_line' id='line_1_30' title="bbox 150 2755 1056 2836; baseline -0.004 -19"><span class='ocrx_word' id='word_1_209' title='bbox 150 2766 233 2818; x_wconf 82' lang='lat' dir='ltr'><strong>teter</strong></span> <span class='ocrx_word' id='word_1_210' title='bbox 255 2757 403 2816; x_wconf 77' lang='lat' dir='ltr'><strong>Martinus</strong></span> <span class='ocrx_word' id='word_1_211' title='bbox 431 2757 543 2816; x_wconf 90' lang='lat' dir='ltr'><strong>Luther</strong></span> <span class='ocrx_word' id='word_1_212' title='bbox 572 2755 746 2836; x_wconf 81' lang='lat' dir='ltr'><strong>praedictus</strong></span> <span class='ocrx_word' id='word_1_213' title='bbox 770 2755 863 2815; x_wconf 90' lang='lat' dir='ltr'><strong>modo</strong></span> <span class='ocrx_word' id='word_1_214' title='bbox 893 2761 925 2814; x_wconf 87' lang='lat' dir='ltr'><strong>et</strong></span> <span class='ocrx_word' id='word_1_215' title='bbox 953 2756 1056 2813; x_wconf 81' lang='lat' dir='ltr'><strong>srrlmo</strong></span> 
     </span>
     <span class='ocr_line' id='line_1_31' title="bbox 125 2836 1056 2922; baseline -0.006 -21"><span class='ocrx_word' id='word_1_216' title='bbox 125 2840 293 2922; x_wconf 73' lang='lat' dir='ltr'><strong>praedietis</strong></span> <span class='ocrx_word' id='word_1_217' title='bbox 311 2839 490 2918; x_wconf 74' lang='lat' dir='ltr'><strong>confugiens</strong></span> <span class='ocrx_word' id='word_1_218' title='bbox 519 2839 588 2898; x_wconf 88' lang='lat' dir='ltr'><strong>dieo</strong></span> <span class='ocrx_word' id='word_1_219' title='bbox 612 2846 642 2898; x_wconf 86' lang='lat' dir='ltr'><strong>et</strong></span> <span class='ocrx_word' id='word_1_220' title='bbox 671 2856 824 2918; x_wconf 90' lang='lat' dir='ltr'><strong>propono:</strong></span> <span class='ocrx_word' id='word_1_221' title='bbox 869 2836 959 2912; x_wconf 83' lang='lat' dir='ltr'><strong>Quod</strong></span> <span class='ocrx_word' id='word_1_222' title='bbox 988 2856 1056 2895; x_wconf 88' lang='lat' dir='ltr'><strong>oum</strong></span> 
     </span>
     <span class='ocr_line' id='line_1_32' title="bbox 127 2920 1057 3002; baseline -0.006 -18"><span class='ocrx_word' id='word_1_223' title='bbox 127 2921 237 2984; x_wconf 76' lang='lat' dir='ltr'><strong>(liebus</strong></span> <span class='ocrx_word' id='word_1_224' title='bbox 261 2923 469 3002; x_wconf 86' lang='lat' dir='ltr'><strong>superioribus</strong></span> <span class='ocrx_word' id='word_1_225' title='bbox 492 2922 702 3001; x_wconf 82' lang='lat' dir='ltr'><strong>indulgentius</strong></span> <span class='ocrx_word' id='word_1_226' title='bbox 724 2940 743 2980; x_wconf 87' lang='lat' dir='ltr'><strong>e</strong></span> <span class='ocrx_word' id='word_1_227' title='bbox 765 2921 945 2999; x_wconf 84' lang='lat' dir='ltr'><strong>quibusdum</strong></span> <span class='ocrx_word' id='word_1_228' title='bbox 969 2920 1057 2980; x_wconf 83' lang='lat' dir='ltr'><strong>Gom·</strong></span> 
     </span>
     <span class='ocr_line' id='line_1_33' title="bbox 127 3004 1058 3084; baseline -0.005 -17"><span class='ocrx_word' id='word_1_229' title='bbox 127 3007 276 3067; x_wconf 84' lang='lat' dir='ltr'><strong>misseriis</strong></span> <span class='ocrx_word' id='word_1_230' title='bbox 302 3011 353 3078; x_wconf 89' lang='lat' dir='ltr'><strong>(ut</strong></span> <span class='ocrx_word' id='word_1_231' title='bbox 379 3005 575 3082; x_wconf 76' lang='lat' dir='ltr'><strong>asserebant)</strong></span> <span class='ocrx_word' id='word_1_232' title='bbox 609 3005 786 3084; x_wconf 80' lang='lat' dir='ltr'><strong>apostolicis</strong></span> <span class='ocrx_word' id='word_1_233' title='bbox 809 3004 1058 3064; x_wconf 74' lang='lat' dir='ltr'><strong>indiscretissime</strong></span> 
     </span>
     <span class='ocr_line' id='line_1_34' title="bbox 127 3087 1059 3171; baseline -0.008 -21"><span class='ocrx_word' id='word_1_234' title='bbox 127 3089 389 3171; x_wconf 72' lang='lat' dir='ltr'><strong>praedicerentur,</strong></span> <span class='ocrx_word' id='word_1_235' title='bbox 411 3092 441 3148; x_wconf 90' lang='lat' dir='ltr'><strong>in</strong></span> <span class='ocrx_word' id='word_1_236' title='bbox 464 3091 591 3168; x_wconf 85' lang='lat' dir='ltr'><strong>regione</strong></span> <span class='ocrx_word' id='word_1_237' title='bbox 611 3096 716 3148; x_wconf 85' lang='lat' dir='ltr'><strong>uestro</strong></span> <span class='ocrx_word' id='word_1_238' title='bbox 729 3087 896 3166; x_wconf 81' lang='lat' dir='ltr'><strong>Sexoniue,</strong></span> <span class='ocrx_word' id='word_1_239' title='bbox 918 3087 1009 3162; x_wconf 78' lang='lat' dir='ltr'><strong>edes,</strong></span> <span class='ocrx_word' id='word_1_240' title='bbox 1027 3091 1059 3144; x_wconf 90' lang='lat' dir='ltr'><strong>ut</strong></span> 
     </span>
    </p>
   </div>
   <div class='ocr_carea' id='block_1_3' title="bbox 127 3168 1058 3314">
    <p class='ocr_par' dir='ltr' id='par_1_3' title="bbox 127 3168 1058 3314">
     <span class='ocr_line' id='line_1_35' title="bbox 127 3168 1058 3314; baseline -0.009 -80"><span class='ocrx_word' id='word_1_241' title='bbox 127 3173 166 3234; x_wconf 81' lang='lat' dir='ltr'><strong>sd</strong></span> <span class='ocrx_word' id='word_1_242' title='bbox 189 3171 389 3252; x_wconf 80' lang='lat' dir='ltr'><strong>exsugendus</strong></span> <span class='ocrx_word' id='word_1_243' title='bbox 412 3173 518 3314; x_wconf 81' lang='lat' dir='ltr'><strong>populi</strong></span> <span class='ocrx_word' id='word_1_244' title='bbox 552 3172 698 3250; x_wconf 84' lang='lat' dir='ltr'><strong>pennulas</strong></span> <span class='ocrx_word' id='word_1_245' title='bbox 720 3171 887 3249; x_wconf 88' lang='lat' dir='ltr'><strong>iuoiperent</strong></span> <span class='ocrx_word' id='word_1_246' title='bbox 916 3168 1058 3243; x_wconf 81' lang='lat' dir='ltr'><strong>absurde,</strong></span> 
     </span>
    </p>
   </div>
   <div class='ocr_carea' id='block_1_4' title="bbox 128 3252 1060 3837">
    <p class='ocr_par' dir='ltr' id='par_1_4' title="bbox 128 3252 1060 3837">
     <span class='ocr_line' id='line_1_36' title="bbox 130 3252 1059 3335; baseline -0.009 -17"><span class='ocrx_word' id='word_1_247' title='bbox 130 3256 300 3331; x_wconf 70' lang='lat' dir='ltr'><strong>haeretios,</strong></span> <span class='ocrx_word' id='word_1_248' title='bbox 324 3254 411 3332; x_wconf 83' lang='lat' dir='ltr'><strong>blesp</strong></span> <span class='ocrx_word' id='word_1_249' title='bbox 435 3274 504 3315; x_wconf 85' lang='lat' dir='ltr'><strong>ems</strong></span> <span class='ocrx_word' id='word_1_250' title='bbox 527 3254 679 3335; x_wconf 87' lang='lat' dir='ltr'><strong>queedem</strong></span> <span class='ocrx_word' id='word_1_251' title='bbox 697 3253 887 3332; x_wconf 80' lang='lat' dir='ltr'><strong>proediosre,</strong></span> <span class='ocrx_word' id='word_1_252' title='bbox 911 3252 1059 3312; x_wconf 87' lang='lat' dir='ltr'><strong>insedue·</strong></span> 
     </span>
     <span class='ocr_line' id='line_1_37' title="bbox 128 3335 1057 3412; baseline -0.006 -13"><span class='ocrx_word' id='word_1_253' title='bbox 128 3340 249 3401; x_wconf 85' lang='lat' dir='ltr'><strong>tionem</strong></span> <span class='ocrx_word' id='word_1_254' title='bbox 272 3338 441 3397; x_wconf 81' lang='lat' dir='ltr'><strong>animorum</strong></span> <span class='ocrx_word' id='word_1_255' title='bbox 464 3336 619 3412; x_wconf 76' lang='lat' dir='ltr'><strong>fidelium,</strong></span> <span class='ocrx_word' id='word_1_256' title='bbox 649 3346 679 3396; x_wconf 88' lang='lat' dir='ltr'><strong>et</strong></span> <span class='ocrx_word' id='word_1_257' title='bbox 707 3355 859 3395; x_wconf 89' lang='lat' dir='ltr'><strong>summum</strong></span> <span class='ocrx_word' id='word_1_258' title='bbox 896 3335 980 3394; x_wconf 90' lang='lat' dir='ltr'><strong>ludib</strong></span> <span class='ocrx_word' id='word_1_259' title='bbox 998 3337 1057 3394; x_wconf 89' lang='lat' dir='ltr'><strong>&#39;um</strong></span> 
     </span>
     <span class='ocr_line' id='line_1_38' title="bbox 130 3418 1059 3500; baseline -0.005 -17"><span class='ocrx_word' id='word_1_260' title='bbox 130 3422 363 3483; x_wconf 76' lang='lat' dir='ltr'><strong>eoelesisstioee</strong></span> <span class='ocrx_word' id='word_1_261' title='bbox 387 3423 559 3500; x_wconf 78' lang='lat' dir='ltr'><strong>potestatis,</strong></span> <span class='ocrx_word' id='word_1_262' title='bbox 581 3419 759 3500; x_wconf 80' lang='lat' dir='ltr'><strong>praesertim</strong></span> <span class='ocrx_word' id='word_1_263' title='bbox 784 3418 823 3478; x_wconf 88' lang='lat' dir='ltr'><strong>de</strong></span> <span class='ocrx_word' id='word_1_264' title='bbox 843 3423 996 3497; x_wconf 73' lang='lat' dir='ltr'><strong>potestate</strong></span> <span class='ocrx_word' id='word_1_265' title='bbox 1007 3438 1059 3498; x_wconf 86' lang='lat' dir='ltr'><strong>pe·</strong></span> 
     </span>
     <span class='ocr_line' id='line_1_39' title="bbox 130 3501 1060 3585; baseline -0.005 -20"><span class='ocrx_word' id='word_1_266' title='bbox 130 3507 235 3585; x_wconf 83' lang='lat' dir='ltr'><strong>psein</strong></span> <span class='ocrx_word' id='word_1_267' title='bbox 248 3504 471 3585; x_wconf 80' lang='lat' dir='ltr'><strong>purgatorium,</strong></span> <span class='ocrx_word' id='word_1_268' title='bbox 493 3512 525 3564; x_wconf 91' lang='lat' dir='ltr'><strong>ut</strong></span> <span class='ocrx_word' id='word_1_269' title='bbox 547 3504 684 3564; x_wconf 86' lang='lat' dir='ltr'><strong>eontinet</strong></span> <span class='ocrx_word' id='word_1_270' title='bbox 707 3521 813 3563; x_wconf 89' lang='lat' dir='ltr'><strong>eorum</strong></span> <span class='ocrx_word' id='word_1_271' title='bbox 828 3501 956 3578; x_wconf 85' lang='lat' dir='ltr'><strong>libellus,</strong></span> <span class='ocrx_word' id='word_1_272' title='bbox 980 3520 1060 3580; x_wconf 81' lang='lat' dir='ltr'><strong>quse</strong></span> 
     </span>
     <span class='ocr_line' id='line_1_40' title="bbox 131 3585 1060 3664; baseline -0.006 -15"><span class='ocrx_word' id='word_1_273' title='bbox 131 3587 307 3649; x_wconf 78' lang='lat' dir='ltr'><strong>Summerie</strong></span> <span class='ocrx_word' id='word_1_274' title='bbox 327 3586 478 3649; x_wconf 88' lang='lat' dir='ltr'><strong>institutio</strong></span> <span class='ocrx_word' id='word_1_275' title='bbox 501 3594 646 3664; x_wconf 78' lang='lat' dir='ltr'><strong>vooetur,</strong></span> <span class='ocrx_word' id='word_1_276' title='bbox 670 3605 738 3645; x_wconf 85' lang='lat' dir='ltr'><strong>oum</strong></span> <span class='ocrx_word' id='word_1_277' title='bbox 762 3593 862 3645; x_wconf 87' lang='lat' dir='ltr'><strong>temen</strong></span> <span class='ocrx_word' id='word_1_278' title='bbox 886 3594 999 3644; x_wconf 76' lang='lat' dir='ltr'><strong>oenum</strong></span> <span class='ocrx_word' id='word_1_279' title='bbox 1022 3585 1060 3644; x_wconf 90' lang='lat' dir='ltr'><strong>sit</strong></span> 
     </span>
     <span class='ocr_line' id='line_1_41' title="bbox 133 3667 1060 3752; baseline -0.006 -21"><span class='ocrx_word' id='word_1_280' title='bbox 133 3690 173 3731; x_wconf 80' lang='lat' dir='ltr'><strong>er</strong></span> <span class='ocrx_word' id='word_1_281' title='bbox 196 3671 232 3733; x_wconf 83' lang='lat' dir='ltr'><strong>G.</strong></span> <span class='ocrx_word' id='word_1_282' title='bbox 255 3669 466 3749; x_wconf 70' lang='lat' dir='ltr'><strong>abusionibus,</strong></span> <span class='ocrx_word' id='word_1_283' title='bbox 488 3690 602 3752; x_wconf 80' lang='lat' dir='ltr'><strong>popum</strong></span> <span class='ocrx_word' id='word_1_284' title='bbox 625 3686 686 3729; x_wconf 90' lang='lat' dir='ltr'><strong>uon</strong></span> <span class='ocrx_word' id='word_1_285' title='bbox 709 3667 823 3728; x_wconf 86' lang='lat' dir='ltr'><strong>bebere</strong></span> <span class='ocrx_word' id='word_1_286' title='bbox 843 3686 984 3747; x_wconf 82' lang='lat' dir='ltr'><strong>prorsum</strong></span> <span class='ocrx_word' id='word_1_287' title='bbox 1018 3667 1060 3726; x_wconf 91' lang='lat' dir='ltr'><strong>ul-</strong></span> 
     </span>
     <span class='ocr_line' id='line_1_42' title="bbox 135 3749 1059 3837; baseline -0.006 -22"><span class='ocrx_word' id='word_1_288' title='bbox 135 3754 199 3815; x_wconf 77' lang='lat' dir='ltr'><strong>len</strong></span> <span class='ocrx_word' id='word_1_289' title='bbox 219 3759 407 3835; x_wconf 79' lang='lat' dir='ltr'><strong>potestetsm</strong></span> <span class='ocrx_word' id='word_1_290' title='bbox 429 3755 461 3815; x_wconf 92' lang='lat' dir='ltr'><strong>in</strong></span> <span class='ocrx_word' id='word_1_291' title='bbox 483 3753 705 3837; x_wconf 80' lang='lat' dir='ltr'><strong>purgstorinm.</strong></span> <span class='ocrx_word' id='word_1_292' title='bbox 736 3749 858 3813; x_wconf 79' lang='lat' dir='ltr'><strong>Deinde</strong></span> <span class='ocrx_word' id='word_1_293' title='bbox 885 3770 947 3811; x_wconf 85' lang='lat' dir='ltr'><strong>nne</strong></span> <span class='ocrx_word' id='word_1_294' title='bbox 967 3751 1059 3810; x_wconf 90' lang='lat' dir='ltr'><strong>totius</strong></span> 
     </span>
    </p>
   </div>
   <div class='ocr_carea' id='block_1_5' title="bbox 0 0 1186 4162">
    <p class='ocr_par' dir='ltr' id='par_1_5' title="bbox 0 0 1186 4162">
     <span class='ocr_line' id='line_1_43' title="bbox 0 0 1186 4162; baseline 0 0"><span class='ocrx_word' id='word_1_295' title='bbox 0 0 1186 4162; x_wconf 95' lang='lat' dir='ltr'><strong> </strong></span> 
     </span>
    </p>
   </div>
  </div>
 </body>
</html>
