2392 4170
134 232 179 309 90
486 241 710 303 uuaauuoss

135 426 206 473 mm
226 408 416 492 Principibus
429 412 519 473 istam
531 410 795 490 Vuittembergam
807 408 898 482 ferro,
918 407 1054 485 dauns,

134 493 222 576 igne,
244 501 276 557 et
303 493 445 557 omuibus
472 495 586 560 viribus
619 500 771 559 everteret
796 491 947 571 funditus,
974 510 1055 570 cuae

133 583 236 640 tantas
257 580 473 661 peruersitates
501 586 531 640 st
553 582 705 643 novitates
734 580 764 640 iu
786 577 848 639 lldc
867 582 898 638 et
918 576 1055 640 monitus

132 660 250 723 invenit
271 668 303 724 st
323 664 465 743 sequitur.
509 665 550 725 Et
578 669 660 726 esset
682 670 803 742 tempus
829 663 891 723 hoc
910 659 1054 741 faciendi,

132 764 174 807 ue
194 745 283 825 forte,
305 745 389 826 quod
412 746 512 825 absit,
533 749 624 810 etiam
650 748 791 809 mulieres
820 751 852 807 el
871 746 958 824 pueri
979 744 1055 805 ioci·

133 829 220 910 piant
254 828 367 892 docere
397 836 429 891 et
456 829 594 912 theologi
635 851 672 893 ac
698 831 835 912 Magistii
864 829 961 890 nostri
988 827 1056 889 fleri

137 908 235 994 (sicut
255 915 353 991 suut).
397 911 477 989 Quid
501 916 582 977 euim
604 920 668 977 tum
690 914 760 993 flet,
781 913 841 976 uisi
862 917 896 972 ut
916 910 1056 993 Magistri

132 996 336 1144 uostri2llant
365 997 507 1060 mulieres
529 1005 561 1060 et
587 999 693 1081 pueri,
723 1003 754 1059 ct
780 998 841 1059 siut
863 996 968 1057 amuis
988 1014 1056 1077 per·

134 1098 225 1145 versa

215 1164 264 1227 ltx
285 1164 334 1227 his
362 1185 436 1248 crgo
458 1166 670 1230 concludimus
698 1186 755 1248 per
782 1166 884 1226 locum
909 1163 1054 1225 econiu-

132 1248 227 1330 gatis:
253 1245 319 1312 Iste
337 1256 384 1312 cst
405 1270 562 1325 erroneus,
585 1258 616 1312 et
636 1252 695 1313 iste
717 1249 802 1327 cst1)
830 1248 949 1318 laicus,
977 1265 1054 1329 crgo

133 1338 182 1394 cst
200 1352 347 1395 erroneus
369 1334 477 1398 laicus.
497 1336 538 1397 Et
558 1336 681 1397 iterum:
703 1334 765 1396 late
786 1332 833 1395 es't
850 1350 1008 1406 erroneus,
1023 1335 1055 1392 ct

132 1415 191 1478 iste
212 1416 398 1494 adducens,
420 1438 495 1498 ergo
518 1425 564 1480 est
579 1438 726 1481 erroneus
748 1417 874 1480 docens.
905 1415 946 1477 Et
966 1414 1056 1476 ultra:

131 1497 257 1562 Dccsns
278 1508 327 1562 est
348 1515 503 1582 enoueus,
527 1520 601 1582 ergo
614 1501 755 1569 doctiiua
776 1505 824 1561 est
844 1518 982 1561 annues
1015 1496 1056 1558 lllt

132 1590 279 1646 econtra:
306 1584 397 1646 Alma
430 1584 573 1648 Facultas
607 1592 653 1647 ast
681 1591 784 1658 tecm,
811 1601 887 1661 ergo
914 1581 1055 1644 doctuiua

132 1667 233 1730 almae
255 1664 420 1731 Facultatls
441 1675 489 1730 est
509 1675 603 1733 recta.
646 1669 686 1730 Et
708 1670 752 1729 sic
773 1672 868 1748 patet,
889 1664 973 1746 quod
995 1665 1055 1727 istc

132 1750 357 1832 apologeticus
374 1757 421 1814 cst
436 1754 543 1831 laicus,
564 1754 694 1830 iuvenis,
717 1752 909 1826 coniugatus,
931 1765 1055 1829 parvus,

133 1852 263 1915 graecum
285 1840 317 1896 et
338 1854 493 1899 erroneus.
531 1836 635 1912 Quare
655 1834 846 1916 impossibile
867 1833 924 1894 suit
944 1838 975 1893 st
998 1836 1055 1907 cst,

132 1923 166 1979 ut
186 1920 344 1980 veritatem
369 1920 471 1997 sciret,
492 1920 563 1981 ideo
586 1927 618 1981 et
638 1939 696 1981 uos
720 1937 788 1979 eum
813 1935 851 1977 eo
874 1915 1055 1977 clementius

131 2008 271 2083 agentes,
292 2002 500 2079 attendendo,
528 2003 610 2083 quod
634 2021 797 2083 persuum
820 2000 1055 2077 Praeceptoreus

131 2084 307 2166 pasturum
340 2090 389 2146 est
410 2085 574 2165 seductus,
596 2106 742 2165 rogamus
765 2104 850 2160 eum,
872 2088 906 2144 ut
927 2082 1056 2144 desistat

132 2167 171 2228 ab
192 2187 314 2244 encre,
346 2167 451 2230 audiat
472 2189 545 2231 suos
568 2171 719 2246 Maiores,
754 2174 783 2228 et
812 2169 838 2226 si
869 2185 932 2226 uon
961 2163 1056 2226 habet

131 2249 220 2329 alios,
243 2251 352 2312 saltem
375 2271 512 2314 sonorem
536 2261 671 2315 nostram
683 2253 816 2333 Lipsiam
840 2249 954 2323 audiat,
976 2266 1056 2324 quac

132 2353 202 2395 eum
224 2334 304 2397 bcue
325 2335 545 2416 informabit²).
589 2338 629 2397 Et
656 2337 717 2397 hoc
745 2335 784 2395 de
807 2331 944 2394 secundo
965 2331 1054 2395 libro.

131 2480 252 2546 Liber
283 2486 432 2549 tertius
455 2485 642 2550 continet
664 2481 860 2569 quasdam
887 2458 1056 2565 regulas

392 2588 450 2654 pro
472 2568 636 2634 intellectu
657 2568 792 2633 Bibliae.

214 2697 250 2761 Iu
268 2699 338 2780 lege
356 2700 434 2761 lllosi
448 2706 647 2780 praeceptum
661 2698 727 2774 tuit,
741 2702 773 2756 ut
787 2693 964 2755 sacerdotes
980 2689 1055 2751 iudi-

133 2783 621 2864 dereutiut'e'rlepr'cmetlepram.
645 2773 1055 2842 lltsinesacerdotisiudicio

7 2896 10 2903 ·
133 2866 233 2928 nullus
255 2866 312 2927 fuit
332 2865 521 2948 deputandus
543 2864 674 2927 muudus
705 2862 753 2923 vel
775 2857 960 2921 immundus.
1005 2856 1057 2918 Sic

131 2950 163 3012 i'u
197 2968 280 3012 nova
312 2948 382 3030 lege
414 2949 573 3012 ordinatae
605 2954 677 3009 suut
707 2944 944 3015 universitates,
977 2940 1057 3000 iuter

133 3040 210 3114 quas
232 3034 342 3095 merito
371 3033 530 3114 praecellit
550 3037 655 3094 nostra
677 3028 857 3091 Parisieusis
886 3022 1055 3103 studiorum

133 3122 250 3196 mater,
283 3135 361 3195 quac
383 3116 422 3178 de
452 3116 599 3179 doctrinis
622 3114 771 3186 iudicent,
804 3117 834 3170 et
861 3110 927 3169 siue
950 3124 1055 3167 earum

132 3198 247 3261 iudicio
280 3218 372 3261 nemo
407 3200 576 3261 catholicus
610 3198 659 3258 vel
691 3195 863 3256 haereticus
891 3195 1056 3271 reputetur.

134 3278 237 3361 Quare
258 3301 314 3362 pro
336 3283 397 3344 isto
423 3282 536 3344 iudicio
558 3278 751 3344 informando
788 3295 904 3358 paucas
934 3272 1056 3352 regulas

133 3366 183 3427 vel
205 3365 350 3426 articulos
373 3384 532 3445 ponamus.

208 3630 241 3759 13
265 3628 335 3686 lbid.
361 3630 450 3685 deest:
475 3634 527 3686 est.
577 3631 606 3698 2)
631 3626 716 3683 lbid.:
746 3625 844 3680 saltam
875 3634 985 3704 sorores
1009 3632 1057 3673 uo·

134 3702 360 3831 muntoloulam
374 3707 402 3758 ct
420 3702 573 3757 Lovanium
590 3699 695 3766 audiat,
715 3711 787 3769 quaa
806 3710 867 3751 cum
882 3694 953 3748 benc
971 3688 1056 3745 sutor·
