2392 4170
134 274 199 344 w
356 269 565 352 mnenon.
584 280 619 336 ι.
639 282 665 334 ι,
684 281 838 336 suam

133 435 201 496 eins
222 437 345 519 fugies?
366 438 424 500 Ubi
446 458 528 520 papa
549 441 640 501 tunsi
662 436 720 498 Ubi
743 435 875 497 ecclesia
898 432 972 495 tusi
999 431 1056 492 Vis

136 517 378 584 dicant-Audi:

216 620 301 703 Papa
322 629 469 704 peccator
490 629 536 684 est
558 622 696 684 minister
716 617 840 682 diaboli.
895 638 898 644 ·
920 610 931 637 '

215 705 354 768 Ecclesia
376 726 476 787 pepee
497 713 545 768 est
566 722 727 788 synagoga
747 707 884 764 satanae.

215 789 351 851 Christus
371 791 469 852 iustus
491 797 537 850 est
558 809 614 850 rex
634 788 776 850 institiae.

216 872 357 935 Ecclesia
378 873 489 936 Christi
511 880 558 934 est
580 871 755 935 communio
777 868 971 932 sanctorum.
1029 880 1033 887 '

215 979 265 1047 Ex
288 980 397 1059 quibus
425 981 503 1042 ultra
525 962 733 1053 damudbitur,
765 972 913 1056 quidquid
940 971 1058 1049 statuit,

134 1060 206 1124 iecit
228 1069 259 1123 et
280 1064 393 1143 patitur
413 1083 511 1144 pape,
530 1070 624 1124 ruunt
644 1062 695 1123 hio
718 1061 823 1121 omnia
845 1058 968 1119 decreta
989 1056 1057 1116 eius

133 1151 163 1203 et
184 1146 358 1207 uuiversum
387 1167 514 1229 regnum
544 1147 617 1210 eius.
661 1144 741 1222 Quia
768 1148 828 1203 stet
849 1140 987 1209 Christus
1008 1137 1058 1199 iir-

134 1229 236 1290 miter:
273 1226 332 1305 Qui
361 1239 491 1291 nonest
520 1249 655 1304 mecum,
683 1232 791 1288 contra
813 1245 862 1286 me
885 1231 941 1287 est,
983 1221 1056 1283 Non

134 1319 181 1371 est
203 1313 366 1373 conventio
390 1314 498 1375 Christi
522 1322 552 1374 et
573 1311 679 1384 Belial,
701 1310 776 1371 lucis
800 1313 831 1370 et
852 1296 1057 1389 tenebremrp,

134 1392 214 1470 Quid
239 1395 298 1473 hic,
321 1396 495 1471 catharine,
517 1395 614 1457 diuisi
647 1394 731 1455 Mitte
753 1402 821 1454 tues
845 1390 1072 1451 distinctionest

133 1484 165 1537 et
185 1476 349 1558 Scripturis
371 1488 466 1557 certa,
487 1488 548 1554 aut,
571 1479 597 1540 si
619 1477 790 1557 distinguis,
812 1472 910 1556 proba
932 1471 1057 1535 distine-

133 1561 248 1623 tionem
267 1582 321 1641 per
343 1561 524 1645 Scripturas,
547 1570 578 1624 et
598 1560 756 1629 audiemus
777 1565 817 1621 te.

441 1690 490 1750 lix
512 1689 621 1771 quibus
641 1689 755 1750 iniero:

219 1806 310 1882 Quod
351 1803 530 1889 impiissime
561 1807 694 1871 abuteris
735 1805 859 1866 nomine
893 1800 1055 1876 ecclesias,

133 1889 183 1968 qui
207 1891 319 1968 omnia,
342 1911 421 1971 quae
443 1911 497 1971 per
518 1910 631 1971 popam
655 1896 686 1952 et
708 1908 763 1950 voe
786 1886 872 1963 liunt,
894 1884 933 1946 ab
956 1882 1056 1944 cccle-

132 1972 178 2032 sia
199 1973 319 2034 iactatis
342 1993 411 2036 esse
433 1974 535 2039 iacta..
566 1973 707 2036 Fetemur
739 1980 769 2032 et
802 1989 860 2031 uos
892 1966 1055 2029 ecclesiam

131 2061 217 2115 recte
236 2057 341 2117 omnia
363 2057 474 2138 fecere,
496 2057 550 2117 sed
573 2062 604 2116 tu
628 2076 689 2118 non
713 2061 795 2115 recte
817 2052 910 2132 facis,
931 2049 983 2131 qni
1006 2067 1056 2109 sc

133 2136 257 2197 olesiam
285 2139 441 2219 appellas,
472 2141 555 2219 quod
586 2140 749 2200 ecclesiam
781 2152 851 2197 esse
881 2141 1055 2213 conpotes

132 2218 273 2300 probare,
294 2228 326 2282 et
346 2222 403 2283 sub
416 2225 539 2283 nomine
551 2223 701 2283 ecclesiae
722 2220 844 2301 saepius
861 2235 1055 2299 synagogam

131 2310 260 2363 satanae
295 2303 383 2365 nobis
412 2308 599 2386 proponitis,
636 2311 666 2367 et
701 2323 757 2385 pro
790 2304 872 2364 lecto
905 2299 1058 2360 ecclesius

132 2385 245 2447 lectum
268 2394 395 2449 satanae
417 2408 473 2451 nos
498 2389 599 2451 colere
627 2389 753 2469 cogitis,
781 2383 976 2465 perditissimi
998 2399 1055 2442 vos

133 2473 259 2530 somnae
287 2471 424 2534 ministri.
469 2472 639 2533 Ecclesium
669 2473 747 2552 regit
769 2469 897 2549 Spiritus
920 2473 1056 2538 sanetus,

134 2549 188 2611 sed
210 2551 270 2613 ism
292 2553 454 2635 probatum
477 2562 539 2629 est,
571 2570 684 2635 papam
718 2562 748 2614 et
775 2571 861 2612 suum
890 2548 1054 2610 ecelesiam

134 2635 256 2715 seepius
278 2638 342 2716 regi
366 2638 470 2718 spiritu
501 2645 645 2711 satanae,
667 2654 767 2717 neque
789 2636 870 2695 enirn
892 2635 921 2692 in
945 2629 1054 2693 eodem

133 2725 262 2798 regnent
283 2722 404 2798 spiritus
417 2720 527 2783 Christi
550 2729 579 2782 et
602 2720 724 2801 spiritus
743 2724 879 2780 ostenae.
912 2714 983 2791 Noli
1006 2713 1057 2774 hic

134 2800 266 2863 clamare
288 2802 453 2881 Hnssitsm,
475 2805 592 2866 clamor
603 2822 664 2864 non
682 2802 774 2864 solvit
784 2805 976 2882 argumenta,
999 2814 1057 2857 nec

136 2882 281 2964 allegatio
303 2887 556 2950 inconvenientis.
599 2886 743 2948 Dissolve
763 2885 847 2966 prius
871 2881 1004 2955 ohiects,
1027 2885 1058 2940 et

134 2972 197 3027 tum
220 2967 330 3043 clame,
352 2968 487 3032 dissolve
508 2976 611 3031 sutem
632 2988 688 3050 per
708 2969 895 3048 Scriptores,
916 2983 978 3025 nou
1002 2981 1057 3042 per

134 3055 201 3109 tuss
223 3050 359 3129 putridos
381 3051 602 3116 distinctiones.
644 3053 745 3131 Atque
778 3057 810 3110 ut
839 3056 868 3109 et
897 3048 949 3109 hio
975 3045 1057 3109 olere

134 3149 237 3212 egem,
258 3134 288 3193 in
312 3132 530 3216 Syllogismum
552 3135 659 3218 redigo
681 3134 880 3195 sententium:

173 3230 295 3315 Omnia,
318 3250 397 3313 quae
416 3235 489 3296 iacit
510 3236 651 3312 ecclesie,
674 3234 802 3315 Spiritus
826 3239 951 3294 sanctus
972 3229 1056 3290 lesit.

175 3312 297 3394 Omnia,
320 3333 400 3396 quae
421 3337 503 3399 pape
524 3337 592 3379 cum
616 3318 678 3380 suis
699 3318 780 3392 facit,
801 3316 874 3377 lecit
895 3313 1037 3387 ecclesis,

176 3394 400 3546 omniinddd?
421 3420 500 3483 pepe
524 3421 591 3463 oum
615 3404 678 3462 suis
710 3402 799 3477 laeit,
831 3398 905 3460 facit
926 3395 1056 3475 Spiritus

218 3585 325 3667 Audis,
348 3587 532 3650 catherine?
564 3589 633 3650 Noli
656 3589 804 3649 Maiorem
833 3584 980 3668 probare,
1003 3580 1057 3646 ssd

133 3666 298 3750 Minorem,
333 3691 371 3732 ne
392 3672 518 3743 frustra,
551 3673 606 3733 sed
640 3672 752 3733 utiliter
782 3670 914 3732 labores.
968 3667 1057 3731 Tune

133 3757 234 3813 autem
257 3753 412 3836 probabis,
434 3756 459 3816 si
476 3775 587 3839 papam
609 3772 702 3836 supra
722 3761 840 3837 petrem
863 3751 1056 3816 sedidostum
