2392 4170
371 251 506 307 librorum
524 253 595 306 iuris
612 253 738 306 canonici
757 256 815 307 etc·
992 244 1055 315 259

132 411 167 466 ut
187 425 257 466 sese
278 407 377 488 ipsam
399 408 429 467 in
452 406 561 468 eodem
583 407 708 467 nomine
723 406 799 466 citra
811 425 908 467 meam
928 425 1053 486 operam

173 487 279 552 rilciat.
638 516 641 521 >
721 524 723 531 ι

131 507 192 615 pe-
214 572 338 635 Interim
361 574 453 633 etiem
476 574 547 633 volo
577 592 684 633 omnes
706 571 869 650 articulos,
898 591 954 653 per
983 575 1056 634 antl-

132 655 237 716 christi
260 657 403 716 nuncium
433 657 494 717 ism
523 675 561 716 ex
590 657 690 716 Rome
716 656 747 714 in
778 654 866 715 Bulla
888 657 1057 716 novissimo

133 737 296 800 damnatos
310 746 342 798 et
355 745 491 817 exustos,
502 746 534 799 ut
546 738 736 800 Christianos
757 747 788 797 et
802 757 891 798 veros
914 739 1056 819 amplecti

131 831 168 882 et·
185 841 308 884 servare
331 830 362 882 et
384 823 516 882 vicissim
541 823 666 882 totidem
690 821 945 900 articulospapne
959 825 1054 902 impu-¹

117 912 264 981 ,tare-ut
286 905 534 966 antichristianos
558 916 587 965 et
608 906 730 984 impios,
755 911 830 983 quot
850 922 988 966 meorum
1009 925 1054 965 are

132 989 293 1049 ticulorum
318 989 452 1049 damnati
474 997 553 1051 sunt.
596 987 673 1049 Nam
702 989 728 1047 si
750 985 864 1050 sudent
891 1003 978 1049 meos
1004 1008 1055 1048 ar*

132 1071 243 1132 ticutos
265 1070 454 1146 comburere,
478 1074 507 1131 in
533 1072 642 1151 quibus
664 1071 732 1152 plus
746 1069 907 1152 Evangelii
922 1080 1055 1132 etveree

131 1154 309 1236 theologiae
332 1161 388 1238 est,
411 1154 440 1214 id
463 1154 548 1234 quod
569 1157 634 1213 sine
655 1155 801 1214 iactantis
817 1163 854 1214 et
881 1172 959 1214 oum
982 1158 1054 1215 veri-

132 1245 196 1298 tate
227 1237 329 1298 dicere
362 1243 392 1298 et
414 1239 548 1317 probare
567 1256 712 1318 possum,
745 1255 834 1316 quam
857 1238 1055 1299 in‘omnibns

132 1341 234 1401 papae
256 1321 355 1398 libris,
388 1323 481 1381 multo
506 1323 622 1381 maiore
654 1323 761 1381 merito
784 1329 814 1380 et
847 1323 911 1380 inre
944 1324 1054 1402 impios

132 1423 239 1464 eornm
264 1405 356 1465 libros
379 1406 452 1464 iuris
476 1423 582 1479 exuro,
605 1405 634 1463 in
657 1403 767 1482 quibus
783 1402 855 1463 nihil
878 1401 950 1465 boni
968 1407 1057 1465 inest.

132 1487 224 1563 Quod
247 1488 273 1551 si
295 1487 406 1547 inillis
429 1489 519 1547 etiem
551 1487 665 1565 eliquid
689 1486 760 1548 boni
790 1484 924 1570 essetl),
943 1496 998 1547 >ub
1019 1486 1056 1549 de

133 1571 271 1632 Decretis
288 1571 374 1631 fateri
397 1589 502 1649 cogor,
526 1576 630 1630 totum*
645 1580 746 1636 tamen
770 1589 808 1631 eo
826 1568 1056 1649 deterremur,

133 1665 165 1714 ut
187 1663 299 1714 noceat
320 1661 351 1713 et
372 1673 484 1734 papam
513 1655 549 1713 in·
566 1655 623 1714 ‘sua
649 1653 887 1714 antichristlsnd
905 1663 934 1713 et
962 1655 1062 1734 impin

132 1736 295 1819 tyrannide
316 1736 484 1804 confirmet.
528 1737 654 1815 Omitto,
677 1736 758 1816 quod
780 1737 969 1797 nibileorum
981 1758 1056 1818 prce

133 1821 227 1881 nimie
257 1818 414 1899 diligentis
448 1820 636 1900 observatur,
669 1821 725 1880 nisi
761 1819 841 1898 quod
881 1821 992 1881 malum
1027 1830 1057 1880 et

132 1906 260 1964 noxium
283 1912 329 1963 est
351 1922 501 1969 servasse.

66 1993 69 1998 '
107 2003 111 2010 ·
216 1987 284 2065 Elgo
318 1988 481 2066 unicuique
514 1986 641 2047 libenter
662 2007 749 2046 sunm
772 1988 959 2066 permiserim
983 1986 1057 2047 iudi-

133 2073 224 2145 cium,
248 2089 318 2130 nam
342 2090 389 2130 me
411 2071 472 2130 hoc
498 2078 601 2130 movet
627 2073 836 2150 potissimum,
865 2070 946 2150 quod
976 2090 1057 2150 papa

133 2173 300 2234 nunquam,
322 2174 361 2213 ne
383 2153 479 2214 semel
502 2152 640 2232 quidem,
663 2172 846 2233 quemquam
876 2156 982 2214 vicerit
1009 2154 1055 2212 vel

134 2237 291 2317 Scriptura
324 2236 370 2296 vel
401 2239 530 2313 ratione,
565 2239 614 2315 qui
647 2246 754 2296 eontra
786 2239 885 2317 ipsum
921 2238 1058 2313 dixisset,
1162 2312 1163 2315 Ἴ

134 2324 317 2401 scripsisset,
341 2321 388 2380 vel
411 2322 542 2393 lenisset,
565 2320 619 2380 sed
643 2338 764 2400 semper
785 2322 825 2397 vi,
848 2322 1056 2380 excommuni-

134 2407 274 2479 catione,
311 2422 365 2483 per
389 2422 493 2483 reges,
525 2405 678 2484 principes
705 2410 735 2463 et
756 2403 889 2482 reliquos
911 2405 1056 2480 lautores,

135 2495 187 2548 eut
208 2507 264 2566 per
287 2487 375 2546 dolos
398 2487 496 2547 malos
520 2495 550 2546 et
570 2487 649 2547 salsa
670 2486 764 2546 verbe
786 2490 982 2567 oppresserit,
1000 2489 1057 2548 eie-

135 2573 218 2650 cerit,
244 2570 456 2646 combusserit,
479 2569 526 2628 vel
550 2570 663 2649 alioqui
692 2570 848 2632 occiderit.
893 2570 984 2630 Cuius
1014 2573 1056 2631 rei

136 2674 203 2714 eum
233 2673 358 2734 possum
382 2652 510 2714 testibus
534 2654 674 2713 omnibus
697 2653 829 2714 historiis
864 2656 1056 2716 convincere.

136 2738 244 2816 quue
277 2738 400 2800 nomine
424 2755 576 2815 nunquam
600 2737 695 2796 voluit
721 2755 822 2815 neque
842 2737 985 2796 iudicium
1009 2757 1058 2797 ne·

135 2841 194 2900 que
217 2821 398 2880 sententiam
423 2822 502 2901 pati,
538 2839 659 2899 semper
686 2840 777 2879 ausus
801 2821 1001 2900 praetendere
1028 2827 1058 2880 et

137 2905 331 2983 obstrepere,
362 2922 395 2963 se
417 2923 485 2963 esse
508 2905 694 2984 superiorem
724 2903 863 2964 omnibus
887 2903 1058 2983 Scripturis,

135 2987 253 3048 iudiciis
276 2994 306 3046 et
327 2987 539 3066 potestatibus.

219 3071 314 3130 Porro
351 3071 539 3134 verissimum
572 3076 628 3143 est,
661 3070 819 3129 veritatem
852 3079 882 3130 et
913 3071 1055 3131 iustitiam

138 3175 197 3215 non
223 3154 319 3213 vereri
342 3153 496 3229 iudicium,
517 3155 579 3213 imo
604 3153 674 3213 nibil
698 3153 922 3213 babereenrius
944 3154 1057 3215 iudicio

136 3246 166 3297 et
187 3238 271 3314 luce,
294 3247 328 3296 ut
348 3239 572 3316 permittentem
595 3256 628 3311 s,e
659 3237 787 3296 libenter
808 3237 916 3316 inspici
940 3246 969 3296 et
991 3256 1058 3317 pro·
1140 3292 1144 3296 ,

137 3320 210 3382 bari.
255 3321 398 3400 Apostoli
417 3321 496 3380 enim
521 3319 675 3402 debant2)
690 3320 832 3381 iudicium
844 3321 973 3380 inimicis
985 3323 1057 3399 suis,

138 3406 205 3464 Aet.
234 3405 263 3466 4.
287 3403 437 3463 dicentes:
465 3403 495 3464 Si
516 3405 635 3462 iustum
662 3412 709 3464 est
736 3405 766 3462 in
791 3410 957 3483 conspectu
991 3404 1057 3482 Dei,

137 3507 192 3548 vos
216 3487 319 3567 potius
341 3486 445 3546 audire
468 3506 559 3566 quam
583 3486 691 3565 Deum,
712 3487 862 3562 iudicate,
890 3494 951 3549 tam
976 3495 1059 3547 certa

191 3756 222 3827 1)
242 3754 274 3809 ln
293 3755 335 3809 ed.
353 3755 429 3812 len:
449 3756 561 3810 inesset
598 3754 631 3816 2)
652 3752 734 3809 Ibid.:
754 3755 958 3824 permittebant.
