2392 4170
178 255 241 322 248
470 258 645 326 Responsum
664 253 795 310 Frldcrlcl

178 412 343 472 Lutherum
366 411 405 471 ab
428 411 579 472 erroribus
600 412 631 470 in
656 411 735 470 viam
758 429 912 477 revocare.
955 409 1104 491 lnstrepe·

179 494 233 556 bat
255 495 404 570 Marinus,
431 494 563 557 Luthero
592 503 713 555 vertens
744 494 879 571 crimini,
903 493 1002 574 quod,
1026 509 1105 571 quae

183 585 214 640 et
235 585 349 657 quanta
371 577 523 658 pollicitus
545 586 637 652 esset,
659 596 719 638 non
747 578 957 658 praestitisset.
997 575 1106 636 Alcan-

181 661 235 722 der
255 661 403 740 reliquum
428 662 610 736 connexuit,
640 661 872 742 diligentissime
909 660 972 721 hoc
999 676 1106 739 agens,

181 751 213 805 ut
234 745 380 824 optimam
403 764 526 805 causam
541 763 633 824 agere
655 745 814 804 videretur.
837 742 978 824 Negabat
1000 741 1105 802 Archi-

180 828 328 909 episcopo
350 827 528 888 'llevmensi
557 830 603 889 ius
625 847 694 887 esse
723 828 753 886 in
787 827 845 888 hac
871 845 964 888 causa
992 841 1107 905 cogno·

182 928 279 989 scere,
301 930 372 970 num
396 913 577 971 exstinctam
592 910 840 972 commissionem
851 909 1041 989 subdelegati
1063 909 1107 968 iu-

183 993 276 1070 dicis,
305 1013 324 1053 a
346 993 523 1073 delegatore
543 1010 634 1054 causa
657 1003 796 1074 recepta,
824 993 927 1054 aiebat
947 1012 1016 1052 essa
1037 1009 1107 1051 cau·

183 1084 248 1137 s'am
271 1075 358 1151 lldei,
387 1095 466 1155 quae
501 1076 558 1136 soli
582 1077 723 1136 Romano
745 1075 886 1138 Pontifici
918 1076 1106 1138 conveniret.

182 1158 351 1243 A-dlerebat
371 1160 545 1240 exemplum
580 1168 686 1220 nostro
716 1160 780 1219 orbi
804 1167 835 1220 et
856 1160 960 1220 seculo
983 1175 1108 1238 prorsus

181 1243 337 1323 ignotum,
373 1262 465 1324 aegre
503 1243 617 1303 scilicet
654 1263 815 1322 passurum
852 1243 1022 1322 Principem
1057 1239 1110 1301 uli·

182 1324 305 1405 quando
328 1336 481 1400 nostrum,
517 1328 541 1385 si
571 1327 720 1406 quispiam
749 1328 858 1387 civium
888 1344 1012 1387 suorum
1033 1322 1109 1384 iudi·

182 1426 249 1470 cem
272 1408 329 1469 sibi
352 1408 499 1489 deligeret
522 1410 570 1469 vel
594 1409 710 1489 Regem
734 1408 924 1487 Galliarum,
947 1407 996 1468 vel
1015 1407 1108 1467 alium

182 1491 352 1572 Principem
375 1492 507 1572 aliquem
531 1492 686 1552 exotioum
711 1500 768 1554 etc.
782 1491 823 1572 l).

266 1575 342 1635 (lum
367 1574 494 1636 dixisset
516 1575 632 1654 multa,
670 1594 767 1654 eaque
796 1576 906 1656 partim
930 1574 1110 1655 pugnantia,

183 1658 302 1733 intulit,
337 1676 393 1717 suo
417 1658 556 1739 collegio
571 1657 603 1741 ²)
627 1668 655 1718 et
678 1658 735 1718 sibi
758 1679 819 1719 non
854 1660 1005 1738 integrum
1030 1674 1110 1736 esse,

183 1751 214 1800 ut
236 1740 318 1801 aliud
331 1750 540 1821 sequerentur,
562 1760 653 1821 quam
676 1742 758 1821 quod
770 1742 857 1802 Bulla
879 1739 1110 1822 praescriberet.

182 1823 265 1903 Ergo
284 1831 523 1903 prosequuturos
546 1844 580 1885 se
598 1827 637 1885 ad
661 1825 834 1886 exurendos
846 1825 965 1885 Martini
986 1822 1110 1883 Lutheri

183 1906 285 1967 libros.
329 1907 406 1967 Nam
432 1890 588 1968 Pontificio
611 1908 742 1968 Romani
777 1916 909 1968 mentem
945 1925 1007 1968 non
1040 1925 1111 1966 esse

183 1988 370 2070 procedendi
394 1996 504 2049 contra
526 1991 621 2070 ipsius
642 1990 764 2051 Lutlreri
788 2008 970 2071 personam,
1003 1990 1109 2069 utqui

183 2071 260 2132 nolit
282 2090 390 2132 manus
415 2090 487 2131 suas
513 2079 565 2143 (ut
587 2073 732 2134 Aloandri
757 2073 858 2138 verbis
881 2075 1018 2151 utamur)
1043 2073 1110 2132 eius

185 2155 335 2233 sanguine
363 2154 588 2234 pinguefacere.
630 2157 704 2218 Erat
733 2165 796 2218 tum
833 2176 933 2217 serum
968 2154 1044 2235 diei,
1078 2163 1112 2216 et

185 2234 366 2296 videbantur
394 2237 489 2298 multa
518 2239 681 2318 loquuturi.
725 2239 786 2302 sed
821 2260 889 2301 cum
923 2238 996 2299 nihil
1028 2245 1111 2299 esset

184 2319 319 2379 mundati
341 2319 428 2400 plura
449 2322 664 2402 respondendi,
688 2328 786 2402 neque
810 2324 966 2403 Princeps,
989 2320 1110 2402 magnis

182 2402 283 2462 causis
306 2401 479 2483 impeditus,
504 2424 608 2466 coram
632 2405 740 2466 adesse
762 2412 882 2486 posset,
904 2405 947 2464 ita
969 2405 1110 2484 utrinque

183 2483 351 2546 discessum
375 2492 430 2547 est.

225 2567 373 2630 Coloniae
395 2568 603 2650 Agrippinae,
626 2571 717 2631 Anno
741 2579 797 2631 etc.
821 2571 860 2634 M.
884 2571 919 2633 D.
944 2569 1005 2632 XX
1020 2566 1074 2644 1).Ι

183 2721 604 2732 --..-.--.-.--.

219 2798 247 2863 1)
266 2791 671 2856 lned.Jeu.:extraneumetc.
691 2803 723 2863 2)
744 2801 827 2855 Ibid:
840 2800 978 2871 Collegae.
999 2798 1031 2868 3)
1041 2798 1112 2853 Post

182 2869 249 2923 haec
268 2872 366 2924 verba:
393 2871 526 2927 Coloniae
545 2871 720 2942 Agrippinae
739 2873 821 2927 Anno
847 2880 897 2928 etc.
921 2873 981 2938 XX,
999 2873 1028 2924 in
1055 2871 1110 2925 cdi·

182 2942 256 2995 tione
275 2943 361 3010 princ.
382 2942 450 2997 haec
468 2946 572 2997 inserta
589 2946 728 2998 iuvenitur
746 2946 866 3014 epistola
883 2943 1025 2998 Friderioit
1044 2940 1109 2998 Von

182 3010 279 3067 Guttae
298 3012 414 3068 Gnaden
433 3015 571 3070 Friedrich
590 3015 701 3087 Herzog
729 3034 762 3069 nu
792 3016 914 3071 Sachsen
941 3014 996 3068 und
1023 3011 1109 3070 chur-

185 3085 255 3137 lttrst
269 3091 318 3136 etc.
357 3085 481 3141 Uneeren
504 3086 590 3141 Gruss
609 3105 704 3153 curor,
724 3089 939 3160 Hochgelehrter
951 3085 1110 3141 liebarGe·

180 3162 278 3208 trauer.
315 3157 373 3210 Wir
392 3159 482 3212 haben
501 3176 568 3214 cuer
586 3159 745 3223 Schreiben‚
764 3161 867 3215 welchs
888 3176 940 3212 uns
959 3161 1056 3228 illngst
1074 3173 1108 3210 au

182 3226 266 3280 Colen
286 3229 474 3284 uberantwort
501 3234 538 3284 ist
556 3232 680 3298 worden,
701 3235 751 3284 mit
769 3234 872 3302 Anneig
890 3248 949 3284 was
964 3230 1033 3284 euch
1053 3245 1108 3282 von

180 3294 284 3351 Docter
313 3299 404 3356 Ecken
432 3304 460 3356 in
489 3303 596 3356 Sachen
628 3304 756 3358 Doctoris
780 3303 890 3357 Martini
920 3302 1036 3355 Luthers
1064 3303 1109 3355 lltr

180 3368 440 3428 Briet'zulrummen
470 3379 520 3427 etc.
540 3377 704 3446 emplaugeu
735 3375 790 3428 uud
823 3375 890 3428 alles
916 3373 1021 3427 luhalts
1050 3389 1108 3427 ver·

180 3456 320 3509 nommen,
340 3445 440 3498 wollen
452 3447 520 3499 euch
533 3445 633 3500 darauf
642 3451 681 3500 nit
691 3448 804 3517 bergcn,
823 3446 981 3500 daesnuvcr
1000 3443 1108 3498 darhal·

180 3513 232 3567 ben
253 3530 287 3568 un
308 3533 359 3569 uus
379 3517 468 3570 nichts
488 3516 626 3587 galangct
663 3519 738 3573 Aber·
755 3519 889 3586 lrurnlich,
908 3517 1035 3574 eheduun
1055 3518 1108 3570 wir

180 3601 212 3637 cu
224 3584 310 3640 Colen
331 3588 540 3658 ubgeschieden,
561 3590 608 3642 hat
620 3591 785 3660 pspctlicher
796 3590 947 3660 Heiliglreit
956 3587 1107 3650 Botschall,

181 3657 300 3712 ndmlich
329 3659 448 3713 llurlnus
468 3659 643 3715 Gsractenlus
669 3662 725 3714 und
753 3663 941 3730 Hieronymus
966 3658 1107 3714 dlaandar

179 3735 314 3796 geranni,
344 3746 398 3785 von
418 3733 585 3802 pdpstliehcr
604 3733 754 3804 Heiligkeit
779 3750 875 3801 wcgen
893 3735 942 3786 aul
956 3733 1002 3787 ain
1020 3731 1107 3786 Brcrc
