2392 4170
272 245 380 299 Bullam
399 245 483 300 Leon.
504 246 536 297 X.
560 244 677 298 damnat.
699 261 723 298 a.
745 244 823 300 1620.
944 241 1006 307 237

81 399 185 458 minus
207 416 297 477 quam
322 399 429 477 bullas,
453 418 521 458 cum
545 399 664 460 nesciat
682 400 786 468 miser,
804 397 876 477 quid
899 398 1006 477 loqua-

80 489 142 559 tur,
166 488 219 541 aut
240 481 279 542 de
300 481 409 562 quibus
433 481 570 544 affirmet.

97 614 100 619 ’
157 615 490 697 Quadragesimus
520 620 662 696 primus
692 626 729 678 et
758 617 937 678 ultimus:

147 739 279 800 Praelati
302 739 517 817 ecclesiastici,
540 749 571 799 st
592 740 747 820 Principes
769 739 922 800 seculares
945 757 1007 798 non

148 823 229 965 puple
264 823 414 966 spuerent,
455 824 478 881 si
513 842 620 883 onrnes
658 841 769 883 saccos
806 822 1008 882 mendicitatis

171 923 294 966 seren.

143 1007 146 1012 ’
170 1010 271 1086 Quam
295 1009 496 1090 elegantialis,
520 1018 550 1070 et
562 1010 763 1088 rhetoricalis,
785 1017 815 1070 et
830 1008 1007 1080 artificialis,

83 1101 116 1155 et
137 1094 300 1173 proprialis
322 1110 456 1171 vereque
478 1093 596 1172 papalis
620 1093 777 1154 conclusio
802 1093 1008 1163 articulorum,

82 1177 177 1257 plane
200 1176 306 1256 digna,
331 1195 420 1256 quam
444 1178 653 1236 sanctissimus
678 1178 807 1236 vicarius
831 1175 888 1235 Dei
910 1174 1007 1254 prof-

82 1267 141 1320 rat.
185 1259 301 1336 Succos
324 1259 527 1319 mendicitatis
543 1259 645 1320 delere
658 1260 765 1319 dicitur
787 1279 840 1340 per
852 1258 1008 1338 metapho-

83 1363 168 1418 ram,
201 1344 273 1422 quia
307 1344 388 1402 sacci
420 1351 489 1402 sunt
518 1344 597 1403 sicut
618 1343 740 1403 tabulae
770 1342 816 1401 vel
840 1344 1008 1420 scripturae

85 1433 141 1487 aut
162 1427 314 1505 picturae,
344 1444 423 1505 quae
450 1425 543 1485 deleri
566 1432 705 1506 possunt.
750 1424 828 1500 Quid
852 1434 963 1501 autem,
985 1425 1010 1483 si

83 1510 169 1569 sacci
192 1507 364 1569 delerentur
385 1507 598 1585 mendicitatis,
621 1518 652 1568 et
673 1507 852 1568 mendicitas
875 1517 905 1566 et
928 1525 1009 1565 men·

85 1592 147 1653 dici
170 1590 348 1653 manerent?
377 1591 467 1652 Forte
497 1610 552 1671 pro
580 1594 678 1653 saccis
707 1592 863 1652 invenient
884 1609 959 1652 vasa
979 1596 1010 1650 et

107 1675 232 1738 laustra.

84 1697 105 1757 p
169 1757 237 1837 Ego
260 1776 299 1817 ne
321 1759 385 1817 iota
407 1757 528 1836 quidem
554 1757 592 1817 de
616 1757 762 1818 Praelatio
792 1764 844 1817 aut
866 1755 1039 1834 principi-⁸

85 1841 143 1902 bus
169 1842 301 1918 memini,
325 1840 378 1900 sed
403 1839 480 1916 dixi,
503 1861 551 1900 me
574 1849 697 1921 optare,
720 1841 820 1900 nullos
842 1858 910 1898 esse
934 1837 1010 1898 ordi·

85 1944 143 1985 nes
167 1923 420 2000 mendicantium,
442 1923 480 1984 ad
504 1922 586 2002 quod
608 1924 699 2004 plane
722 1923 805 1983 nulla
829 1928 911 1983 esset
933 1940 1010 2002 opus

84 2027 183 2087 opera
213 2006 421 2067 Praelatorum
452 2014 504 2066 aut
526 2006 716 2088 Principum,
748 2005 802 2067 sed
826 2006 893 2066 sola
915 2007 1011 2064 cuius·

86 2091 164 2150 libet
188 2090 360 2150 Christiana
381 2090 589 2170 intelligentia.
635 2089 737 2165 Quare
758 2090 838 2151 harrc
853 2089 1012 2148 veritatem

83 2175 241 2253 suggessit
262 2174 454 2233 sanctissimo
479 2174 593 2234 vicario
617 2174 672 2234 Dei
706 2192 767 2233 non
798 2173 854 2232 nisi
878 2172 1012 2252 paracle-

77 2264 135 2325 tus
158 2256 209 2316 ille
231 2275 331 2335 papae
353 2255 475 2334 Eccius,
498 2257 549 2334 qui
572 2263 633 2316 tam
652 2275 721 2316 raro
746 2257 896 2331 mentitur,
919 2274 1010 2334 quam

84 2341 182 2401 invite
204 2340 345 2418 loquitur.

172 2422 232 2482 Sed
256 2422 282 2481 si
305 2421 450 2482 dixissem
473 2428 592 2499 tamen,
624 2422 778 2501 Principes
801 2421 1013 2497 benefacere,

85 2508 112 2567 si
135 2524 245 2566 saccos
267 2505 471 2565 mendicitatis
496 2505 641 2581 delerent,
664 2507 798 2584 inquam
816 2504 1013 2583 scripturam,

84 2592 116 2650 in
140 2608 231 2668 quem
256 2589 415 2649 articulum
438 2587 508 2648 fidei
520 2588 721 2669 peccassem?
744 2588 866 2649 Scilicet
888 2590 918 2646 in
943 2607 1013 2646 ven-

83 2683 163 2733 trem
186 2690 287 2753 papae
308 2680 339 2732 et
360 2671 509 2733 ecclesiae
528 2671 665 2751 papalis,
703 2678 733 2730 et
762 2672 791 2730 in
814 2689 941 2749 regnum
965 2689 1012 2729 sa·

85 2765 180 2816 tanae
203 2764 234 2814 et
261 2755 437 2816 antichristi.
484 2753 558 2829 Quis
581 2762 628 2814 est
652 2754 731 2814 enim
750 2753 854 2831 homo,
877 2752 924 2811 vel
942 2771 1013 2832 gen-

85 2840 142 2918 tili,
167 2839 279 2899 nedum
301 2837 474 2899 Christiano
497 2858 588 2897 sensu
610 2838 776 2917 praeditus,
799 2837 847 2897 cui
871 2835 1014 2896 mendici·

88 2931 136 2984 tas
150 2923 241 2982 etiam
264 2921 423 3001 laicorum,
441 2926 552 2982 nedum
564 2920 757 2980 sacerdotum
770 2938 831 2980 non
844 2918 1014 2998 displiceat.

171 3004 232 3066 Sed
254 3004 334 3083 vale,
356 3005 505 3065 scelerata
519 3004 719 3083 abominatio,
743 3012 804 3064 tam
818 3003 909 3063 stulte
924 3001 1013 3063 simul

87 3096 119 3149 et
143 3090 237 3169 impie
259 3087 403 3166 loqueris,
427 3095 459 3147 ut
474 3087 600 3168 indigna
622 3089 673 3166 sis,
696 3094 926 3166 propterquam
950 3104 1014 3145 ver·

88 3173 128 3232 ba
150 3170 235 3250 flant,
258 3176 352 3250 atque
373 3171 435 3230 hoc
455 3171 567 3250 insigni
589 3171 717 3231 articulo
740 3170 842 3250 palam
865 3168 1014 3247 declaras,

87 3273 151 3334 quo
172 3255 280 3335 spiritu
303 3259 401 3314 totam
423 3255 595 3313 excreveris
626 3253 705 3313 hanc
729 3252 922 3312 maledictam
946 3250 1014 3311 Bul·

89 3339 163 3398 lam.
207 3337 357 3397 Dominus
378 3336 465 3399 Iesus
488 3338 588 3397 visitet
609 3345 639 3397 te
661 3355 758 3418 prope
787 3335 866 3395 diem
888 3335 1016 3395 illustra·

87 3423 173 3482 tione
195 3420 345 3481 adventus
367 3422 424 3496 sui,
446 3419 556 3481 Amen.

448 3503 471 3562 P
484 3505 494 3563 l
508 3502 536 3562 N
547 3500 563 3563 1
575 3501 603 3565 S.
623 3501 652 3577 ¹)

144 3665 173 3730 1)
193 3662 224 3717 ln
243 3663 285 3718 ed.
305 3665 388 3732 oria:
410 3665 504 3723 Τέλος.

447 3785 656 3800 m
