2392 4170
127 225 195 292 488
423 226 582 282 Gonfntutio
602 227 768 281 Lotberiana

131 380 267 443 sensibili
291 381 393 457 malo,
428 382 507 442 siout
534 388 565 441 et
591 399 672 441 nunc
701 388 732 440 et
754 398 875 461 semper
889 378 969 441 ,fucit
990 376 1053 441 boo

131 465 269 525 intimum
293 465 411 545 peccati
434 464 558 540 malum,
580 482 648 525 cum
671 466 701 524 in
723 463 872 525 uoloDeo
885 459 1053 535 fidendum,

131 547 316 628 placendum
340 557 371 609 et
392 546 584 628 gloriandum
608 548 657 623 sit,
679 548 758 608 sicut
778 546 885 609 leram.
907 547 937 610 9.
961 543 1052 605 diuis:

131 631 199 691 Non
222 630 370 711 glorietur
391 631 514 711 sapiens
536 631 566 690 in
589 631 739 711 sapientia
772 649 845 705 sua,
878 648 937 689 nec
965 627 1054 689 tortis

132 715 162 773 in
186 713 362 775 tortitudine
383 733 449 790 sna,
471 732 529 776 nec
551 714 636 773 dives
658 715 688 773 in
704 712 816 774 divitiis
839 713 910 774 suis.
940 709 1055 779 Omnia

130 797 211 858 enim
233 797 311 857 baec
332 803 404 857 sunt
425 796 526 876 bona,
560 796 699 877 dispersa
726 796 859 876 gratuito
888 796 919 854 in
949 793 1054 855 malos

132 880 319 958 frequentius
348 899 438 960 quam
470 883 500 940 in
536 873 653 941 bonos?
695 882 738 941 ita
766 876 927 941 utPsulm.
950 873 1054 1021 732

131 982 199 1023 sess
221 964 383 1043 periclitari
409 961 449 1024 ob
478 963 539 1024 boc
571 967 732 1042 queratur,
764 971 795 1023 et
828 980 908 1042 pene
937 959 1023 1035 effun
1046 960 1053 973 ⁸

131 1064 255 1126 messus
275 1065 359 1108 suos.
402 1045 464 1107 Sed
486 1049 590 1106 omnia
611 1057 682 1106 sunt
705 1045 758 1128 (ut
778 1043 861 1127 dixi)
876 1043 932 1105 sub
954 1045 1001 1104 ira
1024 1049 1056 1109 el

133 1127 296 1189 maledicto
319 1129 476 1206 conclusa,
498 1129 738 1209 necquidquam
759 1135 897 1209 prosunt,
920 1134 951 1188 et
971 1124 1054 1189 adeo

131 1231 194 1272 non
223 1220 332 1292 purant
361 1211 398 1272 de
426 1231 563 1293 congruo
592 1212 631 1274 ad
654 1214 801 1292 gratiam,
835 1219 867 1272 nt
889 1211 988 1290 magis
1009 1210 1054 1271 in·

132 1301 270 1357 orassent
292 1313 355 1372 cor,
377 1315 417 1357 ne
438 1295 568 1374 gratiam
592 1295 743 1356 desideret
771 1302 822 1355 out
844 1293 1055 1363 necessarium

134 1379 255 1442 sentiat,
299 1377 383 1438 Sicut
406 1378 479 1439 dicit
500 1378 611 1440 Psalm.
627 1381 688 1443 109
702 1376 756 1460 ²):
778 1377 984 1457 Ooagulatum
1008 1382 1058 1437 ost

132 1463 212 1522 siout
232 1463 282 1522 iao
304 1480 358 1522 cor
379 1480 496 1525 eorum.
539 1462 649 1523 Melius
671 1461 817 1525 Hebrae:
848 1461 1054 1521 incrassatum

131 1550 178 1604 est
199 1545 279 1605 sicut
300 1543 396 1624 adeps
419 1563 473 1606 cor
494 1564 610 1606 eornm.
653 1545 711 1605 Hie
728 1544 862 1624 populos
877 1542 1055 1625 propriein

133 1626 296 1707 Scripturie
317 1627 454 1707 arguitur
475 1629 656 1709 impietatis,
688 1627 925 1702 incredulitatis,
959 1624 1057 1687 durae

134 1709 282 1785 cervicis,
304 1710 386 1790 quod
409 1710 592 1771 indomitum
615 1731 737 1772 sensum
761 1713 791 1770 in
814 1711 881 1771 istis
904 1709 1056 1789 speciosis

134 1793 223 1855 bonis
245 1793 404 1855 humiliare
426 1813 486 1854 non
508 1803 650 1875 possent,
680 1813 739 1854 nec
761 1793 874 1873 Legem
904 1811 965 1852 nee
984 1810 1056 1872 pec·

133 1882 237 1937 cutum
266 1896 354 1937 suum
383 1878 412 1936 in
442 1878 502 1939 illis
534 1896 720 1958 agnoscere,
756 1895 878 1956 semper
909 1873 1058 1949 arbit-rati,

133 1977 203 2020 sese
227 1959 408 2038 obsequium
431 1961 462 2019 in
484 1959 531 2037 bis
553 1967 709 2040 praestare
722 1960 801 2035 Deo,
824 1978 897 2039 prae
914 1956 1057 2019 omnibus

135 2042 204 2102 aliis
227 2061 300 2102 vera
332 2044 428 2108 iustis,
470 2042 526 2103 His
558 2045 668 2104 trustra
696 2041 903 2124 praedicatur,
936 2040 966 2100 bi
999 2041 1056 2101 uiri

136 2126 321 2205 sanguinum
344 2132 374 2184 et
395 2124 468 2185 doli.
512 2125 653 2202 Summa,
686 2126 749 2186 Lex
771 2124 830 2185 illis
853 2132 899 2185 est
920 2123 1059 2204 impletu,

137 2226 195 2266 nec
216 2208 354 2286 indigent
375 2209 473 2287 gratia
498 2211 548 2286 (nt
572 2209 655 2285 dixi)
686 2210 744 2268 nisi
777 2228 817 2268 ex
846 2206 981 2286 quodam
1010 2224 1056 2265 su·

135 2289 252 2369 perfluo
275 2290 446 2351 exactionis
469 2291 599 2352 divinae.
644 2293 698 2352 His
728 2299 774 2350 est
803 2290 921 2350 velatus
943 2289 1058 2362 Moses,

134 2391 192 2432 nec
214 2373 313 2433 ierunt
334 2373 441 2434 faciem
462 2377 526 2436 eius
541 2382 710 2452 cornutam,
733 2372 805 2434 mali
827 2392 895 2434 esse
917 2374 947 2433 in
971 2378 1058 2433 tanta

136 2457 303 2535 sapientia,
335 2455 488 2534 bonitate,
522 2459 651 2536 iustitia,
681 2457 831 2536 religione
853 2474 915 2516 non
937 2454 1057 2531 uolunt,

136 2557 195 2598 nec
217 2557 250 2598 se
273 2559 341 2600 esse
364 2559 554 2620 cognoscere
577 2550 722 2621 possunt,
746 2543 894 2618 quianon
918 2537 1056 2599 andiunt

136 2621 229 2682 Vides
252 2640 325 2702 ergo
348 2643 440 2703 quam
463 2623 595 2684 excedat
616 2623 679 2683 Lex
713 2622 882 2684 naturalem
905 2622 1055 2682 rationem

135 2704 426 2786 incomparabiliter,
449 2712 480 2765 et
501 2726 591 2786 quum
615 2705 797 2786 profundum
822 2707 860 2765 sit
882 2711 1055 2785 peccalum,

134 2789 219 2848 cuius
241 2789 451 2866 cognitionem
476 2788 566 2850 docet
587 2789 668 2867 Lex,
701 2789 731 2848 bi
760 2808 834 2868 ergo
868 2805 975 2848 omnes
998 2786 1056 2847 sub

135 2873 192 2942 ira,
213 2872 285 2950 quia
307 2890 415 2931 omnes
438 2873 467 2930 in
491 2880 631 2952 peccato.

218 2954 419 3034 Evangelium
447 2962 556 3015 eontra
589 2956 634 3014 sic
666 2961 775 3015 tractat
812 2960 991 3034 peccatum,
1023 2960 1056 3012 ut

134 3039 233 3116 ipsum
264 3036 366 3116 tollat,
401 3045 431 3098 et
463 3039 507 3097 sic
534 3037 737 3117 pulcherrime
764 3037 875 3118 Legem
907 3036 1053 3114 sequitur.

114 3119 199 3178 tex
223 3120 302 3178 enim
333 3119 501 3180 introduxit
537 3127 652 3190 etnos
687 3119 789 3180 obruit
820 3124 978 3200 peccato,
1000 3139 1056 3199 per

135 3203 342 3281 cognitionem
367 3205 442 3281 eius,
465 3221 526 3282 qno
549 3203 638 3276 lecit,
662 3211 693 3262 ut
717 3202 755 3262 ab
779 3203 832 3263 illo
856 3201 977 3262 liberari
1001 3221 1055 3281 pe·

135 3294 266 3344 teramus
290 3293 319 3346 et
341 3287 469 3366 gratiam
496 3289 726 3366 suspiraremus.
762 3285 838 3347 Nam
851 3282 1054 3364 Evangelium

135 3368 225 3427 eliam
249 3368 309 3429 duo
333 3369 490 3448 praedicat
513 3376 543 3428 et
564 3369 670 3444 docet,
698 3369 843 3428 iustitiam
873 3376 902 3428 et
924 3367 1053 3446 gratiam

136 3450 203 3511 Dei.
260 3451 316 3510 Per
352 3452 495 3512 iustitiam
532 3461 620 3512 sonet
656 3453 883 3531 corruptionem
918 3458 1055 3524 naturae,

136 3535 281 3594 iustitiam
306 3553 394 3609 vero,
425 3554 504 3614 quae
526 3535 564 3594 sit
586 3534 700 3595 donum
725 3535 798 3611 Dei,
830 3533 906 3594 tides
939 3534 1055 3594 scilicet

143 3648 180 3653 ---
184 3645 442 3653 --—----—--.—
451 3647 460 3652 -

210 3695 238 3762 l)
261 3695 288 3747 ln
311 3693 353 3748 ed.
373 3695 458 3764 orig:
479 3693 589 3760 722)
608 3692 691 3747 ibid:
715 3693 773 3749 108.
