2392 4170
384 318 387 323 .
455 261 535 323 Dect
554 262 632 323 liant.
651 262 732 323 Lutb.
996 263 1060 333 31?

137 435 337 498 incommodo
373 456 444 498 vere
472 457 659 519 pauperum,
693 436 865 518 rependunt
893 456 967 499 vero
997 438 1060 503 suis

136 518 383 593 benefactoribus
404 521 572 601 spiritualia
596 539 691 601 opera
713 521 955 600 misericordiae,
978 518 1060 602 quae

136 610 208 664 sunt
243 602 341 665 cultus
376 603 429 666 ille
469 604 548 681 Dei,
582 623 672 688 quem
710 623 803 684 supra
832 603 1060 686 descripsimus,

137 686 263 747 multum
276 686 501 766 murmurando,
524 687 658 763 boando,
679 685 824 767 balando,
838 687 972 768 legendo
990 695 1059 770 eto,

135 772 166 831 iu
190 771 293 850 primis
316 779 418 830 autem
438 771 550 831 Missae
572 771 642 833 illae
665 770 871 832 exsecrabiles
894 779 924 832 et
946 771 1060 834 abomi-

136 853 254 914 nabiles
277 873 380 915 coram
404 853 481 915 Deo.
726 914 729 920 .

221 937 285 997 Hac
316 935 414 1016 figura
452 937 613 998 verborum
633 935 870 1019 exstinguuntl)
904 937 1060 1019 veralilla,

136 1038 216 1100 quae
239 1020 374 1081 Christus
399 1023 504 1101 exigit,
528 1040 623 1102 opera
645 1019 882 1096 misericordiae,
909 1024 940 1080 'et
961 1039 994 1080 se
1016 1023 1058 1101 ip-

135 1122 187 1164 sos
209 1102 347 1164 solantur
373 1124 464 1184 super
485 1104 688 1165 exstinclione
700 1102 860 1183 eiusmodi,
882 1102 1060 1185 nequando

136 1189 324 1267 impietatem
354 1188 433 1249 hano
466 1195 638 1267 agnoscant
666 1194 697 1247 et
718 1188 897 1267 poeniteant
919 1199 949 1248 et
970 1189 1059 1249 venia

137 1269 219 1350 digni
242 1269 327 1333 flent.
371 1271 402 1332 si
430 1290 484 1351 pro
510 1271 584 1331 solis
620 1269 867 1332 adolescentibus
895 1290 964 1331 eum
994 1289 1059 1332 mo·

136 1373 220 1414 orem
240 1362 408 1431 servarent,
432 1374 469 1413 ue
493 1357 606 1434 passim
625 1353 729 1415 liceret
751 1356 866 1435 vagari,
889 1373 950 1434 quo
974 1360 1058 1415 aetas

137 1437 259 1498 mollior
280 1446 310 1498 et
331 1436 415 1498 fluxa
428 1438 546 1498 facilius
569 1437 746 1512 frenaretur,
770 1445 801 1496 et
821 1438 851 1497 in
866 1439 1058 1499 monasteriis

135 1519 266 1582 disceret
290 1521 490 1582 domesticam
514 1523 683 1598 caritatem,
706 1538 796 1600 quam
820 1528 929 1601 postea
951 1521 981 1581 in
1005 1541 1058 1601 pu·

136 1603 220 1665 blico.
253 1603 411 1666 exhiberet
448 1622 642 1665 communem
680 1604 840 1682 omnibus,
881 1603 1058 1685 tolerabilis,

136 1688 197 1748 imo
221 1685 302 1749 bone
325 1689 574 1753 foretiustitulio.
605 1687 693 1749 Nunc
715 1705 788 1748 vero
811 1688 951 1749 totavite
973 1689 1058 1768 pueri
1156 1711 1159 1717 ·

135 1777 216 1851 suut,
239 1778 270 1832 et
297 1771 496 1832 domesticam
534 1771 654 1832 discunt
684 1767 864 1851 ceritatem,
897 1772 959 1833 imo
989 1790 1057 1834 eam

135 1874 285 1916 summam
308 1863 338 1916 et
360 1855 457 1916 solam
479 1854 673 1917 arbitrantur.
717 1852 864 1914 Videmus
892 1861 993 1915 aulem
1016 1854 1057 1917 di-

137 1941 237 1999 vinum
262 1957 340 2018 opus
361 1940 391 1999 in
418 1937 593 2001 Bernhardo
622 1946 652 1999 et
674 1937 839 2015 similibus,
866 1956 944 2018 quos
965 1956 1004 1999 ue
1026 1939 1056 1999 iu

135 2021 242 2103 puerili
267 2023 317 2083 illa
340 2030 368 2082 et
390 2028 521 2103 angusta
544 2022 670 2083 caritate
685 2021 880 2102 relinqueret,
904 2023 1004 2102 rapuit
1024 2019 1057 2083 in

136 2104 251 2167 medias
276 2125 324 2166 res
349 2107 450 2167 muudi
475 2125 603 2188 magnas
626 2114 656 2166 et
678 2103 804 2182 multas,
834 2113 866 2165 ut
895 2105 983 2166 iniis
1006 2124 1054 2166 ca·

134 2189 208 2249 ritas
231 2190 394 2268 genuinam
417 2209 503 2251 suam
526 2193 587 2251 vim
610 2188 801 2265 ostenderet,
824 2188 961 2266 diffusa,
984 2188 1056 2251 dils-
1084 2231 1086 2236 ·

136 2277 228 2350 taque
249 2270 288 2330 ad
308 2289 428 2351 omnes,
449 2272 589 2334 omnibus
611 2275 753 2353 exposita
771 2281 802 2334 et
823 2278 940 2353 parata,
963 2281 1055 2354 elque

135 2355 336 2425 bussecreto
359 2353 505 2416 miraculo
538 2356 608 2416 illos
629 2357 778 2438 servavit,
808 2375 846 2417 ne
869 2358 1002 2438 perirent
1024 2358 1055 2420 in

134 2435 299 2499 damnabili
321 2438 382 2498 isto
406 2438 542 2499 instituto
566 2444 716 2518 angustae
744 2448 775 2499 et
797 2437 887 2500 fictae
910 2441 1055 2522 caritatis,

133 2523 163 2582 io
187 2540 247 2602 qua
269 2521 362 2587 ceteri
385 2521 543 2603 hocopus
566 2521 624 2581 Dei
645 2540 706 2583 non
731 2519 937 2602 intelligentes
960 2525 1056 2604 perie-

135 2613 212 2667 runt
258 2603 439 2686 Quanquam
471 2624 531 2665 nou
562 2623 672 2685 negem
706 2604 825 2683 aliquos
859 2625 896 2666 ea
929 2608 1055 2671 caritate

133 2688 237 2750 salvos
259 2689 376 2768 factos,
410 2708 470 2768 qua
503 2688 578 2750 solis
605 2685 669 2748 suis
691 2690 876 2768 servierunt,
900 2689 980 2768 quod
1005 2708 1054 2750 oc·

133 2775 218 2833 casio
241 2773 284 2832 eis
307 2771 436 2834 deluerit
463 2780 493 2833 et
526 2771 595 2833 aliis
617 2771 747 2846 servire,
780 2789 848 2832 cum
878 2772 934 2852 ipsi
956 2774 1055 2852 parati

133 2864 237 2917 essent
259 2857 401 2926 omuibus
423 2856 547 2919 servire.
595 2855 697 2936 Ipsum
728 2855 896 2916 institutum
932 2856 1055 2935 damno,

126 2939 215 3020 ‘quod
260 2939 381 3002 robibet
401 2941 515 3001 servire
537 2939 604 3000 aliis
626 2957 716 3019 quarn
740 2939 801 3000 suis
825 2939 1012 3003 monasticis.

216 2959 259 3086 Upi
280 3024 371 3104 igilur
392 3023 499 3084 demus
516 3023 633 3102 aliquot
654 3030 804 3104 servatos,
828 3025 879 3104 qui
901 3043 963 3084 nou
986 3040 1054 3104 pec

134 3107 274 3170 caverint
316 3108 345 3168 in
387 3105 592 3169 obedientiam
632 3113 791 3187 parentum
831 3112 862 3168 el
896 3110 1073 3168 caritatem·

133 3191 265 3272 proximi
288 3191 343 3251 sub
366 3193 445 3252 votis
468 3197 606 3274 agentes,
630 3199 731 3251 tamen
762 3189 972 3251 videmus-hic
993 3193 1051 3252 evi·

133 3273 320 3351 deotissime,
341 3275 439 3356 ipsum
461 3276 629 3336 institutum
653 3272 786 3335 vovendi
809 3293 848 3334 ex
871 3283 977 3335 natura
999 3293 1055 3336 sua

132 3357 298 3418 adversari
316 3357 465 3417 mandatis
487 3357 545 3419 Dei
573 3357 611 3418 de
633 3357 808 3419 obedientia
839 3367 1000 3439 pareutum
1024 3365 1055 3419 et
1140 3403 1152 3427 2

132 3438 262 3503 caritate
284 3441 426 3520 proximi,
449 3441 519 3502 ideo
545 3431 728 3519 non’lioere
757 3459 856 3520 neque
886 3460 979 3523 posse
1001 3460 1053 3503 vo·

132 3526 196 3587 veri
218 3534 270 3585 aut
293 3524 422 3600 servari,
446 3541 549 3605 anper
570 3525 631 3586 hoo
651 3523 843 3606 impossibile
859 3524 941 3606 apud
955 3525 1053 3587 Deum
1163 3574 1166 3581 .

131 3627 189 3688 pro
214 3615 286 3669 volo
308 3606 413 3668 haberi
436 3613 466 3668 et
488 3609 579 3688 exigi.
621 3606 730 3688 Neque
752 3625 825 3686 eos,
856 3608 906 3687 qui
941 3609 1053 3669 servati

130 3700 214 3777 sunt,
236 3690 385 3752 eiusmodi
405 3691 481 3753 'vota
510 3693 632 3752 vovisse
659 3700 774 3754 certum
797 3697 853 3774 est,
875 3698 943 3771 aut,
966 3692 990 3751 si
1012 3691 1055 3753 ita

134 3795 243 3803 ----

205 3827 236 3901 1)
256 3828 289 3884 lu
308 3824 350 3885 ed.
370 3826 475 3900 priore:
493 3833 521 3885 et
540 3824 726 3900 emtiuguunt.
