2392 4170
195 249 258 317 152
426 251 568 306 Adversus
583 250 784 327 exsecrabilem
801 248 909 302 Bullam

193 415 223 466 et
246 406 382 467 carnifex
404 406 666 468 conscientiarum.
711 405 793 486 Lege
817 415 918 465 autern
940 401 1036 463 libros
1055 398 1121 461 illo·-

193 510 259 550 rum
283 490 488 569 sophistarum
511 491 549 549 de
571 487 772 569 poenitentia,
796 495 826 548 et
848 485 964 547 videbis
987 502 1042 545 eos
1064 482 1121 544 ue'o

193 574 422 651 promissionis,
459 593 516 633 nec
546 572 616 632 fldci
656 573 748 632 ullam
786 573 970 632 mentionem
1009 569 1121 629 facere.

193 656 256 717 Has
289 657 369 716 euim
401 667 503 737 partes
533 658 741 737 poeniteutiae
776 657 862 716 vivas
893 654 1053 727 omittunt,
1091 654 1128 711 el-

193 739 266 801 solis
290 741 417 800 mortuis
441 739 675 802 contritionibus
698 739 838 799 homines
860 737 1029 816 exagitant.
1060 730 1121 795 seri

195 823 287 883 letius
309 822 396 883 alias.

281 905 342 967 Sed
364 905 436 986 quid
459 907 561 966 denuo
584 906 729 966 articulos
751 911 858 965 omnes
880 902 1024 983 probem,
1052 918 1127 961 cum·

193 997 316 1048 exstent
335 989 441 1068 libelli,
465 989 514 1048 ubi
534 991 669 1049 omnium
683 990 834 1049 rationem
848 986 965 1047 reddidi
989 982 1134 1065 abunde,-

194 1072 281 1151 plura
303 1071 443 1150 daturus,
481 1075 505 1131 si
539 1073 705 1133 adversarii
733 1092 788 1131 sua
819 1090 942 1150 quoque
963 1071 993 1129 iu
1023 1068 1121 1129 lucem

195 1154 360 1215 dedissent.
393 1154 481 1231 Quae
503 1164 550 1214 est
572 1157 651 1215 euim
675 1155 811 1227 stultitia,
834 1162 867 1215 ut
888 1154 949 1215 hoo
964 1170 1026 1213 uuo
1049 1148 1121 1211 milri

192 1257 375 1318 responsum
399 1239 507 1312 velint,
531 1238 614 1318 quod
638 1239 758 1315 dicunt,
780 1238 836 1299 sibi
860 1237 1005 1298 damnata
1027 1230 1123 1295 viden'

193 1321 297 1381 omnia
320 1341 404 1396 mea,
435 1341 504 1382 cum
534 1341 595 1402 ego
620 1325 649 1381 in
673 1322 734 1382 hoc
754 1323 853 1402 ipsum
877 1320 1068 1401 scripserim,
1088 1322 1129 1411 ut¹

192 1423 265 1463 suos
288 1423 406 1466 errores
433 1407 491 1485 ipsi
515 1412 735 1485 agnoscerent,
764 1405 872 1484 quibus
895 1404 1042 1484 populum
1067 1398 1129 1461 ue·

193 1487 342 1547 haetenus
375 1488 644 1561 dementaverunt,
682 1508 744 1548 nou
777 1489 838 1548 hoc
865 1487 1061 1568 exspectavi,
1090 1486 1131 1545 ul'

192 1570 363 1650 damnarer,
386 1573 437 1650 qui
459 1573 559 1631 sciens
583 1581 612 1631 et
631 1572 766 1652 prudens
792 1571 937 1631 damnata
957 1572 1018 1630 iam
1049 1567 1121 1628 olim

193 1652 231 1713 ab
255 1656 298 1712 eis
335 1654 473 1715 adductis
496 1653 659 1734 scripturis
690 1661 720 1713 et
746 1654 915 1714 rationibus
948 1650 1121 1713 iustificari.

279 1737 344 1796 Nec
366 1737 495 1800 roluiut
517 1737 662 1811 dicerent,
685 1737 756 1816 quid
770 1739 828 1817 ipsi
850 1744 1004 1817 saperent
1041 1734 1122 1795 Scie-

192 1817 261 1880 bam
285 1822 366 1880 enim
389 1824 504 1898 omnia,
527 1821 581 1881 sed
606 1841 645 1881 uu
668 1831 751 1881 recte
772 1830 927 1900 saperent,
949 1819 980 1880 id
1003 1816 1122 1899 quaesi·

192 1913 255 1962 tum
278 1911 325 1963 est
345 1924 363 1965 a
386 1924 444 1980 me,
465 1903 612 1964 hicvolui
634 1904 756 1982 erudiri,
781 1911 811 1965 et
828 1922 903 1964 ecce
925 1922 1016 1963 nemo
1029 1899 1123 1962 audet

191 1985 322 2065 prodire.

276 2067 379 2143 Quare
406 2067 514 2144 video,
545 2071 649 2130 asinos
681 2072 756 2130 istos
787 2089 847 2129 non
878 2068 971 2131 modo
1000 2087 1071 2131 mea
1091 2072 1123 2127 et

193 2171 249 2210 sua
270 2170 333 2211 nou
355 2152 535 2232 intelligere,
559 2153 612 2213 sed
636 2172 710 2232 prae
724 2154 834 2232 insigni
857 2151 1045 2212 hebetudine
1066 2166 1122 2210 uec

192 2234 253 2293 hoc
274 2235 459 2314 percepisse,
481 2235 553 2313 quid
577 2238 651 2295 meis
674 2235 782 2296 libellis
806 2237 997 2314 quaesierim.
1036 2232 1121 2295 Arbi-

191 2322 307 2376 trantur
329 2318 409 2377 euim
438 2337 471 2376 se
504 2319 579 2379 tales
610 2321 639 2377 in
663 2320 810 2398 opinione
833 2339 901 2377 mea
923 2338 1008 2398 esse,
1039 2314 1120 2397 apud

191 2417 269 2477 quos
292 2400 332 2459 sit
352 2402 479 2479 veritas,
508 2421 576 2461 curn
600 2403 672 2461 nihil
697 2404 795 2461 minus
818 2401 855 2461 de
878 2403 921 2461 eis
945 2403 1123 2481 suspicatus·

148 2486 151 2491 '
191 2484 257 2545 sim.
276 2483 379 2553 „Cum
392 2485 473 2544 euim
486 2484 559 2544 olim
583 2484 621 2545 ab
634 2487 678 2544 eis
701 2487 805 2544 omnia
827 2486 886 2544 ista
908 2487 1017 2544 scirem
1039 2483 1124 2581 dam,

193 2571 264 2624 ueta
287 2584 365 2642 esse,
388 2586 450 2626 non
474 2566 676 2641 damnandus,
699 2567 752 2627 sed
768 2568 850 2627 velut
873 2569 933 2627 iam
958 2564 1123 2628 damnatur·

191 2648 296 2707 abeis
320 2649 428 2729 prodii,
452 2649 680 2712 damnationem
705 2670 810 2712 eorum
834 2650 1047 2731 traducturus,
1068 2651 1119 2711 im·

192 2733 273 2810 piam
313 2739 344 2791 et
376 2732 562 2793 haereticam
597 2740 627 2794 et
665 2734 874 2814 blasphemam
911 2752 1028 2813 eosque
1064 2731 1119 2793 uisi

190 2816 309 2875 ratione
332 2815 450 2875 reddita
472 2827 555 2876 reete
578 2836 646 2877 sese
669 2837 778 2896 supere
801 2817 987 2894 docuissent,
1010 2816 1119 2879 erroris

192 2904 223 2956 et
244 2897 408 2958 haereseos
422 2901 549 2959 crimine
568 2899 688 2980 publice
712 2919 780 2960 reos
802 2908 935 2976 acturus,
957 2900 1016 2981 ipsi
1040 2899 1121 2960 uelut

149 3004 152 3008 ⁴
191 2978 336 3040 ridiculus
359 2981 571 3062 citharoedus,
600 2982 715 3043 chorda
747 3002 867 3063 semper
895 2983 1002 3043 eadem
1037 2982 1119 3043 ober-

191 3082 273 3138 rans,
298 3064 393 3143 petito
417 3066 565 3145 principio
589 3066 670 3126 aliud
694 3085 754 3126 non
777 3065 923 3138 reddunt,
958 3067 1015 3126 uisi
1039 3065 1119 3126 dam·

89 3220 93 3227 Ι
191 3164 310 3224 namus,
333 3164 412 3224 quae
436 3147 658 3226 damnavimus,
682 3169 763 3209 nova
780 3149 940 3209 dialectica
954 3148 1119 3229 probantes

190 3228 270 3288 idem
292 3231 526 3310 perseipsum,
551 3231 779 3292 damnationem
803 3252 857 3311 per
880 3233 1119 3295 damnationem.

189 3310 444 3391 Oineptissimos
468 3322 498 3374 et
520 3315 739 3375 insulsissimus
763 3315 968 3392 damnatores,
991 3314 1042 3376 ubi
1058 3312 1123 3375 niv

191 3401 243 3453 net
264 3394 336 3454 illud
360 3396 454 3456 Petri:
486 3396 614 3477 Semper
637 3400 734 3477 parati
758 3398 796 3458 ad
820 3396 1006 3459 reddendam
1030 3394 1119 3459 ratloss

190 3495 258 3536 uem
282 3478 320 3538 de
342 3498 388 3556 ea,
411 3481 541 3559 quaein
565 3481 652 3541 vobis
676 3490 731 3556 est,
753 3480 813 3541 fide
836 3489 863 3541 et
887 3501 951 3561 spe.

273 3559 391 3639 Quare,
432 3582 499 3622 uum
535 3565 676 3643 papistae
713 3571 743 3624 et
780 3563 920 3624 bullisiae
952 3564 1003 3623 isti
1035 3563 1120 3644 iguo·

189 3644 351 3703 rantissimi
381 3650 453 3704 ante
474 3649 610 3706 veritatis
641 3647 820 3706 manifestae
848 3647 958 3706 faeiem
987 3646 1033 3707 sic
1060 3646 1121 3706 siut

190 3725 308 3786 confusi
343 3733 487 3807 metuque
519 3730 667 3809 perculsi,
700 3740 733 3790 ut
765 3749 879 3809 prose
907 3747 1026 3809 suaque
1052 3746 1119 3791 seu·
