2392 4170
424 1000 671 1100 Index

113 1199 302 1285 Scriptorum
327 1203 361 1267 V.
385 1203 430 1282 1,,
452 1224 531 1283 quae
555 1214 638 1266 torno
661 1216 751 1269 sexto
774 1211 976 1277 continentur.

466 1407 629 1423 m

955 1543 1012 1599 188

101 1604 127 1657 1.
156 1598 232 1654 Acta
259 1600 293 1654 D.
322 1600 400 1655 Mart.
421 1600 532 1657 Lutlreri
560 1601 587 1656 in
616 1599 740 1658 Comitiis
765 1600 918 1670 Principum

156 1675 322 1730 Wormntiae
342 1677 410 1732 1121
467 1712 918 1729 ...........
993 1677 1008 1732 1

100 1751 126 1805 2.
155 1749 189 1801 D.
220 1747 298 1801 Mart.
328 1748 440 1803 Lutheri
471 1748 627 1814 Responsio
657 1744 860 1812 extemporaria
883 1745 919 1798 ad

156 1819 306 1879 articulos,
329 1836 399 1888 quos
418 1820 542 1887 Magistri
572 1818 659 1874 nostri
683 1834 717 1871 ex
750 1816 921 1886 Babylonica

154 1900 181 1946 et
199 1891 409 1946 Assertionibus
434 1893 492 1947 eins
512 1895 721 1960 excerpserant,
751 1905 821 1958 quos
845 1889 919 1943 veni-

153 1963 209 2018 enti
227 1962 405 2018 Wormatiam
426 1964 584 2020 obiicerent.
619 1964 686 2020 1521
735 2001 918 2015 .....
975 1965 1028 2027 24,

100 2039 126 2090 3.
159 2036 358 2089 Determinatio
376 2036 566 2105 Theologicae
584 2033 736 2090 Facultatis
757 2032 921 2087 parisiensis

154 2122 238 2175 super
264 2108 392 2162 doctrina
419 2108 588 2163 Lutheriana
618 2107 754 2163 hactenus
781 2120 831 2174 per
859 2119 918 2160 eam

152 2180 228 2245 visa,
259 2178 448 2247 etApologia
467 2180 532 2234 Phil.
551 2177 772 2234 Melanchthonis
796 2192 847 2244 pro
866 2178 918 2232 Lu-

154 2251 233 2305 thero
252 2251 389 2306 adversus
408 2253 548 2307 decretum
567 2251 772 2306 Parisiensium.
793 2252 862 2305 1521
911 2291 917 2304 .
974 2253 1006 2310 31

97 2325 125 2378 1.
156 2323 250 2377 Ludus
268 2323 379 2377 Luthcri
411 2339 429 2376 1
447 2324 550 2378 stolida
577 2330 604 2378 et
633 2323 770 2390 sacrilega
789 2319 917 2375 Serbona

153 2395 276 2448 damnati
296 2412 317 2448 s.
339 2397 538 2450 Dctcrminatio
566 2395 689 2450 secunda
708 2393 797 2447 almae
822 2395 918 2447 Facul-

153 2467 219 2521 tatis
243 2467 418 2536 Theologiae
445 2467 609 2522 Parisiensis
638 2482 721 2536 super
749 2462 919 2534 Apologiam

151 2537 220 2592 Phil.
239 2538 458 2594 Melanchthonis
486 2554 537 2608 pro
567 2540 687 2593 Luthero
715 2536 845 2604 scriptam
865 2542 917 2590 etc.

98 2686 124 2737 5.
155 2681 259 2735 Contra
269 2682 425 2750 Papisticas
436 2683 514 2752 leges
533 2679 726 2737 sacerdotibus
738 2677 918 2748 prohibentes

153 2753 355 2808 matrimonium
390 2755 526 2824 apologia
551 2751 757 2807 Bartholomaei
785 2750 919 2805 Bernardi
978 2784 980 2790 ι

154 2823 382 2894 Vcltlcirchensis,
403 2827 449 2894 qui
459 2841 547 2895 nuper
556 2825 691 2881 ccclesiae
704 2837 771 2880 suae
782 2839 919 2878 consensu

153 2911 265 2951 uxorem
285 2897 370 2952 duxit.
393 2899 462 2954 1521
510 2935 917 2952 ..........
972 2895 1007 2951 99
1094 2936 1097 2941 .
1150 2936 1154 2947 .

98 2970 124 3024 6.
154 2969 199 3022 Ι)1
216 2967 381 3036 abroganda
394 2971 479 3025 Missa
498 2969 608 3039 privata
626 2970 697 3023 Mart
726 2965 835 3022 Lutheri
854 2983 916 3022 sen-

152 3041 247 3093 tentia.
268 3042 336 3097 1521
367 3079 916 3096 .............
955 3040 1006 3095 113

98 3112 123 3167 7.
152 3110 260 3181 Synodi
281 3110 547 3182 Augustinianorum
568 3112 603 3167 de
621 3113 750 3168 libertate
769 3108 917 3165 hlonacho·

154 3200 213 3237 rum
233 3186 373 3238 sententia
419 3222 917 3242 ............
954 3183 1006 3240 213
1080 3204 1082 3209 ·

98 3258 124 3309 8.
154 3254 326 3310 Deliberatio
345 3255 442 3311 habita
460 3257 495 3312 de
515 3254 697 3325 abrogatione
715 3255 859 3309 Missarum
877 3253 917 3307 iu·
996 3309 999 3315 ,

152 3332 194 3381 111
207 3327 374 3381 Pridcricum
388 3329 539 3384 Electorem
560 3333 587 3382 et
600 3327 783 3382 Academiam
792 3325 917 3381 Wittem-

152 3397 326 3466 bergensem.
347 3401 415 3456 1521
462 3437 870 3452 ..........
877 3425 879 3429 ·
908 3436 914 3447 .
954 3397 1006 3452 215

74 3536 77 3541 ,
96 3474 121 3528 9.
152 3471 193 3524 De
210 3470 294 3524 Votis
323 3473 483 3526 monasticis
503 3473 537 3526 D.
557 3471 635 3524 Mart.
655 3471 766 3526 Lutheri
785 3467 915 3522 iudicium

153 3541 188 3594 ab
209 3548 321 3598 auctore
341 3544 510 3612 recognitum
530 3549 558 3598 11
576 3549 695 3598 auctum.
715 3544 786 3599 1522
823 3581 830 3595 .
867 3579 875 3594 .
911 3579 916 3594 .
953 3540 1007 3595 234

79 3615 123 3670 10.
152 3613 508 3680 scitamentorum,
527 3617 555 3670 in
575 3630 631 3684 qua
648 3614 765 3671 reditum
785 3627 864 3667 suum
883 3627 917 3666 ex

152 3685 270 3740 Pathmo
290 3693 412 3744 excusat.
434 3689 502 3743 1522
504 3722 917 3743 ..........
954 3684 1007 3741 377
