2392 4170
395 280 496 336 nost
516 277 593 334 sart.
611 276 690 335 nuru.
994 267 1055 341 301

133 451 250 516 moon
271 452 370 514 torma
391 459 422 515 et
443 451 493 513 aiii
510 450 615 514 Sanoti
631 451 687 514 sub
711 451 790 513 votis
812 451 879 513 sine
893 451 981 512 votis
995 470 1056 512 ser·

134 539 195 598 vati
219 544 303 617 sunt,
337 537 394 597 nisi
418 536 499 616 quod
527 536 557 595 in
583 554 684 595 errore
706 535 873 597 aleatorum
898 535 953 596 sub
976 535 1056 597 votis

134 622 285 701 vixerunt,
307 621 338 681 in
361 620 503 700 taqueum
525 627 557 679 et
579 621 788 698 operationem
803 621 914 681 erroris
936 620 982 698 iis,
1005 618 1056 699 qui

133 712 262 785 pereunt
284 710 314 764 et
337 723 397 765 uon
421 703 740 783 ereduntitvangetio.
784 702 859 763 Oum
883 721 958 780 ergo
981 703 1058 764 haee

133 786 228 848 verba
248 786 359 849 Christi
382 794 413 848 et
435 787 593 867 aptissime
621 786 772 865 quadrent
792 787 821 846 in
845 787 1057 863 monsstioam,

132 872 223 932 simui
246 877 277 932 et
297 870 477 952 argumenta
502 887 607 931 eorum
629 870 816 947 dissolvunt,
855 889 923 930 oum
946 869 1058 930 flduoia

133 956 179 1014 eis
200 955 390 1016 innitendum
414 961 470 1030 est,
493 962 524 1013 et
545 961 619 1015 vota
640 973 695 1033 pro
718 972 779 1014 non
803 954 882 1015 votis
904 952 1057 1029 habenda,

134 1044 168 1098 ut
201 1057 280 1118 quae
314 1037 470 1098 evidenter
502 1038 582 1098 seins
615 1039 644 1098 in
679 1036 769 1098 verba
793 1044 839 1098 et
871 1056 967 1117 opera
996 1055 1056 1098 uon

134 1121 202 1201 Dei,
224 1122 278 1181 sed
301 1121 457 1182 hominum
481 1129 512 1180 et
533 1121 597 1182 fleri
621 1130 651 1181 et
675 1121 744 1197 niti,
767 1120 849 1201 quod
872 1120 1057 1200 prohibitum

134 1212 197 1285 est,
229 1210 261 1266 et
282 1214 411 1285 peooent
434 1205 462 1264 in
485 1204 613 1286 gloriam
642 1212 673 1267 et
699 1205 728 1264 iu
759 1224 884 1286 regnum
909 1205 964 1264 Dei
1006 1223 1058 1264 ua¹
1110 1270 1117 1283 ,

134 1296 201 1349 tura
223 1307 289 1350 sna.
630 1330 632 1334 -

216 1371 263 1434 it'x
283 1372 320 1432 iis
343 1370 484 1432 omnibus
507 1372 661 1452 colligitur
683 1377 714 1433 et
725 1373 853 1435 stultitia
874 1372 950 1452 voti,
972 1390 1058 1452 prae.

134 1458 238 1517 sertim
262 1456 428 1535 eastitatis,
452 1465 499 1533 ut,
521 1458 545 1516 si
569 1464 671 1517 cetera
694 1476 754 1518 non
779 1462 954 1534 cassarent,
992 1456 1060 1536 ipsa

135 1540 263 1600 stultitia
285 1546 387 1599 tamen
412 1559 473 1600 non
496 1541 577 1600 sinat
604 1540 716 1601 valere.
760 1539 840 1616 Quid
863 1540 944 1602 onim
967 1543 1061 1600 vovet

134 1622 259 1684 ooetsbs
282 1623 425 1684 vovendo
447 1624 629 1696 castitatem,
652 1624 709 1684 nisi
732 1644 811 1701 rem,
833 1643 912 1704 quae
934 1641 1059 1703 prorsus

134 1726 192 1766 nee
215 1714 261 1767 est
296 1726 355 1766 neo
378 1713 571 1786 potestesse
600 1709 629 1766 in
655 1707 794 1768 manibus
816 1709 893 1784 suis,
929 1706 1060 1766 sumsit

134 1789 230 1850 solius
253 1790 308 1850 Dei
332 1789 456 1866 donum,
479 1791 559 1869 qnod
574 1791 723 1870 aooipere,
749 1811 809 1852 nou
824 1790 934 1851 offerre
957 1794 1060 1870 potest

134 1872 249 1934 homo?
291 1872 402 1935 Irridet
422 1894 496 1954 ergo
521 1875 634 1952 Deum,
659 1872 730 1935 dum
754 1883 863 1953 vovet,
888 1872 1060 1933 non-aliter

134 1974 225 2035 quam
258 1958 283 2016 si
317 1963 430 2018 voveat
456 1977 525 2018 sese
555 1957 620 2018 fore
642 1958 840 2038 episcopum,
874 1956 1059 2037 apostolum,

134 2040 301 2119 prinoipem
340 2048 391 2101 aut
413 2061 534 2120 regem,
571 2060 641 2102 oum
664 2042 741 2102 soiat
763 2040 837 2101 nihil
860 2041 966 2101 horum
990 2057 1059 2098 esse
1148 2046 1153 2053 “

134 2125 164 2183 in
188 2127 341 2202 potestate
363 2143 417 2183 sua
440 2127 590 2197 voventis,
613 2124 668 2186 sed
690 2125 719 2184 in
743 2125 868 2185 atterius
891 2122 1015 2183 arbitrio
1029 2127 1059 2180 et

134 2205 296 2265 autoritate
319 2208 467 2269 vocantis.
511 2209 624 2287 Finge,
652 2226 784 2288 quaeso,
822 2210 978 2281 insanum,
1007 2205 1058 2283 qui

95 2286 98 2291 ⁴
135 2292 248 2345 vovent
270 2288 337 2346 Deo
358 2289 388 2349 iu
412 2289 492 2350 hano
512 2290 657 2351 formam:
702 2292 810 2352 Voveo
828 2290 893 2363 tibi,
918 2290 1059 2363 Domine,

134 2386 232 2429 novas
265 2368 368 2430 stelias
400 2370 532 2432 formare
563 2381 616 2432 aut
645 2382 764 2435 montes
788 2374 965 2453 transferre,
988 2370 1060 2451 quid
1095 2433 1096 2437 ,

134 2451 173 2512 de
194 2451 255 2512 hoo
276 2462 350 2512 voto
371 2451 542 2514 iudicabis?
576 2455 628 2515 ,At
648 2455 743 2517 nihito
766 2455 866 2517 differt
884 2464 987 2517 votum
1010 2473 1058 2516 ou·

134 2536 245 2595 utitatis
268 2535 306 2596 ab
329 2536 405 2611 isto,
436 2556 505 2597 oum
535 2556 597 2597 non
627 2539 725 2598 miuus
753 2540 793 2598 ait
819 2559 897 2620 opus
922 2537 1060 2599 mirabile

135 2619 206 2696 Dei,
243 2638 334 2698 quam
362 2619 468 2680 stellas
496 2621 629 2681 formare
661 2628 714 2683 aut
743 2629 864 2682 montes
886 2621 1059 2682 transferre.
1139 2616 1143 2623 ’

135 2701 220 2765 Oum.
233 2721 308 2783 ergo
329 2702 434 2764 iubeat
455 2703 614 2778 Dominus,
639 2711 679 2776 ut,
703 2705 752 2784 qui
776 2711 869 2765 vovet
891 2703 940 2764 vel
962 2702 1061 2780 offert,

135 2786 173 2845 de
195 2804 251 2845 sua
273 2786 445 2847 substantia
473 2793 503 2848 et
524 2787 564 2848 de
586 2786 675 2849 donis
697 2787 753 2849 sibi
777 2786 977 2848 benedicente
999 2786 1061 2848 Do·

120 2868 216 2931 ‚mino
252 2869 331 2929 datis
353 2868 478 2944 offerat,
499 2867 548 2930 'ut
577 2870 693 2932 habent
722 2872 827 2932 omnia
854 2870 949 2932 verbs
983 2868 1060 2948 legis

134 2951 289 3013 Mosaiuae
311 2951 350 3012 de
371 2962 456 3025 voto,
481 2952 606 3024 evidens
628 2960 684 3030 est,
710 2958 816 3017 votum
832 2953 981 3014 eastitatis
996 2970 1059 3012 nou

134 3034 258 3114 plaeere
280 3055 339 3096 nee
359 3037 441 3116 exigi
464 3057 483 3097 a
501 3037 567 3097 Deo
590 3057 693 3118 posse,
717 3056 786 3098 oum
803 3036 856 3098 flat
878 3036 916 3097 de
939 3053 1061 3097 renon-

133 3117 204 3177 dum
228 3117 342 3178 donata
376 3138 435 3180 nee
456 3121 484 3180 in
508 3127 615 3181 nostru
636 3126 790 3200 potestate
812 3123 879 3181 sita.
924 3119 954 3179 si
978 3119 1060 3193 anim

133 3208 237 3261 votum
262 3221 353 3261 unum
377 3202 474 3280 vaiet,
507 3204 589 3282 quod
611 3204 652 3264 sit
679 3203 830 3264 derebus
853 3223 913 3264 nou
938 3202 1059 3277 nostris,

133 3284 186 3342 sed
210 3285 238 3343 in
265 3304 355 3345 manu
378 3285 434 3346 Dei
457 3287 581 3366 positis,
615 3289 783 3366 poterimus
811 3286 901 3348 etiam
926 3286 1007 3346 iioite
1029 3291 1061 3345 et

133 3369 183 3447 pie
206 3385 319 3427 vovere
331 3369 444 3447 omnia,
468 3388 547 3448 quae
561 3370 643 3431 Deus
655 3369 749 3431 habet
770 3375 801 3430 et
823 3377 924 3449 potest
936 3366 1060 3429 fauere?

132 3450 164 3511 si
186 3451 245 3509 ista
268 3451 372 3510 onmia
395 3470 456 3511 non
480 3451 592 3531 valent,
615 3471 674 3513 neo
696 3472 789 3513 unum
812 3452 885 3513 iliud
910 3450 1058 3512 eastitatis

132 3532 256 3594 vaiebit.
307 3532 430 3594 Voveas
465 3554 540 3614 ergo
569 3542 599 3597 te
633 3535 699 3596 tore
733 3536 901 3597 oertissime
930 3535 1059 3613 salvum,

132 3617 198 3677 iore
220 3622 249 3677 te
273 3617 433 3695 aequalem
447 3615 548 3695 Petro,
571 3625 760 3683 vastaturum
775 3620 1060 3700 regnaTurearum,
1155 3682 1159 3688 ,

133 3701 280 3760 viatorum
310 3719 410 3762 annos
432 3702 632 3763 Mathusatem
662 3710 693 3764 et
714 3703 838 3785 omnia,
876 3720 955 3783 quae
977 3700 1060 3761 Deus

131 3783 162 3847 iu
185 3781 359 3848 hominibus
392 3784 465 3850 taoit
486 3792 539 3847 aut
559 3785 661 3849 tauers
688 3792 806 3876 potest.
847 3785 886 3850 st
900 3784 993 3882 issae
1008 3798 1082 3839 noo
