2392 4170
452 210 533 273 Doot.
552 211 633 277 Mart.
651 210 747 270 luth.-
996 211 1059 309 311

135 381 174 447 da
197 382 257 455 tide
281 381 392 447 Ohristi
414 384 566 463 sonantia,
588 389 818 469 propterquam
842 385 946 451 omnia
968 385 1057 447 rolin·
1171 398 1173 402 ⁴

134 465 258 548 quenda
279 472 360 546 sunt,
383 467 523 549 saoriiegi
546 467 595 529 isti
616 476 647 530 et
668 467 838 551 blasphemi
862 476 969 552 aptant
983 489 1058 535 suan

135 550 226 613 morti
248 561 279 611 et
301 549 473 629 mendatio,
495 557 526 612 et
547 553 630 613 narni
655 558 686 613 et
708 554 858 633 sanguini.

218 634 275 697 Hio
299 635 369 697 veni
390 634 420 695 in
443 634 545 697 looum
564 634 785 717 indignationis
802 656 888 701 meae
911 644 942 697 et
963 635 1057 700 ardeo

134 737 184 781 sno
206 717 313 787 uleisoi
336 716 375 779 do
402 717 470 802 pius
500 737 591 798 quam
619 719 777 802 saoriiegis
814 727 845 781 et
871 718 1058 802 blasphemis

134 802 200 867 istis
224 801 392 863 mendaciis
415 807 445 862 at
470 801 613 882 insaniis,
645 802 699 865 sad
723 803 833 873 desupt
861 810 890 863 et
913 800 1007 864 verba
1029 808 1060 864 et

134 885 297 969 cogitatus,
321 884 430 964 quibus
453 892 589 947 monstra
609 884 687 948 haee
711 905 767 968 pro
780 886 929 966 dignitate
950 906 1058 969 aggra-

135 967 209 1034 diar.
253 969 383 1049 Propter
404 968 484 1030 hane
513 969 560 1030 vel
585 970 683 1031 solam
711 969 970 1033 abominationem
995 976 1058 1032 ar'a·

134 1052 257 1129 dioata,
279 1052 448 1128 exstinota,
480 1051 594 1113 abolita
616 1054 726 1135 oupio,
755 1053 833 1113 siout
861 1061 891 1114 et
924 1053 1060 1134 oportuit

135 1138 277 1201 universa
300 1135 497 1216 monasteria,
521 1154 601 1215 quaa
625 1142 654 1196 et
677 1138 792 1198 utinam
815 1137 927 1218 ereptis
949 1136 1007 1198 Lot
1029 1145 1060 1198 at
1153 1210 1156 1219 Ι

133 1218 254 1287 filiabus
277 1218 340 1279 suis
364 1217 401 1280 de
424 1217 525 1279 medio
549 1239 654 1282 eorum
678 1217 830 1283 Dominus
852 1222 924 1303 igno
946 1225 977 1282 et
999 1220 1058 1281 sul·

133 1300 230 1384 phura
253 1301 380 1365 ooalesti
406 1301 444 1363 ad
467 1303 640 1385 exemplum
660 1302 815 1373 Sodomae
838 1311 870 1366 ot
887 1303 1059 1377 Gomorrae

133 1384 327 1466 demergeret
348 1384 378 1445 in
402 1384 605 1467 profundum,
630 1392 663 1447 ot
690 1406 728 1448 ne
756 1388 904 1464 memoria
935 1385 1057 1467 quidem

133 1488 238 1547 eorum
262 1475 450 1550 superesset,
473 1488 511 1529 ne
536 1490 573 1530 ua
596 1470 677 1535 enim
700 1471 773 1531 satis
796 1469 887 1532 fuerit
906 1470 965 1531 iiiia
987 1489 1057 1532 aua·

133 1551 237 1637 thema
258 1552 430 1635 imprecari.
474 1488 553 1614 Vide
575 1571 656 1614 nuno
685 1559 824 1617 sanetum
848 1560 879 1617 at
900 1555 1058 1635 egregium

133 1642 217 1697 tuum
239 1642 355 1697 votum.
388 1633 533 1717 Superius
556 1637 679 1715 vovisti,
701 1636 786 1698 nolle
805 1643 835 1698 te
853 1636 1057 1699 Christianum

131 1719 263 1803 amplius
286 1739 370 1799 ease,
408 1718 462 1779 sed
493 1720 566 1805 quia
588 1718 724 1783 sublimis
759 1726 806 1781 est
834 1740 942 1791 sensus
976 1719 1058 1799 tidai,

132 1802 250 1873 subtilis
274 1822 358 1865 error
380 1803 545 1864 exousavit
564 1803 795 1884 impudentiam.
827 1802 939 1865 Athin
962 1822 1058 1865 voves

131 1885 414 1969 impudentissimae
435 1885 606 1966 impietati,
638 1905 717 1967 quae
749 1894 779 1947 ta
811 1906 872 1949 non
905 1892 1057 1969 acceptat,

131 1970 189 2039 nisi
222 1969 358 2051 abnegas
389 1968 567 2051 parentibus
597 1969 724 2032 obedire
757 1977 787 2030 et
824 1970 974 2053 proximis
996 1988 1056 2032 ser·

133 2052 207 2117 vira.
250 2053 300 2115 Me
322 2053 485 2135 miserum,
508 2050 808 2136 utiortitert'urit1)
839 2055 900 2114 ista
928 2051 1058 2121 audacia

133 2143 166 2196 at
186 2136 376 2217 impudentia
399 2135 544 2197 adversus
574 2143 681 2220 aperta
702 2137 758 2197 Dei
782 2136 928 2203 mandata
951 2142 1058 2217 aparte

133 2219 291 2281 insaniens
314 2225 345 2279 et
367 2217 467 2280 adhuo
488 2219 608 2281 landem
639 2228 669 2281 at
691 2221 786 2282 vitam
808 2227 963 2281 aeternam
987 2224 1057 2303 pro-

135 2301 267 2366 mittens.
319 2300 436 2380 Finge,
471 2303 631 2365 universos
664 2302 835 2365 monachos
877 2302 1057 2384 angelorum

133 2383 295 2451 sanotitate
317 2382 445 2466 pollere,
468 2382 569 2444 adbna
589 2386 758 2451 institutum
787 2388 887 2469 ipsum
911 2384 1058 2447 adversus

134 2465 278 2548 mandata
299 2464 357 2529 Dei
381 2460 540 2529 manifesta
562 2469 717 2537 insaniens
739 2488 802 2531 non
829 2469 928 2531 solum
954 2468 1058 2537 voveri

133 2559 165 2612 st
189 2550 303 2612 servari
333 2567 396 2610 non
424 2546 535 2631 debet,
564 2550 618 2610 sed
646 2551 733 2612 vitari
762 2558 812 2625 et,
831 2552 985 2621 exsaniari
1026 2557 1059 2612 ut

133 2654 254 2696 summa
276 2634 428 2714 impietas.
473 2631 506 2695 Si
529 2649 660 2705 voveres
682 2632 877 2707 homicidium
903 2634 951 2694 vei
975 2632 1058 2703 adul·
1116 2653 1118 2656 ’

133 2719 253 2801 terium,
276 2723 380 2779 votum
402 2716 520 2777 irritum
543 2723 575 2778 et
596 2715 772 2787 damnatum
790 2715 983 2799 iudicaretur,
1006 2736 1060 2778 our

133 2820 195 2863 non
218 2801 331 2863 irritum
355 2805 386 2863 et
418 2797 595 2861 damnatum
624 2807 687 2883 est,
711 2800 736 2860 si
758 2819 854 2862 voves
877 2798 1059 2863 inobedien-

134 2884 207 2948 tiam
229 2889 390 2966 parentum
413 2890 443 2944 et
465 2882 675 2953 orudaiitatem
701 2903 774 2982 erga
801 2884 986 2966 proximum,
1008 2889 1060 2944 aut

134 2969 158 3028 ai
181 2966 353 3064 profitearis
376 2985 533 3037 cursurum
556 2974 588 3039 to
609 2985 678 3043 epm
695 2966 810 3028 iambus
834 2974 864 3028 et
886 2984 953 3029 oum
976 2965 1059 3033 adul-

134 3058 206 3115 tons
244 3051 415 3132 portionem
444 3057 527 3113 tuam
562 3051 730 3131 positurum
742 3100 752 3135 ,
783 3069 845 3113 non
874 3048 977 3110 iioebit
1005 3048 1059 3119 tibi

133 3133 263 3197 oonsilio
286 3133 461 3207 Salomonis
497 3134 539 3195 nti
569 3140 600 3194 et
622 3131 766 3196 reoedere
793 3131 1059 3219 apeooatoribos,

134 3217 186 3297 qui
209 3224 237 3277 te
260 3217 378 3285 lactant
400 3216 438 3287 ad
462 3216 598 3279 maium?

218 3299 278 3361 Sed
301 3299 460 3377 audiamus
483 3301 700 3371 exeusationes
733 3301 764 3361 in
786 3300 953 3385 impietate.
999 3298 1058 3360 Prt-

135 3403 217 3449 muro
240 3381 355 3462 dieunt,
378 3382 537 3453 meliorem
561 3402 630 3446 esse
651 3381 860 3461 obedien—,tiam
883 3400 973 3463 qnam
998 3385 1060 3443 vio·

133 3467 262 3545 timam3
285 3464 355 3529 ideo
378 3485 440 3539 nou
462 3467 555 3531 liuere
581 3468 733 3566 proximis
757 3468 872 3539 servire
894 3475 946 3528 aut
968 3465 1059 3528 bene·

133 3550 238 3613 fanore
260 3547 377 3630 absque
399 3548 524 3613 lieentia
544 3569 592 3611 sut
614 3550 748 3614 Maioris.
780 3548 934 3635 Seoundo,
956 3558 1058 3632 patres

175 3696 178 3703 ’
209 3734 238 3802 1)
258 3731 378 3797 nmen:
398 3731 460 3810 urae
562 3718 565 3723 ⁴
