<?xml version="1.0" encoding="UTF-8"?>
<!DOCTYPE html PUBLIC "-//W3C//DTD XHTML 1.0 Transitional//EN"
    "http://www.w3.org/TR/xhtml1/DTD/xhtml1-transitional.dtd">
<html xmlns="http://www.w3.org/1999/xhtml" xml:lang="en" lang="en">
 <head>
  <title>
</title>
<meta http-equiv="Content-Type" content="text/html;charset=utf-8" />
  <meta name='ocr-system' content='tesseract 3.04.00' />
  <meta name='ocr-capabilities' content='ocr_page ocr_carea ocr_par ocr_line ocrx_word'/>
</head>
<body>
  <div class='ocr_page' id='page_1' title='image "./dmartinilutheri03luthgoog_0863.png"; bbox 0 0 2392 4170; ppageno 0'>
   <div class='ocr_carea' id='block_1_1' title="bbox 150 233 773 309">
    <p class='ocr_par' dir='ltr' id='par_1_1' title="bbox 150 233 773 309">
     <span class='ocr_line' id='line_1_1' title="bbox 150 233 773 309; baseline 0 -13"><span class='ocrx_word' id='word_1_1' title='bbox 150 236 216 309; x_wconf 54' lang='grc' dir='ltr'>ΒΨ</span> <span class='ocrx_word' id='word_1_2' title='bbox 461 235 504 297; x_wconf 85' lang='lat' dir='ltr'>De</span> <span class='ocrx_word' id='word_1_3' title='bbox 522 235 594 295; x_wconf 79' lang='lat' dir='ltr'>votis</span> <span class='ocrx_word' id='word_1_4' title='bbox 611 233 773 297; x_wconf 80' lang='lat' dir='ltr'>monastirie</span> 
     </span>
    </p>
   </div>
   <div class='ocr_carea' id='block_1_2' title="bbox 58 399 1073 3665">
    <p class='ocr_par' dir='ltr' id='par_1_2' title="bbox 145 399 1073 1489">
     <span class='ocr_line' id='line_1_2' title="bbox 152 399 1073 485; baseline -0.003 -18"><span class='ocrx_word' id='word_1_5' title='bbox 152 403 202 467; x_wconf 86' lang='lat' dir='ltr'>vel</span> <span class='ocrx_word' id='word_1_6' title='bbox 224 402 349 465; x_wconf 90' lang='lat' dir='ltr'>morbus</span> <span class='ocrx_word' id='word_1_7' title='bbox 371 399 598 481; x_wconf 70' lang='lat' dir='ltr'><strong>peregrinanti?</strong></span> <span class='ocrx_word' id='word_1_8' title='bbox 619 401 699 478; x_wconf 77' lang='lat' dir='ltr'>Quin</span> <span class='ocrx_word' id='word_1_9' title='bbox 715 403 784 485; x_wconf 85' lang='lat' dir='ltr'>ipso</span> <span class='ocrx_word' id='word_1_10' title='bbox 797 400 900 463; x_wconf 81' lang='lat' dir='ltr'>divina</span> <span class='ocrx_word' id='word_1_11' title='bbox 914 400 1073 485; x_wconf 82' lang='lat' dir='ltr'>mandata,</span> 
     </span>
     <span class='ocr_line' id='line_1_3' title="bbox 152 484 1072 565; baseline -0.001 -17"><span class='ocrx_word' id='word_1_12' title='bbox 152 506 221 549; x_wconf 88' lang='lat' dir='ltr'>oum</span> <span class='ocrx_word' id='word_1_13' title='bbox 243 488 304 547; x_wconf 91' lang='lat' dir='ltr'>sint</span> <span class='ocrx_word' id='word_1_14' title='bbox 332 484 407 547; x_wconf 84' lang='lat' dir='ltr'>nitra</span> <span class='ocrx_word' id='word_1_15' title='bbox 433 500 557 561; x_wconf 86' lang='lat' dir='ltr'>omnem</span> <span class='ocrx_word' id='word_1_16' title='bbox 588 486 830 547; x_wconf 85' lang='lat' dir='ltr'>eoutroversiam</span> <span class='ocrx_word' id='word_1_17' title='bbox 858 484 1072 565; x_wconf 70' lang='lat' dir='ltr'>immutabilia,</span> 
     </span>
     <span class='ocr_line' id='line_1_4' title="bbox 151 568 1070 652; baseline -0.001 -20"><span class='ocrx_word' id='word_1_18' title='bbox 151 580 254 633; x_wconf 86' lang='lat' dir='ltr'>tamen</span> <span class='ocrx_word' id='word_1_19' title='bbox 277 568 378 652; x_wconf 88' lang='lat' dir='ltr'>quoad</span> <span class='ocrx_word' id='word_1_20' title='bbox 402 584 498 647; x_wconf 87' lang='lat' dir='ltr'>opera</span> <span class='ocrx_word' id='word_1_21' title='bbox 520 580 648 630; x_wconf 84' lang='lat' dir='ltr'>externa</span> <span class='ocrx_word' id='word_1_22' title='bbox 677 576 838 650; x_wconf 85' lang='lat' dir='ltr'>exeeptam</span> <span class='ocrx_word' id='word_1_23' title='bbox 868 568 983 632; x_wconf 82' lang='lat' dir='ltr'>habent</span> <span class='ocrx_word' id='word_1_24' title='bbox 1010 570 1070 631; x_wconf 85' lang='lat' dir='ltr'>im·</span> 
     </span>
     <span class='ocr_line' id='line_1_5' title="bbox 152 647 1071 736; baseline -0.003 -20"><span class='ocrx_word' id='word_1_25' title='bbox 152 652 396 736; x_wconf 85' lang='lat' dir='ltr'>possibilitatem.</span> <span class='ocrx_word' id='word_1_26' title='bbox 431 647 541 730; x_wconf 80' lang='lat' dir='ltr'>Neque</span> <span class='ocrx_word' id='word_1_27' title='bbox 564 653 644 713; x_wconf 90' lang='lat' dir='ltr'>enim</span> <span class='ocrx_word' id='word_1_28' title='bbox 663 651 823 714; x_wconf 79' lang='lat' dir='ltr'>damnabis</span> <span class='ocrx_word' id='word_1_29' title='bbox 840 648 873 715; x_wconf 79' lang='lat' dir='ltr'>S.</span> <span class='ocrx_word' id='word_1_30' title='bbox 889 652 1010 713; x_wconf 87' lang='lat' dir='ltr'>Petrum</span> <span class='ocrx_word' id='word_1_31' title='bbox 1024 652 1071 736; x_wconf 71' lang='lat'>*),</span> 
     </span>
     <span class='ocr_line' id='line_1_6' title="bbox 150 734 1070 820; baseline -0.002 -21"><span class='ocrx_word' id='word_1_32' title='bbox 150 737 233 820; x_wconf 89' lang='lat' dir='ltr'>quod</span> <span class='ocrx_word' id='word_1_33' title='bbox 255 738 374 797; x_wconf 86' lang='lat' dir='ltr'>vinetus</span> <span class='ocrx_word' id='word_1_34' title='bbox 396 734 434 794; x_wconf 87' lang='lat' dir='ltr'>ab</span> <span class='ocrx_word' id='word_1_35' title='bbox 457 735 580 796; x_wconf 85' lang='lat' dir='ltr'>Herode</span> <span class='ocrx_word' id='word_1_36' title='bbox 599 755 660 796; x_wconf 92' lang='lat' dir='ltr'>non</span> <span class='ocrx_word' id='word_1_37' title='bbox 676 736 875 818; x_wconf 82' lang='lat' dir='ltr'>praedicarit,</span> <span class='ocrx_word' id='word_1_38' title='bbox 897 755 958 801; x_wconf 92' lang='lat' dir='ltr'>nou</span> <span class='ocrx_word' id='word_1_39' title='bbox 975 739 1070 799; x_wconf 85' lang='lat' dir='ltr'>servi·</span> 
     </span>
     <span class='ocr_line' id='line_1_7' title="bbox 150 819 1069 902; baseline -0.001 -20"><span class='ocrx_word' id='word_1_40' title='bbox 150 823 193 883; x_wconf 84' lang='lat' dir='ltr'>vit</span> <span class='ocrx_word' id='word_1_41' title='bbox 215 822 357 902; x_wconf 83' lang='lat' dir='ltr'>proximo</span> <span class='ocrx_word' id='word_1_42' title='bbox 379 837 447 894; x_wconf 87' lang='lat' dir='ltr'>suo,</span> <span class='ocrx_word' id='word_1_43' title='bbox 470 820 549 879; x_wconf 90' lang='lat' dir='ltr'>siout</span> <span class='ocrx_word' id='word_1_44' title='bbox 571 819 665 880; x_wconf 85' lang='lat' dir='ltr'>habet</span> <span class='ocrx_word' id='word_1_45' title='bbox 690 823 888 901; x_wconf 81' lang='lat' dir='ltr'>praeseptum</span> <span class='ocrx_word' id='word_1_46' title='bbox 923 822 1069 901; x_wconf 75' lang='lat' dir='ltr'>raritatis,</span> 
     </span>
     <span class='ocr_line' id='line_1_8' title="bbox 151 902 1069 982; baseline 0.001 -18"><span class='ocrx_word' id='word_1_47' title='bbox 151 905 204 965; x_wconf 89' lang='lat' dir='ltr'>sed</span> <span class='ocrx_word' id='word_1_48' title='bbox 233 905 324 965; x_wconf 88' lang='lat' dir='ltr'>beata</span> <span class='ocrx_word' id='word_1_49' title='bbox 355 902 585 982; x_wconf 84' lang='lat' dir='ltr'>impossibilitas</span> <span class='ocrx_word' id='word_1_50' title='bbox 613 922 682 963; x_wconf 90' lang='lat' dir='ltr'>eum</span> <span class='ocrx_word' id='word_1_51' title='bbox 715 910 851 969; x_wconf 80' lang='lat' dir='ltr'>exousat</span> <span class='ocrx_word' id='word_1_52' title='bbox 897 902 964 966; x_wconf 82' lang='lat' dir='ltr'>Nee</span> <span class='ocrx_word' id='word_1_53' title='bbox 989 903 1069 965; x_wconf 79' lang='lat' dir='ltr'>Pau·</span> 
     </span>
     <span class='ocr_line' id='line_1_9' title="bbox 150 987 1068 1071; baseline 0.002 -23"><span class='ocrx_word' id='word_1_54' title='bbox 150 988 210 1049; x_wconf 88' lang='lat' dir='ltr'>lum</span> <span class='ocrx_word' id='word_1_55' title='bbox 226 988 283 1064; x_wconf 72' lang='lat' dir='ltr'>&#39;³*J</span> <span class='ocrx_word' id='word_1_56' title='bbox 308 987 402 1048; x_wconf 85' lang='lat' dir='ltr'>lanies</span> <span class='ocrx_word' id='word_1_57' title='bbox 424 1004 511 1047; x_wconf 89' lang='lat' dir='ltr'>reum</span> <span class='ocrx_word' id='word_1_58' title='bbox 526 989 661 1048; x_wconf 88' lang='lat' dir='ltr'>omissae</span> <span class='ocrx_word' id='word_1_59' title='bbox 678 988 823 1065; x_wconf 79' lang='lat' dir='ltr'>caritatis,</span> <span class='ocrx_word' id='word_1_60' title='bbox 844 987 927 1071; x_wconf 90' lang='lat' dir='ltr'>quod</span> <span class='ocrx_word' id='word_1_61' title='bbox 943 990 1068 1069; x_wconf 87' lang='lat' dir='ltr'>saepius</span> 
     </span>
     <span class='ocr_line' id='line_1_10' title="bbox 153 1069 1068 1152; baseline 0.004 -20"><span class='ocrx_word' id='word_1_62' title='bbox 153 1071 251 1151; x_wconf 79' lang='lat' dir='ltr'>uoluit</span> <span class='ocrx_word' id='word_1_63' title='bbox 274 1072 376 1131; x_wconf 85' lang='lat' dir='ltr'>venire</span> <span class='ocrx_word' id='word_1_64' title='bbox 397 1069 436 1130; x_wconf 87' lang='lat' dir='ltr'>ad</span> <span class='ocrx_word' id='word_1_65' title='bbox 459 1069 618 1131; x_wconf 86' lang='lat' dir='ltr'>Romanos</span> <span class='ocrx_word' id='word_1_66' title='bbox 641 1078 672 1131; x_wconf 87' lang='lat' dir='ltr'>et</span> <span class='ocrx_word' id='word_1_67' title='bbox 706 1081 806 1131; x_wconf 85' lang='lat' dir='ltr'>temen</span> <span class='ocrx_word' id='word_1_68' title='bbox 840 1070 1068 1152; x_wconf 66' lang='lat' dir='ltr'>prohibebatur.</span> 
     </span>
     <span class='ocr_line' id='line_1_11' title="bbox 148 1152 1068 1236; baseline 0.001 -21"><span class='ocrx_word' id='word_1_69' title='bbox 148 1154 188 1215; x_wconf 82' lang='lat' dir='ltr'>Et</span> <span class='ocrx_word' id='word_1_70' title='bbox 210 1158 314 1217; x_wconf 85' lang='lat' dir='ltr'>Aotor.</span> <span class='ocrx_word' id='word_1_71' title='bbox 342 1154 388 1219; x_wconf 82' lang='lat' dir='ltr'>ld.</span> <span class='ocrx_word' id='word_1_72' title='bbox 409 1155 440 1214; x_wconf 92' lang='lat' dir='ltr'>iu</span> <span class='ocrx_word' id='word_1_73' title='bbox 463 1152 637 1235; x_wconf 79' lang='lat' dir='ltr'>Bithyniam</span> <span class='ocrx_word' id='word_1_74' title='bbox 661 1155 705 1214; x_wconf 88' lang='lat' dir='ltr'>ire</span> <span class='ocrx_word' id='word_1_75' title='bbox 720 1154 825 1230; x_wconf 84' lang='lat' dir='ltr'>voluit,</span> <span class='ocrx_word' id='word_1_76' title='bbox 847 1153 980 1216; x_wconf 88' lang='lat' dir='ltr'>sednon</span> <span class='ocrx_word' id='word_1_77' title='bbox 999 1173 1068 1236; x_wconf 88' lang='lat' dir='ltr'>per·</span> 
     </span>
     <span class='ocr_line' id='line_1_12' title="bbox 149 1237 1063 1320; baseline 0 -21"><span class='ocrx_word' id='word_1_78' title='bbox 149 1240 227 1299; x_wconf 89' lang='lat' dir='ltr'>misit</span> <span class='ocrx_word' id='word_1_79' title='bbox 251 1238 298 1298; x_wconf 88' lang='lat' dir='ltr'>vel</span> <span class='ocrx_word' id='word_1_80' title='bbox 321 1250 429 1298; x_wconf 85' lang='lat' dir='ltr'>ventus</span> <span class='ocrx_word' id='word_1_81' title='bbox 452 1237 500 1296; x_wconf 87' lang='lat' dir='ltr'>vel</span> <span class='ocrx_word' id='word_1_82' title='bbox 522 1238 656 1318; x_wconf 87' lang='lat' dir='ltr'>spiritus.</span> <span class='ocrx_word' id='word_1_83' title='bbox 700 1238 739 1298; x_wconf 83' lang='lat' dir='ltr'>llt</span> <span class='ocrx_word' id='word_1_84' title='bbox 760 1238 908 1320; x_wconf 77' lang='lat' dir='ltr'><strong>Martyres</strong></span> <span class='ocrx_word' id='word_1_85' title='bbox 935 1238 967 1298; x_wconf 92' lang='lat' dir='ltr'>in</span> <span class='ocrx_word' id='word_1_86' title='bbox 1000 1256 1063 1299; x_wconf 89' lang='lat' dir='ltr'>oar-</span> 
     </span>
     <span class='ocr_line' id='line_1_13' title="bbox 147 1319 1065 1403; baseline 0.001 -21"><span class='ocrx_word' id='word_1_87' title='bbox 147 1323 266 1382; x_wconf 88' lang='lat' dir='ltr'>oeribus</span> <span class='ocrx_word' id='word_1_88' title='bbox 288 1323 398 1402; x_wconf 88' lang='lat' dir='ltr'>impios</span> <span class='ocrx_word' id='word_1_89' title='bbox 421 1319 574 1396; x_wconf 78' lang='lat' dir='ltr'>dicemus,</span> <span class='ocrx_word' id='word_1_90' title='bbox 597 1322 653 1381; x_wconf 90' lang='lat' dir='ltr'>nisi</span> <span class='ocrx_word' id='word_1_91' title='bbox 676 1339 772 1403; x_wconf 91' lang='lat' dir='ltr'>opera</span> <span class='ocrx_word' id='word_1_92' title='bbox 794 1323 935 1383; x_wconf 89' lang='lat' dir='ltr'>omittere</span> <span class='ocrx_word' id='word_1_93' title='bbox 958 1328 1065 1403; x_wconf 86' lang='lat' dir='ltr'>potue·</span> 
     </span>
     <span class='ocr_line' id='line_1_14' title="bbox 145 1398 835 1489; baseline 0 -24"><span class='ocrx_word' id='word_1_94' title='bbox 145 1413 225 1489; x_wconf 77' lang='lat' dir='ltr'>runt,</span> <span class='ocrx_word' id='word_1_95' title='bbox 247 1404 492 1486; x_wconf 88' lang='lat' dir='ltr'>impossibilitate</span> <span class='ocrx_word' id='word_1_96' title='bbox 515 1412 653 1485; x_wconf 83' lang='lat' dir='ltr'>urgente.</span> <span class='ocrx_word' id='word_1_97' title='bbox 832 1398 835 1404; x_wconf 64' lang='grc'><strong>’</strong></span> 
     </span>
    </p>

    <p class='ocr_par' dir='ltr' id='par_1_3' title="bbox 58 1486 1065 3581">
     <span class='ocr_line' id='line_1_15' title="bbox 228 1486 1065 1569; baseline 0.001 -19"><span class='ocrx_word' id='word_1_98' title='bbox 228 1488 289 1550; x_wconf 78' lang='lat' dir='ltr'>Sed</span> <span class='ocrx_word' id='word_1_99' title='bbox 312 1489 361 1548; x_wconf 88' lang='lat' dir='ltr'>hio</span> <span class='ocrx_word' id='word_1_100' title='bbox 383 1486 484 1548; x_wconf 86' lang='lat' dir='ltr'>dioes:</span> <span class='ocrx_word' id='word_1_101' title='bbox 506 1488 645 1548; x_wconf 77' lang='lat' dir='ltr'><strong>Coronat</strong></span> <span class='ocrx_word' id='word_1_102' title='bbox 659 1487 741 1549; x_wconf 86' lang='lat' dir='ltr'>Deus</span> <span class='ocrx_word' id='word_1_103' title='bbox 758 1488 840 1549; x_wconf 90' lang='lat' dir='ltr'>intus</span> <span class='ocrx_word' id='word_1_104' title='bbox 863 1488 1065 1569; x_wconf 86' lang='lat' dir='ltr'>voluntatem,</span> 
     </span>
     <span class='ocr_line' id='line_1_16' title="bbox 61 1570 1063 1652; baseline 0.006 -23"><span class='ocrx_word' id='word_1_105' title='bbox 61 1624 63 1629; x_wconf 88' lang='lat'><em>.</em></span> <span class='ocrx_word' id='word_1_106' title='bbox 145 1571 196 1635; x_wconf 90' lang='lat' dir='ltr'>ubi</span> <span class='ocrx_word' id='word_1_107' title='bbox 225 1590 287 1633; x_wconf 90' lang='lat' dir='ltr'>non</span> <span class='ocrx_word' id='word_1_108' title='bbox 314 1574 432 1633; x_wconf 85' lang='lat' dir='ltr'>inuenit</span> <span class='ocrx_word' id='word_1_109' title='bbox 460 1570 534 1632; x_wconf 85' lang='lat' dir='ltr'>loris</span> <span class='ocrx_word' id='word_1_110' title='bbox 560 1571 756 1652; x_wconf 76' lang='lat' dir='ltr'>iaoultatem3</span> <span class='ocrx_word' id='word_1_111' title='bbox 783 1573 854 1633; x_wconf 85' lang='lat' dir='ltr'>ideo</span> <span class='ocrx_word' id='word_1_112' title='bbox 888 1571 1063 1635; x_wconf 82' lang='lat' dir='ltr'>denoterioe</span> 
     </span>
     <span class='ocr_line' id='line_1_17' title="bbox 145 1654 1061 1738; baseline -0.002 -20"><span class='ocrx_word' id='word_1_113' title='bbox 145 1657 196 1719; x_wconf 87' lang='lat' dir='ltr'>ille</span> <span class='ocrx_word' id='word_1_114' title='bbox 217 1655 249 1719; x_wconf 78' lang='lat' dir='ltr'>S.</span> <span class='ocrx_word' id='word_1_115' title='bbox 276 1654 382 1717; x_wconf 90' lang='lat' dir='ltr'>laoobi</span> <span class='ocrx_word' id='word_1_116' title='bbox 412 1654 519 1735; x_wconf 79' lang='lat' dir='ltr'>implet</span> <span class='ocrx_word' id='word_1_117' title='bbox 550 1663 652 1716; x_wconf 88' lang='lat' dir='ltr'>votum</span> <span class='ocrx_word' id='word_1_118' title='bbox 682 1674 769 1717; x_wconf 88' lang='lat' dir='ltr'>suum</span> <span class='ocrx_word' id='word_1_119' title='bbox 801 1655 974 1738; x_wconf 87' lang='lat' dir='ltr'>voluntate,</span> <span class='ocrx_word' id='word_1_120' title='bbox 1011 1655 1061 1719; x_wconf 91' lang='lat' dir='ltr'>ubi</span> 
     </span>
     <span class='ocr_line' id='line_1_18' title="bbox 58 1736 1062 1820; baseline 0.002 -20"><span class='ocrx_word' id='word_1_121' title='bbox 58 1736 62 1741; x_wconf 80' lang='grc'><strong>’</strong></span> <span class='ocrx_word' id='word_1_122' title='bbox 144 1759 207 1801; x_wconf 92' lang='lat' dir='ltr'>non</span> <span class='ocrx_word' id='word_1_123' title='bbox 230 1745 333 1820; x_wconf 89' lang='lat' dir='ltr'>potest</span> <span class='ocrx_word' id='word_1_124' title='bbox 353 1738 510 1818; x_wconf 77' lang='lat' dir='ltr'>facultate,</span> <span class='ocrx_word' id='word_1_125' title='bbox 533 1740 578 1799; x_wconf 89' lang='lat' dir='ltr'>sio</span> <span class='ocrx_word' id='word_1_126' title='bbox 600 1747 630 1799; x_wconf 86' lang='lat' dir='ltr'>et</span> <span class='ocrx_word' id='word_1_127' title='bbox 650 1737 754 1800; x_wconf 78' lang='lat' dir='ltr'>Saoeti</span> <span class='ocrx_word' id='word_1_128' title='bbox 777 1738 903 1820; x_wconf 86' lang='lat' dir='ltr'>impleut</span> <span class='ocrx_word' id='word_1_129' title='bbox 918 1739 1062 1802; x_wconf 84' lang='lat' dir='ltr'>mandata</span> 
     </span>
     <span class='ocr_line' id='line_1_19' title="bbox 144 1821 1061 1907; baseline 0 -22"><span class='ocrx_word' id='word_1_130' title='bbox 144 1823 212 1886; x_wconf 86' lang='lat' dir='ltr'>Dei.</span> <span class='ocrx_word' id='word_1_131' title='bbox 255 1821 313 1882; x_wconf 87' lang='lat' dir='ltr'>llio</span> <span class='ocrx_word' id='word_1_132' title='bbox 334 1821 525 1907; x_wconf 79' lang='lat' dir='ltr'>respondeo:</span> <span class='ocrx_word' id='word_1_133' title='bbox 552 1822 615 1883; x_wconf 85' lang='lat' dir='ltr'>Aut</span> <span class='ocrx_word' id='word_1_134' title='bbox 636 1822 696 1884; x_wconf 88' lang='lat' dir='ltr'>hoe</span> <span class='ocrx_word' id='word_1_135' title='bbox 718 1841 778 1883; x_wconf 90' lang='lat' dir='ltr'>nou</span> <span class='ocrx_word' id='word_1_136' title='bbox 803 1823 875 1884; x_wconf 86' lang='lat' dir='ltr'>lusit</span> <span class='ocrx_word' id='word_1_137' title='bbox 896 1824 987 1905; x_wconf 77' lang='lat' dir='ltr'>satis,</span> <span class='ocrx_word' id='word_1_138' title='bbox 1009 1835 1061 1885; x_wconf 91' lang='lat' dir='ltr'>aut</span> 
     </span>
     <span class='ocr_line' id='line_1_20' title="bbox 144 1904 1060 1989; baseline 0.002 -21"><span class='ocrx_word' id='word_1_139' title='bbox 144 1906 244 1968; x_wconf 73' lang='lat' dir='ltr'>firmat</span> <span class='ocrx_word' id='word_1_140' title='bbox 267 1925 367 1967; x_wconf 87' lang='lat' dir='ltr'>meum</span> <span class='ocrx_word' id='word_1_141' title='bbox 390 1906 591 1987; x_wconf 89' lang='lat' dir='ltr'>propositum.</span> <span class='ocrx_word' id='word_1_142' title='bbox 624 1904 694 1967; x_wconf 84' lang='lat' dir='ltr'>Non</span> <span class='ocrx_word' id='word_1_143' title='bbox 717 1907 789 1967; x_wconf 88' lang='lat' dir='ltr'>laoit</span> <span class='ocrx_word' id='word_1_144' title='bbox 805 1907 889 1989; x_wconf 84' lang='lat' dir='ltr'>satis,</span> <span class='ocrx_word' id='word_1_145' title='bbox 912 1909 984 1988; x_wconf 89' lang='lat' dir='ltr'>quia</span> <span class='ocrx_word' id='word_1_146' title='bbox 998 1916 1060 1969; x_wconf 88' lang='lat' dir='ltr'>tarn</span> 
     </span>
     <span class='ocr_line' id='line_1_21' title="bbox 143 1989 1059 2072; baseline 0.001 -20"><span class='ocrx_word' id='word_1_147' title='bbox 143 1999 247 2052; x_wconf 89' lang='lat' dir='ltr'>votum</span> <span class='ocrx_word' id='word_1_148' title='bbox 270 2009 361 2072; x_wconf 89' lang='lat' dir='ltr'>quam</span> <span class='ocrx_word' id='word_1_149' title='bbox 384 2000 581 2071; x_wconf 87' lang='lat' dir='ltr'>praeseptum</span> <span class='ocrx_word' id='word_1_150' title='bbox 604 1997 724 2071; x_wconf 82' lang='lat' dir='ltr'>speetat</span> <span class='ocrx_word' id='word_1_151' title='bbox 745 2009 808 2050; x_wconf 94' lang='lat' dir='ltr'>non</span> <span class='ocrx_word' id='word_1_152' title='bbox 830 1989 928 2051; x_wconf 93' lang='lat' dir='ltr'>solam</span> <span class='ocrx_word' id='word_1_153' title='bbox 956 1990 1059 2053; x_wconf 85' lang='lat' dir='ltr'>uoluu-</span> 
     </span>
     <span class='ocr_line' id='line_1_22' title="bbox 142 2073 1059 2155; baseline -0.001 -19"><span class='ocrx_word' id='word_1_154' title='bbox 142 2083 254 2154; x_wconf 87' lang='lat' dir='ltr'>tatem,</span> <span class='ocrx_word' id='word_1_155' title='bbox 288 2073 343 2134; x_wconf 87' lang='lat' dir='ltr'>sed</span> <span class='ocrx_word' id='word_1_156' title='bbox 371 2084 510 2155; x_wconf 87' lang='lat' dir='ltr'>etopus.</span> <span class='ocrx_word' id='word_1_157' title='bbox 561 2073 646 2155; x_wconf 88' lang='lat' dir='ltr'>Opus</span> <span class='ocrx_word' id='word_1_158' title='bbox 675 2075 775 2155; x_wconf 91' lang='lat' dir='ltr'>ipsum</span> <span class='ocrx_word' id='word_1_159' title='bbox 804 2075 1059 2155; x_wconf 82' lang='lat' dir='ltr'>peregrinationis</span> 
     </span>
     <span class='ocr_line' id='line_1_23' title="bbox 141 2156 1058 2240; baseline 0.004 -22"><span class='ocrx_word' id='word_1_160' title='bbox 141 2157 543 2240; x_wconf 76' lang='lat' dir='ltr'>vovit,nonvotuntaten1.</span> <span class='ocrx_word' id='word_1_161' title='bbox 593 2156 674 2233; x_wconf 76' lang='lat' dir='ltr'>Quid</span> <span class='ocrx_word' id='word_1_162' title='bbox 698 2159 778 2218; x_wconf 89' lang='lat' dir='ltr'>enim</span> <span class='ocrx_word' id='word_1_163' title='bbox 809 2165 891 2218; x_wconf 89' lang='lat' dir='ltr'>esset</span> <span class='ocrx_word' id='word_1_164' title='bbox 926 2177 1058 2222; x_wconf 88' lang='lat' dir='ltr'>vovere:</span> 
     </span>
     <span class='ocr_line' id='line_1_24' title="bbox 142 2240 1059 2322; baseline 0.004 -20"><span class='ocrx_word' id='word_1_165' title='bbox 142 2261 242 2304; x_wconf 88' lang='lat' dir='ltr'>voveo</span> <span class='ocrx_word' id='word_1_166' title='bbox 267 2243 318 2301; x_wconf 89' lang='lat' dir='ltr'>tibi</span> <span class='ocrx_word' id='word_1_167' title='bbox 342 2242 530 2302; x_wconf 87' lang='lat' dir='ltr'>voluntatem</span> <span class='ocrx_word' id='word_1_168' title='bbox 552 2241 767 2322; x_wconf 86' lang='lat' dir='ltr'>peregrinandi</span> <span class='ocrx_word' id='word_1_169' title='bbox 789 2240 828 2300; x_wconf 93' lang='lat' dir='ltr'>ad</span> <span class='ocrx_word' id='word_1_170' title='bbox 848 2241 1059 2306; x_wconf 81' lang='lat' dir='ltr'>S.laoobuml</span> 
     </span>
     <span class='ocr_line' id='line_1_25' title="bbox 140 2323 1059 2412; baseline 0.008 -25"><span class='ocrx_word' id='word_1_171' title='bbox 140 2326 186 2387; x_wconf 87' lang='lat' dir='ltr'>lta</span> <span class='ocrx_word' id='word_1_172' title='bbox 208 2336 406 2406; x_wconf 86' lang='lat' dir='ltr'>praeseptum</span> <span class='ocrx_word' id='word_1_173' title='bbox 428 2325 483 2386; x_wconf 85' lang='lat' dir='ltr'>Dei</span> <span class='ocrx_word' id='word_1_174' title='bbox 506 2325 545 2386; x_wconf 89' lang='lat' dir='ltr'>ad</span> <span class='ocrx_word' id='word_1_175' title='bbox 568 2343 645 2405; x_wconf 90' lang='lat' dir='ltr'>opus</span> <span class='ocrx_word' id='word_1_176' title='bbox 668 2326 759 2407; x_wconf 83' lang='lat' dir='ltr'>cogit.</span> <span class='ocrx_word' id='word_1_177' title='bbox 798 2323 877 2403; x_wconf 81' lang='lat' dir='ltr'>Quid</span> <span class='ocrx_word' id='word_1_178' title='bbox 900 2331 979 2390; x_wconf 90' lang='lat' dir='ltr'>enim</span> <span class='ocrx_word' id='word_1_179' title='bbox 1003 2341 1059 2412; x_wconf 87' lang='lat' dir='ltr'>est,</span> 
     </span>
     <span class='ocr_line' id='line_1_26' title="bbox 141 2407 1057 2491; baseline 0.01 -22"><span class='ocrx_word' id='word_1_180' title='bbox 141 2411 297 2491; x_wconf 79' lang='lat' dir='ltr'>praecipio</span> <span class='ocrx_word' id='word_1_181' title='bbox 321 2409 373 2470; x_wconf 86' lang='lat' dir='ltr'>tibi</span> <span class='ocrx_word' id='word_1_182' title='bbox 397 2415 430 2469; x_wconf 93' lang='lat' dir='ltr'>ut</span> <span class='ocrx_word' id='word_1_183' title='bbox 456 2409 531 2469; x_wconf 89' lang='lat' dir='ltr'>velis</span> <span class='ocrx_word' id='word_1_184' title='bbox 563 2408 686 2470; x_wconf 78' lang='lat' dir='ltr'>lacere?</span> <span class='ocrx_word' id='word_1_185' title='bbox 719 2407 821 2484; x_wconf 76' lang='lat' dir='ltr'>Quare</span> <span class='ocrx_word' id='word_1_186' title='bbox 853 2410 901 2471; x_wconf 88' lang='lat' dir='ltr'>hio</span> <span class='ocrx_word' id='word_1_187' title='bbox 934 2415 1057 2478; x_wconf 90' lang='lat' dir='ltr'>demon-</span> 
     </span>
     <span class='ocr_line' id='line_1_27' title="bbox 139 2492 1058 2577; baseline 0.009 -24"><span class='ocrx_word' id='word_1_188' title='bbox 139 2495 265 2555; x_wconf 87' lang='lat' dir='ltr'>strative</span> <span class='ocrx_word' id='word_1_189' title='bbox 287 2492 450 2574; x_wconf 78' lang='lat' dir='ltr'>oonoludo,</span> <span class='ocrx_word' id='word_1_190' title='bbox 473 2501 546 2554; x_wconf 89' lang='lat' dir='ltr'>vota</span> <span class='ocrx_word' id='word_1_191' title='bbox 567 2510 688 2574; x_wconf 84' lang='lat' dir='ltr'>semper</span> <span class='ocrx_word' id='word_1_192' title='bbox 710 2496 852 2574; x_wconf 77' lang='lat' dir='ltr'>excipere</span> <span class='ocrx_word' id='word_1_193' title='bbox 884 2496 1058 2577; x_wconf 89' lang='lat' dir='ltr'>impossibi-</span> 
     </span>
     <span class='ocr_line' id='line_1_28' title="bbox 140 2577 1057 2658; baseline 0.008 -21"><span class='ocrx_word' id='word_1_194' title='bbox 140 2578 275 2658; x_wconf 78' lang='lat' dir='ltr'>litatem,</span> <span class='ocrx_word' id='word_1_195' title='bbox 310 2579 389 2637; x_wconf 90' lang='lat' dir='ltr'>siout</span> <span class='ocrx_word' id='word_1_196' title='bbox 409 2585 441 2637; x_wconf 90' lang='lat' dir='ltr'>et</span> <span class='ocrx_word' id='word_1_197' title='bbox 461 2584 588 2638; x_wconf 87' lang='lat' dir='ltr'>externa</span> <span class='ocrx_word' id='word_1_198' title='bbox 621 2595 717 2657; x_wconf 90' lang='lat' dir='ltr'>opera</span> <span class='ocrx_word' id='word_1_199' title='bbox 749 2577 964 2640; x_wconf 89' lang='lat' dir='ltr'>mandatorum</span> <span class='ocrx_word' id='word_1_200' title='bbox 995 2587 1057 2647; x_wconf 80' lang='lat' dir='ltr'>ltei.</span> 
     </span>
     <span class='ocr_line' id='line_1_29' title="bbox 139 2659 1057 2747; baseline 0.007 -25"><span class='ocrx_word' id='word_1_201' title='bbox 139 2660 241 2738; x_wconf 81' lang='lat' dir='ltr'>Quare</span> <span class='ocrx_word' id='word_1_202' title='bbox 263 2672 294 2722; x_wconf 89' lang='lat' dir='ltr'>et</span> <span class='ocrx_word' id='word_1_203' title='bbox 316 2660 495 2740; x_wconf 81' lang='lat' dir='ltr'>coelibatus,</span> <span class='ocrx_word' id='word_1_204' title='bbox 517 2661 542 2720; x_wconf 88' lang='lat' dir='ltr'>si</span> <span class='ocrx_word' id='word_1_205' title='bbox 566 2667 613 2721; x_wconf 88' lang='lat' dir='ltr'>est</span> <span class='ocrx_word' id='word_1_206' title='bbox 634 2659 833 2741; x_wconf 86' lang='lat' dir='ltr'>impossibilis</span> <span class='ocrx_word' id='word_1_207' title='bbox 855 2672 925 2742; x_wconf 86' lang='lat' dir='ltr'>post</span> <span class='ocrx_word' id='word_1_208' title='bbox 941 2675 1057 2747; x_wconf 85' lang='lat' dir='ltr'>votum,</span> 
     </span>
     <span class='ocr_line' id='line_1_30' title="bbox 139 2744 1056 2827; baseline 0.008 -23"><span class='ocrx_word' id='word_1_209' title='bbox 139 2748 169 2804; x_wconf 88' lang='lat' dir='ltr'>iu</span> <span class='ocrx_word' id='word_1_210' title='bbox 193 2754 266 2805; x_wconf 89' lang='lat' dir='ltr'>voto</span> <span class='ocrx_word' id='word_1_211' title='bbox 290 2764 351 2805; x_wconf 92' lang='lat' dir='ltr'>non</span> <span class='ocrx_word' id='word_1_212' title='bbox 375 2752 422 2805; x_wconf 89' lang='lat' dir='ltr'>est</span> <span class='ocrx_word' id='word_1_213' title='bbox 450 2744 708 2825; x_wconf 78' lang='lat' dir='ltr'>comprehensus,</span> <span class='ocrx_word' id='word_1_214' title='bbox 741 2744 848 2805; x_wconf 87' lang='lat' dir='ltr'>saltem</span> <span class='ocrx_word' id='word_1_215' title='bbox 878 2764 972 2827; x_wconf 88' lang='lat' dir='ltr'>opere</span> <span class='ocrx_word' id='word_1_216' title='bbox 1004 2770 1056 2811; x_wconf 87' lang='lat' dir='ltr'>ex-</span> 
     </span>
     <span class='ocr_line' id='line_1_31' title="bbox 139 2827 1054 2910; baseline 0.009 -22"><span class='ocrx_word' id='word_1_217' title='bbox 139 2839 236 2893; x_wconf 82' lang='lat' dir='ltr'>terno.</span> <span class='ocrx_word' id='word_1_218' title='bbox 279 2827 345 2888; x_wconf 87' lang='lat' dir='ltr'>Neo</span> <span class='ocrx_word' id='word_1_219' title='bbox 367 2827 472 2906; x_wconf 86' lang='lat' dir='ltr'>habes,</span> <span class='ocrx_word' id='word_1_220' title='bbox 495 2828 578 2910; x_wconf 94' lang='lat' dir='ltr'>quod</span> <span class='ocrx_word' id='word_1_221' title='bbox 601 2828 649 2888; x_wconf 87' lang='lat' dir='ltr'>hie</span> <span class='ocrx_word' id='word_1_222' title='bbox 681 2846 833 2908; x_wconf 88' lang='lat' dir='ltr'>opponas.</span> <span class='ocrx_word' id='word_1_223' title='bbox 887 2831 918 2891; x_wconf 81' lang='lat' dir='ltr'>Si</span> <span class='ocrx_word' id='word_1_224' title='bbox 952 2843 1054 2896; x_wconf 81' lang='lat' dir='ltr'>autem</span> 
     </span>
     <span class='ocr_line' id='line_1_32' title="bbox 137 2907 1056 3000; baseline 0.008 -28"><span class='ocrx_word' id='word_1_225' title='bbox 137 2914 211 2974; x_wconf 87' lang='lat' dir='ltr'>satis</span> <span class='ocrx_word' id='word_1_226' title='bbox 234 2918 280 2971; x_wconf 89' lang='lat' dir='ltr'>est</span> <span class='ocrx_word' id='word_1_227' title='bbox 303 2911 454 2992; x_wconf 86' lang='lat' dir='ltr'>voluntas,</span> <span class='ocrx_word' id='word_1_228' title='bbox 479 2911 529 2973; x_wconf 92' lang='lat' dir='ltr'>ubi</span> <span class='ocrx_word' id='word_1_229' title='bbox 552 2907 638 2972; x_wconf 86' lang='lat' dir='ltr'>deest</span> <span class='ocrx_word' id='word_1_230' title='bbox 660 2911 798 2992; x_wconf 81' lang='lat' dir='ltr'>facultas,</span> <span class='ocrx_word' id='word_1_231' title='bbox 821 2913 920 2976; x_wconf 88' lang='lat' dir='ltr'>habeo</span> <span class='ocrx_word' id='word_1_232' title='bbox 943 2936 1056 3000; x_wconf 89' lang='lat' dir='ltr'>propo·</span> 
     </span>
     <span class='ocr_line' id='line_1_33' title="bbox 137 2994 1053 3077; baseline 0.008 -22"><span class='ocrx_word' id='word_1_233' title='bbox 137 2998 237 3076; x_wconf 84' lang='lat' dir='ltr'>situm,</span> <span class='ocrx_word' id='word_1_234' title='bbox 260 2996 332 3074; x_wconf 88' lang='lat' dir='ltr'>quia</span> <span class='ocrx_word' id='word_1_235' title='bbox 354 2995 392 3055; x_wconf 90' lang='lat' dir='ltr'>de</span> <span class='ocrx_word' id='word_1_236' title='bbox 414 3013 452 3055; x_wconf 87' lang='lat' dir='ltr'>eo</span> <span class='ocrx_word' id='word_1_237' title='bbox 475 2994 544 3056; x_wconf 92' lang='lat' dir='ltr'>solo</span> <span class='ocrx_word' id='word_1_238' title='bbox 567 2994 706 3076; x_wconf 87' lang='lat' dir='ltr'>disputo,</span> <span class='ocrx_word' id='word_1_239' title='bbox 740 2997 793 3077; x_wconf 92' lang='lat' dir='ltr'>qui</span> <span class='ocrx_word' id='word_1_240' title='bbox 824 2996 917 3060; x_wconf 85' lang='lat' dir='ltr'>vellet</span> <span class='ocrx_word' id='word_1_241' title='bbox 949 3010 1053 3062; x_wconf 86' lang='lat' dir='ltr'>votum</span> 
     </span>
     <span class='ocr_line' id='line_1_34' title="bbox 136 3076 1053 3160; baseline 0.009 -21"><span class='ocrx_word' id='word_1_242' title='bbox 136 3080 306 3140; x_wconf 77' lang='lat' dir='ltr'>coelibatus</span> <span class='ocrx_word' id='word_1_243' title='bbox 327 3077 465 3160; x_wconf 88' lang='lat' dir='ltr'>implere,</span> <span class='ocrx_word' id='word_1_244' title='bbox 487 3088 518 3139; x_wconf 86' lang='lat' dir='ltr'>et</span> <span class='ocrx_word' id='word_1_245' title='bbox 538 3098 592 3160; x_wconf 90' lang='lat' dir='ltr'>per</span> <span class='ocrx_word' id='word_1_246' title='bbox 626 3076 831 3140; x_wconf 86' lang='lat' dir='ltr'>infirmitatem</span> <span class='ocrx_word' id='word_1_247' title='bbox 862 3086 962 3144; x_wconf 86' lang='lat' dir='ltr'>earnis</span> <span class='ocrx_word' id='word_1_248' title='bbox 991 3104 1053 3147; x_wconf 92' lang='lat' dir='ltr'>non</span> 
     </span>
     <span class='ocr_line' id='line_1_35' title="bbox 135 3164 1053 3244; baseline 0.008 -21"><span class='ocrx_word' id='word_1_249' title='bbox 135 3171 247 3242; x_wconf 88' lang='lat' dir='ltr'>potest,</span> <span class='ocrx_word' id='word_1_250' title='bbox 269 3165 371 3244; x_wconf 90' lang='lat' dir='ltr'>utqui</span> <span class='ocrx_word' id='word_1_251' title='bbox 394 3164 516 3244; x_wconf 90' lang='lat' dir='ltr'>saepius</span> <span class='ocrx_word' id='word_1_252' title='bbox 539 3164 675 3243; x_wconf 85' lang='lat' dir='ltr'>tentarit,</span> <span class='ocrx_word' id='word_1_253' title='bbox 708 3173 861 3224; x_wconf 85' lang='lat' dir='ltr'>ettamen</span> <span class='ocrx_word' id='word_1_254' title='bbox 893 3185 950 3228; x_wconf 89' lang='lat' dir='ltr'>neo</span> <span class='ocrx_word' id='word_1_255' title='bbox 981 3170 1053 3229; x_wconf 86' lang='lat' dir='ltr'>ieiu-</span> 
     </span>
     <span class='ocr_line' id='line_1_36' title="bbox 135 3247 1052 3334; baseline 0.009 -29"><span class='ocrx_word' id='word_1_256' title='bbox 135 3247 194 3305; x_wconf 88' lang='lat' dir='ltr'>niis</span> <span class='ocrx_word' id='word_1_257' title='bbox 216 3265 274 3307; x_wconf 87' lang='lat' dir='ltr'>uso</span> <span class='ocrx_word' id='word_1_258' title='bbox 295 3247 364 3318; x_wconf 88' lang='lat' dir='ltr'>ullis</span> <span class='ocrx_word' id='word_1_259' title='bbox 385 3248 493 3307; x_wconf 89' lang='lat' dir='ltr'>studiis</span> <span class='ocrx_word' id='word_1_260' title='bbox 515 3264 637 3307; x_wconf 83' lang='lat' dir='ltr'>earnem</span> <span class='ocrx_word' id='word_1_261' title='bbox 661 3266 800 3327; x_wconf 88' lang='lat' dir='ltr'>premere</span> <span class='ocrx_word' id='word_1_262' title='bbox 822 3257 942 3333; x_wconf 77' lang='lat' dir='ltr'>potest,</span> <span class='ocrx_word' id='word_1_263' title='bbox 971 3254 1052 3334; x_wconf 75' lang='lat' dir='ltr'>nogi-</span> 
     </span>
     <span class='ocr_line' id='line_1_37' title="bbox 135 3329 1051 3409; baseline 0.009 -22"><span class='ocrx_word' id='word_1_264' title='bbox 135 3338 242 3407; x_wconf 86' lang='lat' dir='ltr'>turque</span> <span class='ocrx_word' id='word_1_265' title='bbox 265 3331 378 3389; x_wconf 90' lang='lat' dir='ltr'>invitus</span> <span class='ocrx_word' id='word_1_266' title='bbox 401 3330 566 3409; x_wconf 84' lang='lat' dir='ltr'>aliquando</span> <span class='ocrx_word' id='word_1_267' title='bbox 590 3337 620 3390; x_wconf 89' lang='lat' dir='ltr'>et</span> <span class='ocrx_word' id='word_1_268' title='bbox 642 3335 739 3391; x_wconf 86' lang='lat' dir='ltr'>viotus</span> <span class='ocrx_word' id='word_1_269' title='bbox 766 3329 891 3395; x_wconf 88' lang='lat' dir='ltr'>flamma</span> <span class='ocrx_word' id='word_1_270' title='bbox 919 3333 1051 3396; x_wconf 89' lang='lat' dir='ltr'>libidinis</span> 
     </span>
     <span class='ocr_line' id='line_1_38' title="bbox 131 3411 1051 3499; baseline 0.01 -28"><span class='ocrx_word' id='word_1_271' title='bbox 131 3414 262 3492; x_wconf 87' lang='lat' dir='ltr'>experiri</span> <span class='ocrx_word' id='word_1_272' title='bbox 285 3411 384 3473; x_wconf 85' lang='lat' dir='ltr'>fluxus</span> <span class='ocrx_word' id='word_1_273' title='bbox 407 3413 580 3474; x_wconf 89' lang='lat' dir='ltr'>immundos</span> <span class='ocrx_word' id='word_1_274' title='bbox 604 3415 651 3474; x_wconf 84' lang='lat' dir='ltr'>vel</span> <span class='ocrx_word' id='word_1_275' title='bbox 673 3416 804 3497; x_wconf 79' lang='lat' dir='ltr'>vigilans</span> <span class='ocrx_word' id='word_1_276' title='bbox 823 3416 872 3477; x_wconf 88' lang='lat' dir='ltr'>vel</span> <span class='ocrx_word' id='word_1_277' title='bbox 886 3417 1051 3499; x_wconf 84' lang='lat' dir='ltr'>dormiens,</span> 
     </span>
     <span class='ocr_line' id='line_1_39' title="bbox 132 3496 553 3581; baseline 0.012 -25"><span class='ocrx_word' id='word_1_278' title='bbox 132 3496 246 3576; x_wconf 89' lang='lat' dir='ltr'>alioqui</span> <span class='ocrx_word' id='word_1_279' title='bbox 269 3499 348 3559; x_wconf 81' lang='lat' dir='ltr'>vitae</span> <span class='ocrx_word' id='word_1_280' title='bbox 371 3499 553 3581; x_wconf 85' lang='lat' dir='ltr'>inculpatae.</span> 
     </span>
    </p>

    <p class='ocr_par' dir='ltr' id='par_1_4' title="bbox 214 3580 1050 3665">
     <span class='ocr_line' id='line_1_40' title="bbox 214 3580 1050 3665; baseline 0.019 -24"><span class='ocrx_word' id='word_1_281' title='bbox 214 3580 262 3641; x_wconf 86' lang='lat' dir='ltr'>An</span> <span class='ocrx_word' id='word_1_282' title='bbox 286 3583 336 3643; x_wconf 88' lang='lat' dir='ltr'>hio</span> <span class='ocrx_word' id='word_1_283' title='bbox 359 3583 453 3663; x_wconf 82' lang='lat' dir='ltr'>dices,</span> <span class='ocrx_word' id='word_1_284' title='bbox 477 3592 509 3645; x_wconf 90' lang='lat' dir='ltr'>ut</span> <span class='ocrx_word' id='word_1_285' title='bbox 529 3585 624 3665; x_wconf 88' lang='lat' dir='ltr'>aliqui</span> <span class='ocrx_word' id='word_1_286' title='bbox 653 3584 754 3645; x_wconf 89' lang='lat' dir='ltr'>solent</span> <span class='ocrx_word' id='word_1_287' title='bbox 786 3591 890 3655; x_wconf 84' lang='lat' dir='ltr'>stolidi</span> <span class='ocrx_word' id='word_1_288' title='bbox 925 3601 955 3654; x_wconf 86' lang='lat' dir='ltr'>et</span> <span class='ocrx_word' id='word_1_289' title='bbox 987 3592 1050 3657; x_wconf 83' lang='lat' dir='ltr'>ani·</span> 
     </span>
    </p>
   </div>
   <div class='ocr_carea' id='block_1_3' title="bbox 201 3774 654 3853">
    <p class='ocr_par' dir='ltr' id='par_1_5' title="bbox 201 3774 654 3853">
     <span class='ocr_line' id='line_1_41' title="bbox 201 3774 654 3853; baseline 0.004 -20"><span class='ocrx_word' id='word_1_290' title='bbox 201 3776 233 3853; x_wconf 75' lang='lat' dir='ltr'>*J</span> <span class='ocrx_word' id='word_1_291' title='bbox 254 3774 340 3833; x_wconf 65' lang='lat' dir='ltr'>aaa.</span> <span class='ocrx_word' id='word_1_292' title='bbox 359 3776 401 3834; x_wconf 80' lang='lat' dir='ltr'>ta</span> <span class='ocrx_word' id='word_1_293' title='bbox 439 3776 487 3847; x_wconf 61' lang='lat' dir='ltr'>rr)</span> <span class='ocrx_word' id='word_1_294' title='bbox 509 3776 607 3833; x_wconf 72' lang='lat' dir='ltr'>noma.</span> <span class='ocrx_word' id='word_1_295' title='bbox 627 3779 654 3835; x_wconf 87' lang='lat'>1.</span> 
     </span>
    </p>
   </div>
   <div class='ocr_carea' id='block_1_4' title="bbox 0 0 1200 4170">
    <p class='ocr_par' dir='ltr' id='par_1_6' title="bbox 0 0 1200 4170">
     <span class='ocr_line' id='line_1_42' title="bbox 0 0 1200 4170; baseline 0 6"><span class='ocrx_word' id='word_1_296' title='bbox 0 0 1200 4170; x_wconf 95' lang='lat' dir='ltr'> </span> 
     </span>
    </p>
   </div>
  </div>
 </body>
</html>
