2392 4170
132 245 196 321 Μ
442 244 486 305 Ds
502 244 577 305 votis
592 241 755 305 monnstisls

136 412 328 494 dispergunt,
348 409 465 473 dosent
484 411 566 471 enim
586 410 733 473 iustitiam
753 415 787 472 st
805 415 1003 492 peoostorum
1014 426 1061 469 re·

137 497 315 569 missionem
345 501 434 557 extra
461 492 613 555 Christum
646 495 778 575 operari.
819 491 904 556 Nihil
931 491 974 554 ibi
1001 497 1060 570 est,

135 580 196 642 nisi
217 576 334 641 iustitis
353 578 416 659 ills,
439 596 530 657 qusm
554 577 666 639 Paulus
687 577 774 639 iubet
793 576 1062 658 pro-steroore'at

136 663 318 725 detrimento
340 661 464 725 bsbera.
506 657 617 741 Neque
644 660 743 722 estin
766 680 859 722 msnu
879 665 985 721 nostra
1008 658 1060 719 de

134 746 232 824 finire,
254 747 402 807 meliorne
423 745 463 807 sit
483 745 548 806 voti
558 743 750 824 observator,
772 764 812 805 an
833 743 976 824 violator,
998 742 1061 803 sis·

135 838 168 891 ut
188 831 327 910 superius
361 828 400 891 de
422 827 567 908 operibus
586 828 664 910 legis
686 827 862 908 exemplum
885 825 1038 889 dedimus.

219 912 395 994 Aliquando
416 911 493 973 flunt
521 930 576 992 per
598 912 750 973 Christum
786 913 816 973 in
840 910 929 973 nobis
951 911 1062 991 spiritu

135 997 295 1078 libertatis,
317 995 389 1057 dum
410 1002 562 1057 voventur
589 1002 621 1056 st
641 992 801 1056 servsntur
821 995 925 1075 gretie,
947 1004 980 1054 ιιι
1002 1012 1065 1055 nes

135 1081 271 1162 pessstis
292 1099 348 1160 per
362 1097 401 1141 es
417 1077 556 1155 satisfiat,
576 1097 636 1140 nes
648 1079 772 1158 iustitia,
796 1097 855 1140 nes
866 1076 950 1139 sulus
968 1095 1066 1157 quse·

135 1171 229 1244 rstur3
249 1168 354 1245 potest
374 1163 456 1223 eninr
485 1163 674 1225 Christianus
707 1181 814 1224 omnes
849 1162 984 1224 omnium
1007 1160 1065 1222 ho-

137 1249 252 1309 minum
275 1247 378 1327 leges,
408 1247 499 1325 ritus,
523 1265 624 1308 mores
647 1246 833 1324 observare,
864 1252 896 1306 et
923 1263 996 1306 sese
1017 1245 1065 1305 eis

137 1331 384 1410 assommodsre,
408 1329 503 1391 modo
524 1349 587 1390 non
610 1331 669 1390 sint
682 1329 828 1391 adversus
851 1328 954 1389 divina
976 1346 1065 1388 mau-

137 1415 219 1493 dsts‚
241 1432 300 1475 nee
320 1415 350 1474 in
374 1414 418 1474 eis
440 1412 583 1474 flduoiarn
599 1414 808 1475 eonscientiae
828 1419 935 1493 ponst.
979 1411 1063 1473 Gon·

137 1497 267 1559 solentis
295 1498 376 1558 enim
405 1495 538 1559 Christo.
554 1504 585 1557 st
606 1496 745 1558 Christus
773 1496 991 1575 sonsoientiae,
1014 1512 1065 1556 se-

138 1586 224 1642 sreta
243 1579 332 1641 buius
354 1581 461 1660 sponsi
486 1587 517 1640 et
539 1599 674 1660 sponsae
702 1580 814 1642 subilia
841 1596 933 1641 nemo
954 1584 1065 1640 tentet.

139 1661 213 1727 Sive
233 1665 314 1725 enim
339 1682 407 1723 sum
429 1663 539 1724 Tursis
562 1664 719 1724 abstineas
741 1684 760 1725 a
782 1665 869 1744 vino,
897 1663 964 1723 sive
992 1680 1064 1723 sum

111 1746 317 1830 ·Christisuis
338 1745 426 1808 bibss
460 1747 586 1826 vinum,
607 1747 680 1807 nihil
702 1747 814 1828 refert,
849 1745 943 1808 mods
964 1744 1066 1808 libera

120 1827 331 1893 vsoussieutis
358 1829 478 1893 biberis.
522 1829 575 1893 Sis
598 1829 756 1907 Psulus*)
786 1848 857 1891 sese
884 1847 1065 1890 seosmmo·

140 1913 233 1979 dabot
264 1912 415 1975 Gentibus
450 1920 481 1974 et
516 1913 637 1975 ludseis
673 1914 827 1974 liberrims
862 1913 1064 1993 eonscientis,

139 2016 209 2063 sum
232 1996 280 2059 bis
301 1996 476 2059 abstinebat
496 2004 528 2057 et
548 1997 796 2074 oirsumsidebat,
819 2015 887 2059 sum
909 1996 970 2057 illis
992 1994 1063 2056 ede·

140 2081 191 2144 bat
213 2086 329 2144 etsuou
342 2079 590 2144 sirsumoidebst.
613 2079 663 2142 Itu
681 2082 707 2141 si
730 2098 847 2142 voveas
868 2079 1064 2161 religionem,

139 2172 172 2225 ut
194 2182 263 2225 snm
285 2163 459 2225 hominibus
491 2164 642 2226 eiusmodi
665 2166 772 2244 vivss,
802 2185 841 2225 eu
861 2163 1064 2243 soussisutm,

140 2256 173 2308 ut
194 2247 269 2307 nihil
298 2247 370 2308 hino
391 2248 547 2308 commodi
578 2250 628 2309 vel
649 2248 836 2309 insommodi
863 2253 951 2328 petas
980 2248 1063 2327 spud

51 2379 54 2385 .
141 2330 261 2408 Deum,
283 2331 338 2392 sed
362 2331 443 2411 quod
473 2331 522 2391 vel
544 2351 634 2392 ossus
662 2333 723 2393 hoo
744 2333 825 2392 vitae
857 2351 954 2412 genus
977 2332 1065 2392 obtu-

139 2415 208 2477 lerit
239 2415 503 2495 amplectendum,
530 2416 580 2475 vel
615 2417 659 2476 ita
687 2417 784 2477 visum
813 2415 867 2476 tibi
889 2416 928 2475 sit
950 2415 1064 2495 vivere,

140 2497 235 2559 nihilo
258 2504 288 2559 te
310 2498 469 2560 meliorem
492 2500 564 2559 hius
585 2500 746 2561 arbitratus
769 2519 818 2580 eo,
841 2500 893 2578 qui
915 2497 965 2559 vel
987 2516 1063 2559 uxo·

129 2586 204 2643 'rem
227 2582 358 2661 duxerit,
381 2583 432 2642 vel
452 2583 668 2662 sgrioulturam
691 2582 939 2664 apprehenderit,
963 2600 1064 2662 neque

140 2666 220 2726 msle
242 2684 337 2727 voves
360 2684 459 2746 neque
481 2667 562 2726 mule
584 2668 671 2746 vivis,
692 2674 838 2746 quantum
869 2665 908 2725 nd
931 2667 995 2726 voti
1018 2683 1064 2725 ra-

140 2751 255 2813 tionem
279 2751 395 2810 attinet.
437 2749 517 2810 Nam
548 2769 608 2830 quo
638 2770 712 2812 essu
747 2753 857 2812 osn'tss
885 2752 991 2829 exigat
1013 2767 1063 2808 se·

140 2831 214 2897 ders
243 2840 374 2912 votum,
401 2852 464 2894 non
494 2836 562 2895 sins
589 2841 718 2915 pesesto
752 2836 783 2895 in
812 2842 885 2894 voto
920 2833 1064 2914 pertinax

139 2915 242 2995 fueris,
267 2925 300 2977 ut
322 2915 469 2981 disemus.

225 2999 338 3061 Verum
360 2999 552 3081 impossibile
575 3008 622 3062 est
642 3001 702 3062 hss
723 3003 914 3063 oonssientis
946 3003 1063 3080 voveri,

140 3083 199 3145 nisi
221 3082 260 3143 sb
282 3085 329 3162 iis,
353 3086 404 3162 qui
427 3083 607 3147 mirabiliter
626 3086 733 3165 spiritu
757 3085 869 3146 Christi
896 3085 977 3145 intus
1010 3085 1065 3147 dn-

142 3173 250 3229 suutur
271 3173 302 3229 st
323 3177 495 3248 servantur,
518 3168 577 3230 hos
604 3179 660 3246 est,
691 3169 730 3230 ab
760 3170 874 3233 eleetis.
919 3168 1063 3230 Ceterum

140 3251 208 3329 ipss
229 3252 307 3312 ratio
330 3252 463 3312 vovendi
486 3257 517 3312 st
538 3254 568 3314 iu
593 3256 673 3314 votis
697 3252 820 3313 vivendi
839 3273 880 3314 ex
912 3253 1065 3315 diametro

141 3343 258 3413 pugnat
280 3354 349 3395 oum
371 3335 429 3396 hss
452 3338 651 3415 somniantis,
676 3356 744 3397 sum
766 3339 798 3397 in
820 3337 882 3398 hoo
902 3339 1004 3417 ipsum
1036 3348 1067 3399 et

140 3426 293 3496 repertum
316 3420 357 3478 sit
377 3427 409 3479 et
429 3420 559 3481 isotetnr
579 3423 749 3483 institutum
773 3420 918 3501 vovendi,
941 3429 973 3480 ut
990 3439 1063 3484 eon·

140 3501 299 3561 seientiam
321 3501 467 3582 illsqueet
488 3511 519 3564 st
540 3506 688 3567 servitute
701 3504 793 3586 legali
807 3506 952 3584 saptivst.
988 3504 1065 3581 Quis

141 3583 221 3645 euim
243 3581 469 3666 Religiosorum
492 3607 563 3650 sese
590 3593 713 3672 coniugi
747 3595 801 3650 sut
826 3589 983 3670 agrisolse
1012 3598 1066 3650 sut

212 3762 239 3833 *l
258 3759 376 3832 Philipp.
395 3765 419 3820 3.
