2392 4170
143 262 206 332 204
337 266 464 324 isoardo·
483 283 558 322 omn.
577 270 653 323 artie.
672 267 704 321 D.
719 242 808 322 lan
826 283 877 338 par

395 430 614 492 Vioesimns
643 434 822 511 quartus:

205 555 344 618 Dooendi
366 566 436 621 sunt
458 558 620 623 Christiani
649 558 718 640 plus
745 557 872 640 diligere
893 564 1071 623 exsemine?

92 654 96 659 ’
205 640 391 703 nioationem
413 662 504 723 quam
527 643 642 704 timere.

231 759 390 841 Probatur,
416 761 487 839 quia
508 763 576 842 ipse
597 778 680 841 papa
702 760 775 821 dioit
796 778 863 821 eam
886 776 956 819 essa
977 754 1070 816 medi-

145 841 287 923 oinalem,
309 855 371 904 non
394 844 565 917 mortalem,
588 843 642 903 sed
665 842 925 924 disciplinantem,
952 837 1006 900 sed
1026 837 1070 914 ld,
1112 882 1115 886 -

145 923 229 1005 quod
252 926 432 988 medieinale
444 935 476 989 et
496 926 654 988 vivilioans
668 934 723 1002 est,
746 944 836 987 nemo
850 924 941 986 debet
952 923 1070 991 timere,

145 1008 203 1069 nisi
225 1009 256 1089 ii,
280 1010 330 1088 qui
353 1010 433 1070 bano
456 1011 573 1071 Bullem
597 1016 846 1090 composuerunt,
867 1007 971 1069 furiosi
991 1004 1070 1066 soili-

25 1143 27 1146 .
145 1098 211 1169 oet,
243 1094 293 1170 qui
316 1093 497 1161 medisinam
527 1102 558 1153 et
579 1095 673 1154 vitam
701 1095 809 1154 timere
830 1099 861 1152 et
881 1110 942 1153 non
965 1106 1071 1150 amare

145 1173 273 1251 donent,
308 1177 371 1237 imo
408 1179 502 1238 amari
536 1176 685 1237 damnant
715 1183 746 1235 et
778 1176 877 1236 timeri
913 1171 1069 1235 mandant.

144 1257 252 1337 Neque
283 1261 364 1319 euim
391 1261 475 1340 ipsos
505 1261 635 1320 furiosos
666 1259 771 1319 videas
800 1260 844 1320 sio
873 1255 1070 1318 adommuni

145 1360 236 1400 sensu
259 1343 394 1403 omnium
418 1364 516 1403 rerum
542 1343 721 1418 abhorrere,
744 1348 776 1403 ut
797 1342 901 1402 vitalia
923 1349 953 1401 et
975 1337 1070 1400 medi·

145 1424 256 1485 oinalia
277 1426 412 1486 timenda
440 1433 596 1488 censeant.
638 1426 752 1486 Verum
781 1425 874 1505 digua
895 1424 985 1486 Bulla
1007 1422 1070 1483 suis

145 1508 310 1570 autoribus.
366 1508 441 1584 Quis
471 1529 533 1570 nou
571 1508 728 1588 superbiat
760 1508 921 1569 damnatus
955 1505 994 1567 ab
1022 1504 1070 1565 his

144 1590 270 1670 perditis
294 1597 324 1652 et
347 1593 464 1652 miseris
487 1591 683 1653 hominibus?

388 1759 611 1819 Vioesimus
644 1758 822 1837 quintus:

206 1885 364 1947 Romanus
405 1887 559 1967 pontifex,
594 1885 675 1946 Petri
715 1904 892 1960 suooessor,
927 1903 989 1944 non
1024 1891 1072 1967 est

206 1967 317 2029 Christi
360 1970 491 2030 vioarius
541 1989 633 2048 super
676 1988 784 2029 omnes
827 1969 921 2029 totius
965 1966 1072 2028 muudi

206 2051 354 2194 ppplllgsias
382 2050 420 2112 ab
449 2054 517 2132 ipso
542 2051 663 2113 Christo
690 2053 720 2112 in
750 2051 841 2113 beato
865 2051 956 2111 Petro
984 2050 1071 2113 insti·

227 2251 470 2312 Hunoiaoillime
481 2251 579 2332 probo
592 2272 647 2332 per
658 2253 890 2332 experientiam,
913 2266 1070 2331 nunquam

144 2334 224 2393 enim
248 2333 303 2395 fuit
325 2354 416 2411 super
444 2354 552 2395 omnes
580 2336 728 2396 eoolesias
758 2335 851 2395 totius
882 2332 986 2393 mundi
1008 2332 1071 2394 Ro·

144 2435 252 2476 manus
273 2417 426 2495 pontifex,
450 2417 504 2478 sed
527 2437 626 2497 neque
649 2418 750 2478 adhue
771 2413 833 2492 e‘st,
856 2433 1070 2495 necunquam

143 2498 328 2559 infuturum
358 2501 429 2574 erit,
458 2507 620 2581 ut'spero.
674 2500 753 2576 Quid
776 2519 850 2579 ergo
872 2517 1001 2559 neeesse
1024 2506 1071 2559 est

145 2581 246 2641 multis
268 2582 297 2641 in
322 2582 434 2643 haere
457 2583 635 2665 digladiari,
665 2604 733 2644 oum
757 2585 823 2662 ipse
845 2582 979 2643 omnium
1003 2600 1071 2642 sen·

145 2683 197 2723 sus
219 2663 307 2724 nobis
331 2666 474 2727 ostendat
494 2669 538 2729 rei
553 2667 733 2728 veritatem?
755 2666 863 2746 Neque
875 2665 964 2726 enim·
978 2682 1072 2745 super

144 2745 292 2808 ecelesias
319 2748 487 2826 Graeciae,
521 2751 641 2826 indiae,
675 2750 831 2826 Persidis,
854 2749 1005 2828 Aegypti,
1040 2752 1072 2807 et

145 2828 267 2891 atricae
291 2851 423 2912 unquam
446 2834 515 2912 tuit,
546 2853 645 2914 neque
672 2832 773 2893 adhue
796 2841 857 2906 est,
891 2830 1069 2911 quod'oum

146 2931 259 2993 magna
281 2915 406 2993 querela
428 2923 458 2976 et
480 2915 586 2976 dolore
610 2916 793 2977 oontitentur
805 2916 937 2996 ipsimet,
960 2913 1069 2974 frustra

146 3002 207 3056 tam
231 2997 333 3057 multis
356 2998 462 3058 studiis
485 3001 514 3058 in
538 2999 618 3060 hane
639 3019 702 3060 rem
727 2999 928 3078 consumptis.

226 3078 288 3141 Sed
313 3079 429 3142 dicent:
453 3082 499 3142 De
519 3083 600 3156 iure,
634 3101 695 3143 non
729 3080 766 3141 de
794 3081 875 3141 laeto
907 3079 1071 3160 loquimur,

145 3168 175 3222 et
196 3181 258 3223 non
282 3162 353 3242 quid
375 3164 497 3240 faciant,
520 3163 575 3226 sed
597 3164 668 3246 quid
689 3164 791 3224 faeere
805 3163 952 3224 deberent
973 3160 1070 3223 eoele-

145 3245 209 3304 siae
231 3245 302 3305 illae
323 3246 463 3326 rebelles,
486 3250 668 3326 quaerimus.
705 3245 906 3326 Respondeo:
930 3245 997 3307 Hoo
1012 3262 1069 3326 pro

144 3347 194 3387 me
216 3327 302 3406 tacit,
335 3331 360 3391 si
391 3332 472 3390 enim
501 3333 565 3392 iure
602 3332 705 3391 divino
733 3330 888 3390 institutus
916 3335 998 3390 esset
1019 3328 1070 3389 hio

145 3410 302 3490 primatus,
325 3422 407 3474 esset
429 3415 494 3474 sine
516 3413 609 3475 dubio
633 3412 798 3493 aliquando
821 3412 973 3491 impletus,
999 3429 1068 3472 oum

145 3511 207 3554 non
238 3503 411 3576 praetereat
436 3517 454 3556 a
482 3496 550 3577 lege
572 3497 629 3563 Dei
658 3515 750 3558 unum
778 3496 857 3570 iota,
891 3493 974 3575 quod
1005 3513 1069 3556 non

145 3576 322 3658 impleatur,
356 3580 445 3640 etiam
481 3581 577 3660 portis
609 3581 695 3641 interi
727 3599 789 3640 non
821 3577 1069 3660 praevalentibus

144 3662 340 3744 eontrarium,
363 3669 393 3723 et
415 3663 528 3740 omnia,
550 3664 725 3744 quaeDeus
746 3663 913 3743 proecepit,
938 3660 1069 3723 suntab

145 3741 296 3825 aliquibus
318 3743 426 3807 saltem
447 3746 583 3827 impleta,
606 3754 636 3809 et
658 3764 737 3828 quse
748 3745 889 3828 promisit
907 3752 979 3808 sunt
999 3745 1069 3807 sim·
1086 3766 1089 3771 ·
