2392 4170
132 217 203 285 414-
338 217 441 276 Contra
460 218 608 275 chricum
626 234 720 289 regern
739 212 862 289 Angliac

135 384 253 444 malitia
274 389 305 444 el
326 383 530 464 impudentia,
567 403 646 464 quac
674 403 712 444 ex
735 385 838 444 animo
862 387 894 443 et
914 381 953 441 de
973 379 1060 441 indu-

133 468 207 527 stria
228 466 375 527 adversus
397 468 532 547 agnitam
554 469 713 528 veritatem
735 469 781 527 sic
796 469 919 546 insanit,
943 472 976 524 ut
997 482 1061 526 non

134 548 227 609 modo
251 549 322 628 sibi,
355 549 409 610 sed
433 557 464 610 et
486 550 550 610 orbi
574 551 631 610 toti
653 551 729 610 velit
750 551 936 611 exstinctam
959 552 995 609 et
1012 567 1062 608 se·

133 632 272 712 pullam?
315 633 410 693 Plane
448 652 503 694 vas
526 633 685 694 electionis
713 634 771 693 iste
802 645 850 693 est
872 631 1009 707 Satanae
1032 637 1062 690 et

133 714 330 796 dignissimus
360 715 503 776 defensor
525 716 675 776 ecclesiae
699 715 883 796 Papislicae.
929 714 976 774 llo
1000 722 1061 774 stu·

132 798 183 860 dio
206 807 236 858 et
257 798 404 880 pleraque
438 799 500 859 alia
522 799 647 859 molitur
668 818 723 879 per·
747 808 843 859 totum
866 819 955 858 suurn
982 797 1061 858 blas·

132 881 277 961 phemum
299 888 331 941 et
353 881 534 962 sacrilegum
564 881 716 958 libellum,
739 891 768 941 et
790 885 857 963 pius
880 882 979 941 lector
1001 881 1062 940 hoo

133 967 223 1044 signo
261 964 360 1025 discat
393 983 464 1025 eum
496 983 607 1025 cavere
635 984 690 1025 oen
726 968 877 1025 sentinam
900 965 1063 1024 montisel

133 1055 307 1128 suspectum
332 1048 445 1107 habeat
466 1067 520 1127 per
542 1049 680 1127 singulos
704 1050 824 1129 apices,
860 1047 947 1107 nulla
970 1049 1060 1107 verris

133 1130 244 1211 dignus
266 1138 322 1210 est,
346 1131 538 1209 quianullus
561 1149 645 1191 error
667 1129 717 1191 liic
738 1140 802 1206 ast,
825 1131 879 1190 sed
904 1150 992 1190 mera
1014 1149 1061 1189 ne·

134 1217 229 1293 quitia
251 1222 282 1273 et
311 1213 451 1274 indurata
483 1215 600 1275 malitia
633 1214 670 1275 ad
694 1214 903 1275 mentiendum
928 1223 958 1273 et
983 1214 1061 1274 blas·

135 1296 341 1377 phemandum
365 1298 492 1362 intenta.

215 1378 331 1442 Verum
353 1381 482 1458 elinguis
503 1381 562 1440 ists
583 1379 727 1441 defensor
747 1382 779 1441 in
801 1379 891 1440 rebus
915 1399 1060 1453 necessa·

131 1465 183 1525 riis
206 1463 364 1525 videamus
393 1481 485 1542 qnam
512 1463 639 1542 linguan
660 1465 700 1524 sit
721 1465 750 1523 in
774 1465 835 1522 suis
858 1466 961 1543 nugis,
986 1483 1058 1525 ven·

133 1555 208 1607 trem
229 1545 378 1625 distende,
401 1545 515 1626 lector,
539 1547 693 1627 magnalia
724 1548 783 1606 ista
802 1546 996 1606 Thomistics
1031 1556 1060 1606 ut

132 1649 244 1710 capere
265 1630 381 1710 possis,
419 1628 602 1708 probaturus
635 1631 760 1690 licuisse
788 1629 917 1689 alteram
941 1637 1058 1709 partem

133 1714 251 1787 tollere,
274 1731 365 1792 quam
388 1713 531 1792 regaliter
551 1712 676 1791 incedit,
698 1714 785 1791 quasi
808 1724 890 1772 esset
905 1733 974 1775 rex.

216 1795 358 1856 Ecclesia
374 1796 506 1876 (inquit)
522 1814 612 1856 mane
623 1797 831 1857 communicat
843 1793 1059 1865 sacramento,

134 1879 217 1960 qnod
241 1879 377 1940 Christus
399 1879 471 1939 fecit
493 1881 623 1959 vesperi,
647 1878 757 1940 deinde
780 1898 837 1939 nos
860 1897 977 1957 aquam
992 1881 1059 1940 vino

133 1965 315 2038 miscemus,
351 1961 472 2042 dequo
495 1964 597 2023 tamen
631 1961 704 2023 nihil
734 1962 872 2022 meminit
894 1962 1059 2043 Scriptura.

135 2046 238 2122 Quare
260 2047 284 2105 si
307 2045 440 2106 ecelesia
475 2045 526 2105 hic
546 2046 647 2125 potuit
674 2044 756 2105 aliud
778 2045 880 2104 facere
903 2055 958 2106 aut
979 2046 1060 2106 insli-

135 2135 230 2208 tuere,
254 2129 353 2208 potuit
374 2134 405 2189 et
425 2134 544 2207 partem
567 2127 756 2189 sacramenti
779 2127 896 2190 tollere,

219 2211 270 2272 Sic
293 2213 386 2271 rotari
423 2219 454 2271 et
487 2211 557 2274 ferri
593 2210 686 2272 debet
706 2230 853 2290 praeceps
890 2220 921 2271 et
955 2214 1060 2272 insana

137 2294 301 2356 mentiendi
325 2294 418 2355 libido
441 2294 587 2354 adversus
602 2295 765 2355 Dominum
788 2294 916 2374 gloriae.
964 2295 1058 2371 Quam

139 2378 259 2456 vellem,
282 2378 375 2438 modo
398 2385 527 2457 possent
549 2380 626 2437 asini
649 2387 679 2438 et
700 2380 787 2458 porci
812 2377 908 2454 loqui,
932 2386 966 2438 ut
988 2381 1060 2439 inter

138 2480 186 2520 me
221 2469 251 2521 et
274 2461 436 2521 Henrioum
474 2461 653 2526 iudicarent,
706 2460 766 2521 Sed
800 2462 952 2539 accipiam
988 2462 1060 2522 alios

138 2546 242 2604 asinos
266 2550 296 2604 et
320 2563 441 2623 porcos,
461 2547 511 2622 qui
535 2541 623 2604 nimis
636 2553 766 2623 possunt
788 2544 881 2622 loqui.
926 2545 1060 2607 Iudicate

137 2647 213 2706 ergo
236 2647 291 2686 vos
312 2629 388 2707 ipsi,
412 2627 591 2710 sophistae,
615 2628 818 2701 Parisicnses,
842 2626 1059 2705 lovanienses,

137 2710 356 2783 Colonienses,
380 2710 542 2789 Lipsenses
558 2709 582 2789 Ι)
617 2729 739 2789 quoque
767 2718 798 2769 et
820 2712 914 2769 vestri
938 2713 1059 2783 similes,

137 2792 239 2853 ubiubi
261 2795 337 2870 sint,
371 2812 431 2872 qua
464 2793 625 2854 dialectica
649 2795 749 2853 valeat
772 2792 1059 2855 istaHenricissima

136 2887 166 2937 et
188 2877 463 2937 Thomisticissima
486 2876 730 2955 consequentia?
775 2875 852 2935 Nam
890 2884 921 2936 et
944 2897 1003 2938 vos
1025 2876 1058 2935 ad

137 2961 303 3039 marginem
339 2961 483 3040 signastis
506 2960 600 3020 libelli
619 2960 726 3020 huius:
768 2959 826 3018 Hic
848 2960 929 3019 iacet
951 2960 1057 3020 Luthe·

136 3063 186 3103 rus
222 3050 409 3122 prostratus,
432 3051 462 3101 et
484 3043 647 3104 Hearioum
687 3052 820 3102 vestrum
856 3045 1058 3121 approbastis.

135 3125 234 3184 Dicite
256 3145 344 3205 ergo:
369 3126 457 3186 Unde
480 3127 589 3186 locus?
612 3125 691 3185 unde
715 3126 820 3205 regula
842 3126 929 3184 istius
955 3146 1056 3186 conse·

136 3209 300 3285 quentiae?
344 3208 467 3288 Aliquid
480 3209 513 3269 lit
535 3218 622 3269 extra
634 3209 830 3289 Scripturam,
853 3227 928 3288 ergo
954 3218 1058 3270 contra

135 3289 321 3370 Scripturarn
345 3301 392 3351 est
415 3293 630 3352 sentiendum?
674 3293 784 3352 Vinum
816 3295 963 3352 miscetur
986 3312 1060 3372 aqua

135 3380 222 3433 extra
235 3376 442 3436 testimonium
458 3376 643 3456 Scriptum,
666 3395 740 3455 ergo
753 3375 910 3454 Scriptura
933 3378 1058 3437 alteram

134 3466 252 3536 partem
277 3466 413 3519 statuens
436 3468 484 3520 est
496 3458 681 3536 damnanda,
705 3479 761 3540 pro
784 3458 905 3518 haeresi
919 3458 1060 3521 habenda

134 3547 164 3598 et
186 3538 255 3601 aliis
278 3541 391 3601 rabidis
415 3543 612 3623 blasphemiis
636 3544 744 3603 vestris
768 3543 1016 3621 conspurcanda.

207 3722 238 3793 1)
259 3723 290 3775 ln
310 3722 352 3778 ed.
374 3726 431 3782 Ien.
451 3724 544 3782 deest:
564 3694 720 3796 [ipsensss.
