2392 4170
400 267 434 322 D.
453 269 487 322 Μ.
505 267 586 323 Luth.
603 266 791 322 Praelndinm.
1021 266 1062 333 77
1154 244 1159 251 ⁸

151 441 194 483 san
211 428 391 502 perpetuam
415 424 603 504 castitatem,
632 423 694 483 imo
717 422 778 483 hoe
801 421 857 481 sub
880 396 964 482 nullo
987 431 1061 484 vnto

152 506 247 567 eadere
258 516 375 566 eertum
387 513 445 586 est,
468 515 498 567 et
510 508 707 566 videturesse
721 505 874 584 quaedam
887 507 985 566 irrisio
996 507 1063 583 Dei,

152 589 209 649 dum
229 608 267 649 ea
287 599 414 668 vovent,
435 608 516 668 quae
531 589 615 649 nullu
639 589 784 649 modain
807 596 1062 669 sunsuntpnte·
1163 623 1168 639 ι

152 680 224 736 state.
264 673 315 733 Ad
336 674 499 754 religiosos
522 676 628 751 venio,
655 691 784 752 quorum
808 673 865 731 tria
898 681 971 732 vota
999 691 1061 752 quo

153 758 234 835 nugis
255 757 431 835 considero,
453 774 491 817 eo
515 758 613 815 minus
626 757 775 836 intelligo,
799 757 960 835 mirorque,
982 756 1062 816 unde

152 839 296 900 inoleverit
326 841 387 900 ista
419 848 560 900 votorum
594 841 727 901 exantlo,
779 839 843 898 lam
875 840 935 898 hon
966 839 1060 899 mullo

153 924 235 982 ninus
262 923 422 1002 intellige,
452 941 513 1002 qun
544 925 653 982 aetatis
683 942 765 982 anno
799 924 902 982 voveri
929 923 1061 1002 possint,

154 1013 176 1064 nl
193 1006 326 1086 legitima
348 1011 409 1066 sint
427 1012 462 1065 'et
493 1007 625 1068 valeant.
673 1005 706 1065 ln
733 1005 793 1066 hon
819 1006 922 1085 planet
952 1025 1062 1065 nonve-

154 1089 219 1148 nisse
240 1108 360 1165 omnes,
381 1095 453 1149 ante
475 1107 573 1148 annos
591 1088 759 1168 pubertatis
780 1090 968 1149 nihilvalere
991 1098 1062 1149 vota

155 1189 257 1247 earum,
287 1172 359 1232 lieet
381 1191 524 1251 magnam
548 1180 666 1251 partem
688 1191 850 1252 puerorum
885 1172 935 1232 hie
957 1173 1061 1232 l'allant

155 1255 272 1334 ignaram
297 1265 359 1316 tam
382 1274 458 1315 sune
479 1257 606 1332 aetatis,
634 1274 724 1334 qnam
752 1259 795 1315 rei
823 1274 914 1335 quam
939 1261 1061 1317 vovent.

155 1336 208 1398 llon
226 1340 306 1399 enim
330 1339 496 1399 observant
522 1340 553 1397 in
575 1339 776 1419 suscipiendis
802 1358 900 1400 annos
922 1341 1062 1418 puberta-

155 1423 195 1500 tis,
216 1432 276 1481 tum
298 1422 456 1502 professos
479 1422 544 1481 dira
572 1424 762 1482 consolantia
797 1425 884 1501 quasi
907 1441 1061 1483 eonsensu

155 1512 246 1582 postea
271 1515 379 1566 sennto
408 1506 549 1585 eaptivos
578 1513 684 1565 tenent
718 1511 750 1566 et
782 1506 941 1583 devorant,
974 1507 1062 1584 quasi

156 1598 250 1665 vntum,
271 1588 356 1667 quod
377 1590 493 1648 irritum
514 1589 585 1667 fuit,
610 1588 732 1649 tandem
755 1598 853 1648 ratum
881 1588 935 1649 fiat
958 1607 1062 1650 sunne-

155 1672 275 1734 dentibus
297 1673 396 1736 annis.

219 1759 260 1818 At
289 1757 365 1815 mihi
396 1755 522 1815 stultum
558 1754 691 1831 videtur,
731 1755 769 1814 ab
802 1754 869 1816 aliis
901 1758 1061 1837 praestitui

154 1842 295 1901 terminum
320 1839 447 1918 legitimi
470 1839 533 1898 voti
554 1838 695 1914 alterius,
728 1839 778 1916 qui
809 1840 866 1898 sibi
896 1842 970 1919 ipsis
1000 1858 1061 1900 uon

152 1933 263 2000 possunt
283 1925 494 2003 praestituere.
537 1921 604 1980 Nan
627 1921 731 2000 video,
758 1940 812 1981 eur
834 1923 934 1982 valeat
956 1920 1081 1983 votum

151 2004 253 2067 denimn
276 2015 389 2066 ontnvn
413 2023 494 2063 anno
517 2003 641 2082 fantum,
664 2014 694 2064 et
716 2023 778 2064 non
793 2006 912 2066 denimo
935 2015 965 2066 et
988 2007 1061 2067 dun·

149 2087 265 2151 decimo.
308 2089 376 2149 Nee
396 2088 563 2166 satisfacit,
585 2088 667 2167 quod
691 2088 811 2148 decimo
834 2099 946 2151 netavo
970 2091 1063 2150 sentit

147 2171 227 2233 lrnmo
240 2192 364 2233 earnem
377 2190 474 2248 suam,
488 2172 572 2253 quid,
583 2175 609 2230 si
622 2172 674 2230 vix
686 2172 832 2231 vicesimo
845 2180 898 2232 aut
907 2176 1060 2234 tricesimo

145 2258 254 2335 sentiat,
277 2264 331 2316 aut
350 2255 457 2317 fortius
480 2259 737 2333 tricesimoquam
760 2257 906 2317 vicesimo
929 2256 1060 2316 sentiat?

143 2339 194 2399 dut
222 2358 277 2400 nur
314 2358 374 2399 non
405 2337 548 2398 diffinitur
583 2356 681 2417 aeque
710 2340 857 2398 terminus
886 2342 1061 2419 paupertati

142 2431 166 2481 et
184 2420 400 2484 obedientiae?
422 2421 482 2481 Sed
495 2419 578 2501 qnod
600 2428 720 2501 tempus
733 2421 830 2501 dabis,
854 2441 915 2501 quo
938 2442 972 2482 se
990 2443 1060 2482 ava·

142 2524 197 2566 rnm
219 2514 253 2567 et
274 2505 439 2586 superbum
461 2507 585 2582 sentiat,
617 2523 686 2564 eum
710 2505 802 2564 stiam
824 2507 1061 2586 spiritualissimi

138 2589 188 2650 lios
212 2589 342 2651 affectus
365 2590 419 2648 vix
441 2588 689 2668 deprehendant?
720 2588 802 2667 Ergo
826 2608 982 2668 nunquam
1005 2591 1061 2649 erit

137 2673 226 2734 ullum
253 2682 359 2733 votum
380 2680 497 2732 eertum
520 2681 550 2732 et
571 2673 750 2750 legitimum,
772 2673 831 2732 nisi
855 2672 955 2732 donee
976 2673 1061 2752 spiri-

134 2757 230 2817 tuales
264 2756 338 2816 t'aeti
365 2754 509 2816 fuerimus
539 2763 569 2815 et
595 2756 675 2814 votis
704 2756 766 2813 iam
788 2774 851 2815 nnn
874 2758 1058 2834 eguerimus.

135 2839 227 2900 Vides
260 2841 364 2918 itaque
391 2858 440 2898 res
467 2839 542 2899 istas
571 2839 703 2898 insertas
726 2848 758 2896 et
786 2840 1062 2918 periculosissimae

131 2942 218 3000 esse,
252 2923 333 2982 unde
360 2923 494 2982 salutare
521 2922 679 2982 eonsilium
708 2921 803 3000 toret,
834 2922 888 2981 has
916 2921 1061 2980 sublimes

132 3006 257 3066 vivendi
278 3008 414 3067 rationes
437 3007 517 3064 votis
538 3005 649 3065 liberas
672 3004 730 3063 soli
753 3005 858 3084 spritui
880 2995 1061 3083 relinquere,

130 3093 212 3150 sieut
233 3090 308 3150 olim
329 3089 460 3165 fuerunt,
481 3096 513 3149 et
534 3089 769 3169 nequaqunmin
791 3107 889 3166 genus
907 3088 1061 3166 quoddam

130 3181 302 3253 perpetuae
323 3174 405 3233 vitae
427 3172 589 3233 mutandas
602 3191 681 3233 esse.
717 3171 830 3230 Verum
844 3172 921 3231 haee
942 3172 1062 3230 interim

131 3256 171 3317 de
194 3256 349 3336 baptismo
371 3262 402 3317 et
424 3255 563 3316 libertate
585 3257 650 3316 eius
673 3256 756 3332 satis,
779 3273 835 3314 suo
848 3255 926 3314 torte
939 3255 1064 3314 venient

131 3347 273 3420 tempore
296 3348 370 3401 vota
392 3341 480 3401 latius
504 3339 681 3415 tractanda,
709 3345 742 3397 ut
764 3344 835 3397 sunt
854 3357 963 3399 revera
986 3348 1063 3396 trae·

130 3432 198 3484 tatu
220 3424 420 3485 vehementer
440 3426 624 3488 necessaria.

271 3555 325 3616 De
352 3555 603 3616 Sacramenta
633 3553 922 3615 Paenitentiae.

216 3674 321 3734 Tertio
354 3673 416 3736 hoe
445 3676 517 3736 loeo
555 3673 594 3736 de
627 3673 834 3755 poenitentiae
872 3679 1062 3732 sacramento

131 3757 312 3840 dicendum,
333 3759 364 3819 in
386 3778 447 3839 qna
467 3779 501 3821 re
525 3760 612 3820 editis
636 3759 697 3819 iam
719 3756 888 3818 traetatulis
911 3761 942 3815 et
962 3754 1062 3835 dispu-
