<?xml version="1.0" encoding="UTF-8"?>
<!DOCTYPE html PUBLIC "-//W3C//DTD XHTML 1.0 Transitional//EN"
    "http://www.w3.org/TR/xhtml1/DTD/xhtml1-transitional.dtd">
<html xmlns="http://www.w3.org/1999/xhtml" xml:lang="en" lang="en">
 <head>
  <title>
</title>
<meta http-equiv="Content-Type" content="text/html;charset=utf-8" />
  <meta name='ocr-system' content='tesseract 3.04.00' />
  <meta name='ocr-capabilities' content='ocr_page ocr_carea ocr_par ocr_line ocrx_word'/>
</head>
<body>
  <div class='ocr_page' id='page_1' title='image "./dmartinilutheri03luthgoog_0444.png"; bbox 0 0 2392 4170; ppageno 0'>
   <div class='ocr_carea' id='block_1_1' title="bbox 399 248 1065 323">
    <p class='ocr_par' dir='ltr' id='par_1_1' title="bbox 399 248 1065 323">
     <span class='ocr_line' id='line_1_1' title="bbox 399 248 1065 323; baseline 0.02 -21"><span class='ocrx_word' id='word_1_1' title='bbox 399 249 523 303; x_wconf 73' lang='lat' dir='ltr'>Rationis</span> <span class='ocrx_word' id='word_1_2' title='bbox 544 251 719 304; x_wconf 77' lang='lat' dir='ltr'>Latomionss</span> <span class='ocrx_word' id='word_1_3' title='bbox 738 257 789 323; x_wconf 80' lang='lat' dir='ltr'>ato.</span> <span class='ocrx_word' id='word_1_4' title='bbox 1003 248 1065 315; x_wconf 74' lang='grc'>433</span> 
     </span>
    </p>
   </div>
   <div class='ocr_carea' id='block_1_2' title="bbox 131 400 1131 3556">
    <p class='ocr_par' dir='ltr' id='par_1_2' title="bbox 140 400 1131 1144">
     <span class='ocr_line' id='line_1_2' title="bbox 142 400 1065 485; baseline 0.005 -25"><span class='ocrx_word' id='word_1_5' title='bbox 142 411 176 461; x_wconf 73' lang='lat' dir='ltr'>ui</span> <span class='ocrx_word' id='word_1_6' title='bbox 204 400 258 462; x_wconf 88' lang='lat' dir='ltr'>iob</span> <span class='ocrx_word' id='word_1_7' title='bbox 289 402 359 478; x_wconf 75' lang='lat' dir='ltr'>fuir,</span> <span class='ocrx_word' id='word_1_8' title='bbox 395 422 484 481; x_wconf 87' lang='lat' dir='ltr'>quem</span> <span class='ocrx_word' id='word_1_9' title='bbox 518 403 621 463; x_wconf 83' lang='lat' dir='ltr'>itidem</span> <span class='ocrx_word' id='word_1_10' title='bbox 656 412 781 463; x_wconf 74' lang='lat' dir='ltr'>testatur</span> <span class='ocrx_word' id='word_1_11' title='bbox 809 404 958 465; x_wconf 81' lang='lat' dir='ltr'>Dominus</span> <span class='ocrx_word' id='word_1_12' title='bbox 980 406 1065 485; x_wconf 78' lang='lat' dir='ltr'>inno-</span> 
     </span>
     <span class='ocr_line' id='line_1_3' title="bbox 142 485 1065 566; baseline 0.005 -23"><span class='ocrx_word' id='word_1_13' title='bbox 142 492 279 559; x_wconf 75' lang='lat' dir='ltr'>dantem,</span> <span class='ocrx_word' id='word_1_14' title='bbox 308 488 385 545; x_wconf 86' lang='lat' dir='ltr'>oum</span> <span class='ocrx_word' id='word_1_15' title='bbox 400 485 451 545; x_wconf 84' lang='lat' dir='ltr'>iila</span> <span class='ocrx_word' id='word_1_16' title='bbox 472 487 573 566; x_wconf 85' lang='lat' dir='ltr'>sapite</span> <span class='ocrx_word' id='word_1_17' title='bbox 596 491 622 552; x_wconf 82' lang='lat'>9.</span> <span class='ocrx_word' id='word_1_18' title='bbox 647 487 739 565; x_wconf 81' lang='lat' dir='ltr'>longe</span> <span class='ocrx_word' id='word_1_19' title='bbox 761 486 849 548; x_wconf 81' lang='lat' dir='ltr'>aliter</span> <span class='ocrx_word' id='word_1_20' title='bbox 871 487 970 566; x_wconf 79' lang='lat' dir='ltr'>dissi,</span> <span class='ocrx_word' id='word_1_21' title='bbox 991 487 1065 548; x_wconf 84' lang='lat' dir='ltr'>aiio·</span> 
     </span>
     <span class='ocr_line' id='line_1_4' title="bbox 142 567 1064 646; baseline 0.002 -19"><span class='ocrx_word' id='word_1_22' title='bbox 142 568 195 646; x_wconf 81' lang='lat' dir='ltr'>qui</span> <span class='ocrx_word' id='word_1_23' title='bbox 219 567 301 629; x_wconf 83' lang='lat' dir='ltr'>Deus</span> <span class='ocrx_word' id='word_1_24' title='bbox 331 570 426 628; x_wconf 80' lang='lat' dir='ltr'>iustus</span> <span class='ocrx_word' id='word_1_25' title='bbox 462 588 523 629; x_wconf 88' lang='lat' dir='ltr'>non</span> <span class='ocrx_word' id='word_1_26' title='bbox 553 568 716 630; x_wconf 76' lang='lat' dir='ltr'>afflixisset</span> <span class='ocrx_word' id='word_1_27' title='bbox 751 588 816 631; x_wconf 83' lang='lat' dir='ltr'>sos.</span> <span class='ocrx_word' id='word_1_28' title='bbox 859 569 937 630; x_wconf 87' lang='lat' dir='ltr'>Nam</span> <span class='ocrx_word' id='word_1_29' title='bbox 960 589 1064 632; x_wconf 85' lang='lat' dir='ltr'>rursus</span> 
     </span>
     <span class='ocr_line' id='line_1_5' title="bbox 140 650 1131 732; baseline 0.002 -21"><span class='ocrx_word' id='word_1_30' title='bbox 140 651 248 712; x_wconf 78' lang='lat' dir='ltr'>larem.</span> <span class='ocrx_word' id='word_1_31' title='bbox 262 652 310 713; x_wconf 81' lang='lat'>31.</span> <span class='ocrx_word' id='word_1_32' title='bbox 334 650 420 714; x_wconf 80' lang='lat' dir='ltr'>dicit:</span> <span class='ocrx_word' id='word_1_33' title='bbox 444 651 609 732; x_wconf 74' lang='lat' dir='ltr'>Oasugabo</span> <span class='ocrx_word' id='word_1_34' title='bbox 634 660 662 712; x_wconf 86' lang='lat' dir='ltr'>te</span> <span class='ocrx_word' id='word_1_35' title='bbox 685 654 714 713; x_wconf 93' lang='lat' dir='ltr'>in</span> <span class='ocrx_word' id='word_1_36' title='bbox 737 652 860 730; x_wconf 79' lang='lat' dir='ltr'>indicio,</span> <span class='ocrx_word' id='word_1_37' title='bbox 884 663 998 715; x_wconf 83' lang='lat' dir='ltr'>utnon</span> <span class='ocrx_word' id='word_1_38' title='bbox 1023 655 1063 713; x_wconf 83' lang='lat' dir='ltr'>ri·</span> <span class='ocrx_word' id='word_1_39' title='bbox 1127 656 1131 666; x_wconf 90' lang='grc'><em>“</em></span> 
     </span>
     <span class='ocr_line' id='line_1_6' title="bbox 141 733 1065 816; baseline -0.001 -21"><span class='ocrx_word' id='word_1_40' title='bbox 141 733 242 795; x_wconf 80' lang='lat' dir='ltr'>doaris</span> <span class='ocrx_word' id='word_1_41' title='bbox 276 733 326 794; x_wconf 81' lang='lat' dir='ltr'>tibi</span> <span class='ocrx_word' id='word_1_42' title='bbox 361 735 521 796; x_wconf 86' lang='lat' dir='ltr'>innoxius..</span> <span class='ocrx_word' id='word_1_43' title='bbox 558 735 674 797; x_wconf 82' lang='lat' dir='ltr'>Omnes</span> <span class='ocrx_word' id='word_1_44' title='bbox 703 754 776 816; x_wconf 83' lang='lat' dir='ltr'>ergo</span> <span class='ocrx_word' id='word_1_45' title='bbox 807 754 910 797; x_wconf 82' lang='lat' dir='ltr'>noram</span> <span class='ocrx_word' id='word_1_46' title='bbox 935 756 972 796; x_wconf 88' lang='lat' dir='ltr'>eo</span> <span class='ocrx_word' id='word_1_47' title='bbox 995 756 1065 816; x_wconf 82' lang='lat' dir='ltr'>pes-</span> 
     </span>
     <span class='ocr_line' id='line_1_7' title="bbox 140 817 1064 899; baseline 0.005 -24"><span class='ocrx_word' id='word_1_48' title='bbox 140 834 258 892; x_wconf 76' lang='lat' dir='ltr'>osmnn,</span> <span class='ocrx_word' id='word_1_49' title='bbox 281 817 455 898; x_wconf 68' lang='lat' dir='ltr'>uindicet,</span> <span class='ocrx_word' id='word_1_50' title='bbox 479 825 509 878; x_wconf 86' lang='lat' dir='ltr'>et</span> <span class='ocrx_word' id='word_1_51' title='bbox 531 819 680 898; x_wconf 84' lang='lat' dir='ltr'>perimus,</span> <span class='ocrx_word' id='word_1_52' title='bbox 704 820 728 878; x_wconf 87' lang='lat' dir='ltr'>si</span> <span class='ocrx_word' id='word_1_53' title='bbox 751 820 914 899; x_wconf 67' lang='lat' dir='ltr'>irascatur,</span> <span class='ocrx_word' id='word_1_54' title='bbox 948 821 998 897; x_wconf 85' lang='lat' dir='ltr'>qui</span> <span class='ocrx_word' id='word_1_55' title='bbox 1022 829 1064 881; x_wconf 82' lang='lat' dir='ltr'>tn·</span> 
     </span>
     <span class='ocr_line' id='line_1_8' title="bbox 141 901 1064 982; baseline 0.003 -22"><span class='ocrx_word' id='word_1_56' title='bbox 141 918 211 960; x_wconf 82' lang='lat' dir='ltr'>men</span> <span class='ocrx_word' id='word_1_57' title='bbox 234 901 260 959; x_wconf 88' lang='lat' dir='ltr'>si</span> <span class='ocrx_word' id='word_1_58' title='bbox 284 901 492 961; x_wconf 76' lang='lat' dir='ltr'>misericordia</span> <span class='ocrx_word' id='word_1_59' title='bbox 515 921 572 961; x_wconf 88' lang='lat' dir='ltr'>nos</span> <span class='ocrx_word' id='word_1_60' title='bbox 595 904 730 981; x_wconf 73' lang='lat' dir='ltr'>operiat,</span> <span class='ocrx_word' id='word_1_61' title='bbox 759 903 938 962; x_wconf 77' lang='lat' dir='ltr'>innoeentes</span> <span class='ocrx_word' id='word_1_62' title='bbox 971 909 1001 962; x_wconf 80' lang='lat' dir='ltr'>et</span> <span class='ocrx_word' id='word_1_63' title='bbox 1022 904 1064 982; x_wconf 87' lang='lat' dir='ltr'>pii</span> 
     </span>
     <span class='ocr_line' id='line_1_9' title="bbox 140 982 1067 1063; baseline 0.005 -21"><span class='ocrx_word' id='word_1_64' title='bbox 140 1001 262 1059; x_wconf 81' lang='lat' dir='ltr'>sumus,</span> <span class='ocrx_word' id='word_1_65' title='bbox 292 991 353 1043; x_wconf 80' lang='lat' dir='ltr'>tam</span> <span class='ocrx_word' id='word_1_66' title='bbox 377 1002 481 1044; x_wconf 82' lang='lat' dir='ltr'>coram</span> <span class='ocrx_word' id='word_1_67' title='bbox 504 1003 560 1059; x_wconf 83' lang='lat' dir='ltr'>eo,</span> <span class='ocrx_word' id='word_1_68' title='bbox 584 1002 674 1063; x_wconf 84' lang='lat' dir='ltr'>quam</span> <span class='ocrx_word' id='word_1_69' title='bbox 699 986 782 1044; x_wconf 90' lang='lat' dir='ltr'>omni</span> <span class='ocrx_word' id='word_1_70' title='bbox 805 994 954 1048; x_wconf 71' lang='lat' dir='ltr'>ornatura.</span> <span class='ocrx_word' id='word_1_71' title='bbox 998 982 1067 1047; x_wconf 86' lang='lat' dir='ltr'>Hoo</span> 
     </span>
     <span class='ocr_line' id='line_1_10' title="bbox 140 1065 584 1144; baseline 0.005 -18"><span class='ocrx_word' id='word_1_72' title='bbox 140 1066 291 1144; x_wconf 77' lang='lat' dir='ltr'>estquod</span> <span class='ocrx_word' id='word_1_73' title='bbox 313 1065 409 1127; x_wconf 84' lang='lat' dir='ltr'>isaias</span> <span class='ocrx_word' id='word_1_74' title='bbox 431 1067 481 1128; x_wconf 86' lang='lat' dir='ltr'>his</span> <span class='ocrx_word' id='word_1_75' title='bbox 503 1066 584 1128; x_wconf 74' lang='lat' dir='ltr'>dieii.</span> 
     </span>
    </p>

    <p class='ocr_par' dir='ltr' id='par_1_3' title="bbox 133 1147 1108 2558">
     <span class='ocr_line' id='line_1_11' title="bbox 222 1147 1064 1229; baseline 0 -19"><span class='ocrx_word' id='word_1_76' title='bbox 222 1147 281 1210; x_wconf 89' lang='lat' dir='ltr'>Ubi</span> <span class='ocrx_word' id='word_1_77' title='bbox 303 1149 479 1229; x_wconf 77' lang='lat' dir='ltr'>uniendum,</span> <span class='ocrx_word' id='word_1_78' title='bbox 511 1150 594 1229; x_wconf 88' lang='lat' dir='ltr'>quod</span> <span class='ocrx_word' id='word_1_79' title='bbox 628 1150 678 1210; x_wconf 84' lang='lat' dir='ltr'>iiie</span> <span class='ocrx_word' id='word_1_80' title='bbox 700 1151 814 1211; x_wconf 78' lang='lat' dir='ltr'>faciens</span> <span class='ocrx_word' id='word_1_81' title='bbox 836 1153 981 1212; x_wconf 79' lang='lat' dir='ltr'>iustitiam</span> <span class='ocrx_word' id='word_1_82' title='bbox 1003 1151 1064 1225; x_wconf 84' lang='lat' dir='ltr'>hoo</span> 
     </span>
     <span class='ocr_line' id='line_1_12' title="bbox 142 1231 1062 1313; baseline 0.002 -23"><span class='ocrx_word' id='word_1_83' title='bbox 142 1231 229 1293; x_wconf 86' lang='lat' dir='ltr'>loao.</span> <span class='ocrx_word' id='word_1_84' title='bbox 248 1251 316 1292; x_wconf 88' lang='lat' dir='ltr'>non.</span> <span class='ocrx_word' id='word_1_85' title='bbox 345 1252 414 1294; x_wconf 89' lang='lat' dir='ltr'>eum</span> <span class='ocrx_word' id='word_1_86' title='bbox 443 1232 610 1313; x_wconf 79' lang='lat' dir='ltr'>signifieat,</span> <span class='ocrx_word' id='word_1_87' title='bbox 645 1234 696 1312; x_wconf 89' lang='lat' dir='ltr'>qui</span> <span class='ocrx_word' id='word_1_88' title='bbox 730 1235 794 1313; x_wconf 86' lang='lat' dir='ltr'>agit</span> <span class='ocrx_word' id='word_1_89' title='bbox 830 1234 928 1312; x_wconf 85' lang='lat' dir='ltr'>iuste,</span> <span class='ocrx_word' id='word_1_90' title='bbox 964 1232 1062 1312; x_wconf 85' lang='lat' dir='ltr'>qualis</span> 
     </span>
     <span class='ocr_line' id='line_1_13' title="bbox 140 1313 1061 1396; baseline 0.003 -22"><span class='ocrx_word' id='word_1_91' title='bbox 140 1313 251 1376; x_wconf 82' lang='lat' dir='ltr'>Psalm.</span> <span class='ocrx_word' id='word_1_92' title='bbox 283 1314 364 1387; x_wconf 77' lang='lat'>15³)</span> <span class='ocrx_word' id='word_1_93' title='bbox 397 1324 459 1377; x_wconf 76' lang='lat' dir='ltr'>ssi:</span> <span class='ocrx_word' id='word_1_94' title='bbox 493 1314 552 1391; x_wconf 77' lang='lat' dir='ltr'>Qui</span> <span class='ocrx_word' id='word_1_95' title='bbox 585 1326 729 1396; x_wconf 71' lang='lat' dir='ltr'>operatur</span> <span class='ocrx_word' id='word_1_96' title='bbox 757 1316 918 1386; x_wconf 83' lang='lat' dir='ltr'>iustitiam,</span> <span class='ocrx_word' id='word_1_97' title='bbox 955 1314 1061 1395; x_wconf 80' lang='lat' dir='ltr'>quoles</span> 
     </span>
     <span class='ocr_line' id='line_1_14' title="bbox 139 1398 1108 1478; baseline 0.002 -21"><span class='ocrx_word' id='word_1_98' title='bbox 139 1398 270 1459; x_wconf 76' lang='lat' dir='ltr'>iustitias</span> <span class='ocrx_word' id='word_1_99' title='bbox 292 1399 342 1458; x_wconf 83' lang='lat' dir='ltr'>his</span> <span class='ocrx_word' id='word_1_100' title='bbox 364 1417 470 1459; x_wconf 78' lang='lat' dir='ltr'>omnes</span> <span class='ocrx_word' id='word_1_101' title='bbox 495 1398 667 1465; x_wconf 83' lang='lat' dir='ltr'>immundas</span> <span class='ocrx_word' id='word_1_102' title='bbox 691 1407 796 1473; x_wconf 67' lang='lat' dir='ltr'>vooat,</span> <span class='ocrx_word' id='word_1_103' title='bbox 824 1398 879 1459; x_wconf 82' lang='lat' dir='ltr'>sed</span> <span class='ocrx_word' id='word_1_104' title='bbox 902 1417 988 1478; x_wconf 83' lang='lat' dir='ltr'>eum,</span> <span class='ocrx_word' id='word_1_105' title='bbox 1012 1401 1062 1478; x_wconf 87' lang='lat' dir='ltr'>qui</span> <span class='ocrx_word' id='word_1_106' title='bbox 1099 1410 1108 1428; x_wconf 72' lang='lat'>²</span> 
     </span>
     <span class='ocr_line' id='line_1_15' title="bbox 139 1481 1061 1565; baseline 0.001 -25"><span class='ocrx_word' id='word_1_107' title='bbox 139 1481 237 1542; x_wconf 83' lang='lat' dir='ltr'>isotor</span> <span class='ocrx_word' id='word_1_108' title='bbox 259 1490 307 1540; x_wconf 83' lang='lat' dir='ltr'>osi</span> <span class='ocrx_word' id='word_1_109' title='bbox 328 1483 480 1555; x_wconf 72' lang='lat' dir='ltr'>iustitias,</span> <span class='ocrx_word' id='word_1_110' title='bbox 502 1482 532 1541; x_wconf 90' lang='lat' dir='ltr'>id</span> <span class='ocrx_word' id='word_1_111' title='bbox 555 1489 618 1565; x_wconf 86' lang='lat' dir='ltr'>est,</span> <span class='ocrx_word' id='word_1_112' title='bbox 641 1493 746 1559; x_wconf 83' lang='lat' dir='ltr'>autor,</span> <span class='ocrx_word' id='word_1_113' title='bbox 781 1490 813 1541; x_wconf 81' lang='lat' dir='ltr'>ui</span> <span class='ocrx_word' id='word_1_114' title='bbox 835 1483 873 1541; x_wconf 83' lang='lat' dir='ltr'>sit</span> <span class='ocrx_word' id='word_1_115' title='bbox 895 1483 1008 1542; x_wconf 84' lang='lat' dir='ltr'>iustitia</span> <span class='ocrx_word' id='word_1_116' title='bbox 1031 1483 1061 1541; x_wconf 82' lang='lat' dir='ltr'>in</span> 
     </span>
     <span class='ocr_line' id='line_1_16' title="bbox 137 1562 1061 1646; baseline 0 -23"><span class='ocrx_word' id='word_1_117' title='bbox 137 1562 245 1625; x_wconf 85' lang='lat' dir='ltr'>diebus</span> <span class='ocrx_word' id='word_1_118' title='bbox 268 1566 341 1643; x_wconf 79' lang='lat' dir='ltr'>suis,</span> <span class='ocrx_word' id='word_1_119' title='bbox 363 1567 442 1626; x_wconf 84' lang='lat' dir='ltr'>siout</span> <span class='ocrx_word' id='word_1_120' title='bbox 464 1565 538 1625; x_wconf 81' lang='lat' dir='ltr'>lere.</span> <span class='ocrx_word' id='word_1_121' title='bbox 550 1564 611 1630; x_wconf 86' lang='lat'>23:</span> <span class='ocrx_word' id='word_1_122' title='bbox 634 1565 786 1646; x_wconf 82' lang='lat' dir='ltr'>Regnabit</span> <span class='ocrx_word' id='word_1_123' title='bbox 807 1585 862 1627; x_wconf 85' lang='lat' dir='ltr'>rex</span> <span class='ocrx_word' id='word_1_124' title='bbox 885 1573 916 1625; x_wconf 80' lang='lat' dir='ltr'>et</span> <span class='ocrx_word' id='word_1_125' title='bbox 937 1565 1061 1646; x_wconf 80' lang='lat' dir='ltr'>sapiens</span> 
     </span>
     <span class='ocr_line' id='line_1_17' title="bbox 138 1647 1063 1725; baseline 0.002 -18"><span class='ocrx_word' id='word_1_126' title='bbox 138 1648 212 1723; x_wconf 84' lang='lat' dir='ltr'>erit,</span> <span class='ocrx_word' id='word_1_127' title='bbox 245 1655 276 1706; x_wconf 80' lang='lat' dir='ltr'>et</span> <span class='ocrx_word' id='word_1_128' title='bbox 306 1647 398 1709; x_wconf 79' lang='lat' dir='ltr'>insist</span> <span class='ocrx_word' id='word_1_129' title='bbox 426 1647 569 1708; x_wconf 80' lang='lat' dir='ltr'>iudicium</span> <span class='ocrx_word' id='word_1_130' title='bbox 604 1658 635 1708; x_wconf 82' lang='lat' dir='ltr'>et</span> <span class='ocrx_word' id='word_1_131' title='bbox 666 1649 811 1709; x_wconf 83' lang='lat' dir='ltr'>iustitiam</span> <span class='ocrx_word' id='word_1_132' title='bbox 842 1650 872 1707; x_wconf 91' lang='lat' dir='ltr'>in</span> <span class='ocrx_word' id='word_1_133' title='bbox 904 1655 1000 1725; x_wconf 81' lang='lat' dir='ltr'>terra,</span> <span class='ocrx_word' id='word_1_134' title='bbox 1033 1658 1063 1709; x_wconf 79' lang='lat' dir='ltr'>at</span> 
     </span>
     <span class='ocr_line' id='line_1_18' title="bbox 138 1728 1062 1820; baseline 0.002 -30"><span class='ocrx_word' id='word_1_135' title='bbox 138 1729 217 1794; x_wconf 84' lang='lat' dir='ltr'>Psal.</span> <span class='ocrx_word' id='word_1_136' title='bbox 243 1728 358 1807; x_wconf 81' lang='lat'>119⁴):</span> <span class='ocrx_word' id='word_1_137' title='bbox 389 1731 458 1792; x_wconf 81' lang='lat' dir='ltr'>Feci</span> <span class='ocrx_word' id='word_1_138' title='bbox 482 1731 626 1791; x_wconf 87' lang='lat' dir='ltr'>iudioium</span> <span class='ocrx_word' id='word_1_139' title='bbox 660 1739 690 1791; x_wconf 86' lang='lat' dir='ltr'>et</span> <span class='ocrx_word' id='word_1_140' title='bbox 711 1731 867 1793; x_wconf 84' lang='lat' dir='ltr'>iustitiam.</span> <span class='ocrx_word' id='word_1_141' title='bbox 911 1730 1062 1820; x_wconf 74' lang='lat' dir='ltr'>Prospera</span> 
     </span>
     <span class='ocr_line' id='line_1_19' title="bbox 135 1813 1062 1895; baseline 0 -23"><span class='ocrx_word' id='word_1_142' title='bbox 135 1815 216 1874; x_wconf 86' lang='lat' dir='ltr'>onim</span> <span class='ocrx_word' id='word_1_143' title='bbox 240 1821 311 1873; x_wconf 84' lang='lat' dir='ltr'>sunt</span> <span class='ocrx_word' id='word_1_144' title='bbox 333 1822 364 1874; x_wconf 77' lang='lat' dir='ltr'>ai</span> <span class='ocrx_word' id='word_1_145' title='bbox 385 1813 466 1874; x_wconf 81' lang='lat' dir='ltr'>laets</span> <span class='ocrx_word' id='word_1_146' title='bbox 489 1824 646 1895; x_wconf 79' lang='lat' dir='ltr'>tempora,</span> <span class='ocrx_word' id='word_1_147' title='bbox 678 1814 801 1893; x_wconf 89' lang='lat' dir='ltr'>quando</span> <span class='ocrx_word' id='word_1_148' title='bbox 824 1815 956 1875; x_wconf 81' lang='lat' dir='ltr'>iani-ores</span> <span class='ocrx_word' id='word_1_149' title='bbox 980 1816 1062 1875; x_wconf 83' lang='lat' dir='ltr'>iusti-</span> 
     </span>
     <span class='ocr_line' id='line_1_20' title="bbox 135 1896 1061 1978; baseline 0.001 -22"><span class='ocrx_word' id='word_1_150' title='bbox 135 1897 197 1957; x_wconf 77' lang='lat' dir='ltr'>tiae</span> <span class='ocrx_word' id='word_1_151' title='bbox 219 1904 299 1974; x_wconf 84' lang='lat' dir='ltr'>sunt,</span> <span class='ocrx_word' id='word_1_152' title='bbox 321 1916 401 1976; x_wconf 85' lang='lat' dir='ltr'>quos</span> <span class='ocrx_word' id='word_1_153' title='bbox 424 1904 525 1958; x_wconf 78' lang='lat' dir='ltr'>tamen</span> <span class='ocrx_word' id='word_1_154' title='bbox 549 1896 638 1958; x_wconf 88' lang='lat' dir='ltr'>simui</span> <span class='ocrx_word' id='word_1_155' title='bbox 660 1917 728 1958; x_wconf 86' lang='lat' dir='ltr'>esse</span> <span class='ocrx_word' id='word_1_156' title='bbox 746 1898 904 1978; x_wconf 83' lang='lat' dir='ltr'>operarios</span> <span class='ocrx_word' id='word_1_157' title='bbox 928 1898 1061 1958; x_wconf 82' lang='lat' dir='ltr'>iustitiae</span> 
     </span>
     <span class='ocr_line' id='line_1_21' title="bbox 135 1979 1061 2061; baseline 0.002 -23"><span class='ocrx_word' id='word_1_158' title='bbox 135 1997 263 2039; x_wconf 73' lang='lat' dir='ltr'>necasse</span> <span class='ocrx_word' id='word_1_159' title='bbox 285 1988 341 2042; x_wconf 83' lang='lat' dir='ltr'>est.</span> <span class='ocrx_word' id='word_1_160' title='bbox 385 1979 425 2040; x_wconf 79' lang='lat' dir='ltr'>Ei</span> <span class='ocrx_word' id='word_1_161' title='bbox 459 1980 546 2041; x_wconf 85' lang='lat' dir='ltr'>lonas</span> <span class='ocrx_word' id='word_1_162' title='bbox 577 1981 636 2042; x_wconf 82' lang='lat' dir='ltr'>iste</span> <span class='ocrx_word' id='word_1_163' title='bbox 664 1987 745 2042; x_wconf 84' lang='lat' dir='ltr'>totus</span> <span class='ocrx_word' id='word_1_164' title='bbox 768 1981 829 2041; x_wconf 88' lang='lat' dir='ltr'>hoo</span> <span class='ocrx_word' id='word_1_165' title='bbox 850 1979 968 2059; x_wconf 75' lang='lat' dir='ltr'>plorat,</span> <span class='ocrx_word' id='word_1_166' title='bbox 1003 1982 1061 2061; x_wconf 81' lang='lat' dir='ltr'>etsi</span> 
     </span>
     <span class='ocr_line' id='line_1_22' title="bbox 134 2062 1061 2144; baseline 0.002 -23"><span class='ocrx_word' id='word_1_167' title='bbox 134 2063 194 2122; x_wconf 86' lang='lat' dir='ltr'>sint</span> <span class='ocrx_word' id='word_1_168' title='bbox 219 2062 291 2122; x_wconf 91' lang='lat' dir='ltr'>boni</span> <span class='ocrx_word' id='word_1_169' title='bbox 314 2063 445 2140; x_wconf 81' lang='lat' dir='ltr'>atinati,</span> <span class='ocrx_word' id='word_1_170' title='bbox 468 2065 653 2144; x_wconf 83' lang='lat' dir='ltr'>intempore</span> <span class='ocrx_word' id='word_1_171' title='bbox 675 2065 734 2124; x_wconf 80' lang='lat' dir='ltr'>isio</span> <span class='ocrx_word' id='word_1_172' title='bbox 757 2065 831 2140; x_wconf 85' lang='lat' dir='ltr'>irae,</span> <span class='ocrx_word' id='word_1_173' title='bbox 854 2074 955 2124; x_wconf 83' lang='lat' dir='ltr'>tamen</span> <span class='ocrx_word' id='word_1_174' title='bbox 978 2064 1061 2123; x_wconf 77' lang='lat' dir='ltr'>insui·</span> 
     </span>
     <span class='ocr_line' id='line_1_23' title="bbox 134 2146 1061 2227; baseline -0.003 -20"><span class='ocrx_word' id='word_1_175' title='bbox 134 2146 208 2207; x_wconf 82' lang='lat' dir='ltr'>iiam</span> <span class='ocrx_word' id='word_1_176' title='bbox 231 2147 349 2223; x_wconf 84' lang='lat' dir='ltr'>erigere</span> <span class='ocrx_word' id='word_1_177' title='bbox 373 2165 433 2206; x_wconf 92' lang='lat' dir='ltr'>non</span> <span class='ocrx_word' id='word_1_178' title='bbox 458 2157 601 2226; x_wconf 83' lang='lat' dir='ltr'>possunt,</span> <span class='ocrx_word' id='word_1_179' title='bbox 624 2166 685 2227; x_wconf 88' lang='lat' dir='ltr'>qua</span> <span class='ocrx_word' id='word_1_180' title='bbox 707 2148 750 2207; x_wconf 88' lang='lat' dir='ltr'>ira</span> <span class='ocrx_word' id='word_1_181' title='bbox 772 2147 830 2207; x_wconf 89' lang='lat' dir='ltr'>Dei</span> <span class='ocrx_word' id='word_1_182' title='bbox 852 2148 1010 2208; x_wconf 80' lang='lat' dir='ltr'>sedaretur</span> <span class='ocrx_word' id='word_1_183' title='bbox 1032 2155 1061 2205; x_wconf 78' lang='lat' dir='ltr'>et</span> 
     </span>
     <span class='ocr_line' id='line_1_24' title="bbox 134 2229 1060 2313; baseline 0.001 -25"><span class='ocrx_word' id='word_1_184' title='bbox 134 2238 306 2305; x_wconf 77' lang='lat' dir='ltr'>teneretur,</span> <span class='ocrx_word' id='word_1_185' title='bbox 339 2229 393 2288; x_wconf 86' lang='lat' dir='ltr'>sed</span> <span class='ocrx_word' id='word_1_186' title='bbox 426 2231 486 2309; x_wconf 88' lang='lat' dir='ltr'>ipsi</span> <span class='ocrx_word' id='word_1_187' title='bbox 514 2249 574 2290; x_wconf 88' lang='lat' dir='ltr'>una</span> <span class='ocrx_word' id='word_1_188' title='bbox 607 2250 675 2313; x_wconf 78' lang='lat' dir='ltr'>oum</span> <span class='ocrx_word' id='word_1_189' title='bbox 704 2230 806 2310; x_wconf 86' lang='lat' dir='ltr'>impiis</span> <span class='ocrx_word' id='word_1_190' title='bbox 829 2238 1060 2305; x_wconf 65' lang='lat' dir='ltr'>consumuntur,</span> 
     </span>
     <span class='ocr_line' id='line_1_25' title="bbox 133 2313 1060 2392; baseline 0.002 -20"><span class='ocrx_word' id='word_1_191' title='bbox 133 2313 248 2373; x_wconf 82' lang='lat' dir='ltr'>iustitia</span> <span class='ocrx_word' id='word_1_192' title='bbox 270 2331 374 2372; x_wconf 87' lang='lat' dir='ltr'>eorum</span> <span class='ocrx_word' id='word_1_193' title='bbox 398 2313 482 2373; x_wconf 84' lang='lat' dir='ltr'>nihili</span> <span class='ocrx_word' id='word_1_194' title='bbox 506 2313 625 2391; x_wconf 79' lang='lat' dir='ltr'>habita,</span> <span class='ocrx_word' id='word_1_195' title='bbox 657 2315 728 2392; x_wconf 84' lang='lat' dir='ltr'>quio</span> <span class='ocrx_word' id='word_1_196' title='bbox 758 2316 804 2373; x_wconf 83' lang='lat' dir='ltr'>ira</span> <span class='ocrx_word' id='word_1_197' title='bbox 824 2313 881 2374; x_wconf 87' lang='lat' dir='ltr'>Dei</span> <span class='ocrx_word' id='word_1_198' title='bbox 905 2332 966 2373; x_wconf 91' lang='lat' dir='ltr'>non</span> <span class='ocrx_word' id='word_1_199' title='bbox 989 2313 1060 2374; x_wconf 82' lang='lat' dir='ltr'>sinit</span> 
     </span>
     <span class='ocr_line' id='line_1_26' title="bbox 134 2394 1059 2476; baseline 0 -21"><span class='ocrx_word' id='word_1_200' title='bbox 134 2413 193 2455; x_wconf 83' lang='lat' dir='ltr'>eos</span> <span class='ocrx_word' id='word_1_201' title='bbox 223 2394 390 2474; x_wconf 85' lang='lat' dir='ltr'>quidquam</span> <span class='ocrx_word' id='word_1_202' title='bbox 420 2415 619 2476; x_wconf 82' lang='lat' dir='ltr'>promovere,</span> <span class='ocrx_word' id='word_1_203' title='bbox 655 2407 687 2455; x_wconf 80' lang='lat' dir='ltr'>nt</span> <span class='ocrx_word' id='word_1_204' title='bbox 720 2396 894 2475; x_wconf 78' lang='lat' dir='ltr'>copiosiore</span> <span class='ocrx_word' id='word_1_205' title='bbox 917 2413 1059 2457; x_wconf 80' lang='lat' dir='ltr'>nernrone</span> 
     </span>
     <span class='ocr_line' id='line_1_27' title="bbox 133 2478 912 2558; baseline -0.001 -19"><span class='ocrx_word' id='word_1_206' title='bbox 133 2480 180 2539; x_wconf 90' lang='lat' dir='ltr'>sio</span> <span class='ocrx_word' id='word_1_207' title='bbox 202 2478 303 2558; x_wconf 82' lang='lat' dir='ltr'>eloqui</span> <span class='ocrx_word' id='word_1_208' title='bbox 326 2479 408 2539; x_wconf 85' lang='lat' dir='ltr'>huno</span> <span class='ocrx_word' id='word_1_209' title='bbox 431 2480 531 2539; x_wconf 90' lang='lat' dir='ltr'>looum</span> <span class='ocrx_word' id='word_1_210' title='bbox 555 2497 649 2557; x_wconf 84' lang='lat' dir='ltr'>queas</span> <span class='ocrx_word' id='word_1_211' title='bbox 674 2497 743 2538; x_wconf 89' lang='lat' dir='ltr'>meo</span> <span class='ocrx_word' id='word_1_212' title='bbox 766 2479 912 2558; x_wconf 84' lang='lat' dir='ltr'>perioulo.</span> 
     </span>
    </p>

    <p class='ocr_par' dir='ltr' id='par_1_4' title="bbox 131 2559 1061 3556">
     <span class='ocr_line' id='line_1_28' title="bbox 218 2559 1061 2636; baseline -0.004 -12"><span class='ocrx_word' id='word_1_213' title='bbox 218 2561 385 2624; x_wconf 83' lang='lat' dir='ltr'>Ooourriati</span> <span class='ocrx_word' id='word_1_214' title='bbox 409 2561 532 2623; x_wconf 74' lang='lat' dir='ltr'>laetanti</span> <span class='ocrx_word' id='word_1_215' title='bbox 556 2572 612 2621; x_wconf 75' lang='lat' dir='ltr'>eto.</span> <span class='ocrx_word' id='word_1_216' title='bbox 637 2559 768 2636; x_wconf 79' lang='lat' dir='ltr'>Quando</span> <span class='ocrx_word' id='word_1_217' title='bbox 791 2560 873 2623; x_wconf 82' lang='lat' dir='ltr'>laeta</span> <span class='ocrx_word' id='word_1_218' title='bbox 894 2571 963 2622; x_wconf 83' lang='lat' dir='ltr'>suni</span> <span class='ocrx_word' id='word_1_219' title='bbox 987 2571 1061 2623; x_wconf 81' lang='lat' dir='ltr'>tem-</span> 
     </span>
     <span class='ocr_line' id='line_1_29' title="bbox 132 2643 1059 2726; baseline 0.001 -22"><span class='ocrx_word' id='word_1_220' title='bbox 132 2663 211 2726; x_wconf 83' lang='lat' dir='ltr'>pora</span> <span class='ocrx_word' id='word_1_221' title='bbox 249 2652 278 2704; x_wconf 81' lang='lat' dir='ltr'>ai</span> <span class='ocrx_word' id='word_1_222' title='bbox 311 2654 509 2725; x_wconf 80' lang='lat' dir='ltr'>prosperatur</span> <span class='ocrx_word' id='word_1_223' title='bbox 537 2645 671 2720; x_wconf 72' lang='lat' dir='ltr'>iustitis,</span> <span class='ocrx_word' id='word_1_224' title='bbox 710 2643 792 2723; x_wconf 88' lang='lat' dir='ltr'>quod</span> <span class='ocrx_word' id='word_1_225' title='bbox 815 2645 920 2722; x_wconf 82' lang='lat' dir='ltr'>utique</span> <span class='ocrx_word' id='word_1_226' title='bbox 941 2645 1059 2724; x_wconf 82' lang='lat' dir='ltr'>gratiss</span> 
     </span>
     <span class='ocr_line' id='line_1_30' title="bbox 134 2728 1060 2807; baseline -0.002 -20"><span class='ocrx_word' id='word_1_227' title='bbox 134 2739 205 2788; x_wconf 80' lang='lat' dir='ltr'>tuae</span> <span class='ocrx_word' id='word_1_228' title='bbox 228 2746 353 2807; x_wconf 81' lang='lat' dir='ltr'>rognum</span> <span class='ocrx_word' id='word_1_229' title='bbox 377 2736 438 2806; x_wconf 84' lang='lat' dir='ltr'>est,</span> <span class='ocrx_word' id='word_1_230' title='bbox 477 2736 508 2788; x_wconf 80' lang='lat' dir='ltr'>iu</span> <span class='ocrx_word' id='word_1_231' title='bbox 532 2746 655 2806; x_wconf 87' lang='lat' dir='ltr'>quoque</span> <span class='ocrx_word' id='word_1_232' title='bbox 677 2729 827 2807; x_wconf 83' lang='lat' dir='ltr'>propitius</span> <span class='ocrx_word' id='word_1_233' title='bbox 851 2746 901 2802; x_wconf 83' lang='lat' dir='ltr'>es,</span> <span class='ocrx_word' id='word_1_234' title='bbox 925 2728 1060 2795; x_wconf 83' lang='lat' dir='ltr'>oonurris</span> 
     </span>
     <span class='ocr_line' id='line_1_31' title="bbox 133 2808 1059 2890; baseline 0 -20"><span class='ocrx_word' id='word_1_235' title='bbox 133 2821 165 2870; x_wconf 76' lang='lat' dir='ltr'>et</span> <span class='ocrx_word' id='word_1_236' title='bbox 198 2808 298 2872; x_wconf 83' lang='lat' dir='ltr'>obviis</span> <span class='ocrx_word' id='word_1_237' title='bbox 328 2811 467 2885; x_wconf 84' lang='lat' dir='ltr'>manibus</span> <span class='ocrx_word' id='word_1_238' title='bbox 502 2830 555 2871; x_wconf 82' lang='lat' dir='ltr'>eos</span> <span class='ocrx_word' id='word_1_239' title='bbox 584 2811 731 2890; x_wconf 78' lang='lat' dir='ltr'>suscipis,</span> <span class='ocrx_word' id='word_1_240' title='bbox 769 2812 916 2872; x_wconf 77' lang='lat' dir='ltr'>invocant</span> <span class='ocrx_word' id='word_1_241' title='bbox 948 2828 1059 2870; x_wconf 84' lang='lat' dir='ltr'>nomon</span> 
     </span>
     <span class='ocr_line' id='line_1_32' title="bbox 133 2894 1060 2974; baseline -0.001 -20"><span class='ocrx_word' id='word_1_242' title='bbox 133 2901 274 2955; x_wconf 74' lang='lat' dir='ltr'>irrumet</span> <span class='ocrx_word' id='word_1_243' title='bbox 295 2894 435 2969; x_wconf 73' lang='lat' dir='ltr'>exaudis,</span> <span class='ocrx_word' id='word_1_244' title='bbox 458 2902 586 2974; x_wconf 76' lang='lat' dir='ltr'>surgunt</span> <span class='ocrx_word' id='word_1_245' title='bbox 608 2894 812 2954; x_wconf 77' lang='lat' dir='ltr'>etinveniunt</span> <span class='ocrx_word' id='word_1_246' title='bbox 835 2902 874 2972; x_wconf 76' lang='lat' dir='ltr'>io,</span> <span class='ocrx_word' id='word_1_247' title='bbox 897 2899 1003 2954; x_wconf 78' lang='lat' dir='ltr'>tenent</span> <span class='ocrx_word' id='word_1_248' title='bbox 1020 2898 1060 2968; x_wconf 78' lang='lat' dir='ltr'>to,</span> 
     </span>
     <span class='ocr_line' id='line_1_33' title="bbox 132 2974 1061 3057; baseline -0.001 -20"><span class='ocrx_word' id='word_1_249' title='bbox 132 2986 166 3037; x_wconf 77' lang='lat' dir='ltr'>et</span> <span class='ocrx_word' id='word_1_250' title='bbox 197 2978 300 3057; x_wconf 81' lang='lat' dir='ltr'>parcis</span> <span class='ocrx_word' id='word_1_251' title='bbox 330 2977 472 3039; x_wconf 84' lang='lat' dir='ltr'>omnibus</span> <span class='ocrx_word' id='word_1_252' title='bbox 517 2985 550 3038; x_wconf 79' lang='lat' dir='ltr'>ut</span> <span class='ocrx_word' id='word_1_253' title='bbox 590 2986 730 3057; x_wconf 82' lang='lat' dir='ltr'>tempora</span> <span class='ocrx_word' id='word_1_254' title='bbox 763 2975 840 3037; x_wconf 87' lang='lat' dir='ltr'>Mosi</span> <span class='ocrx_word' id='word_1_255' title='bbox 869 2979 898 3037; x_wconf 90' lang='lat' dir='ltr'>in</span> <span class='ocrx_word' id='word_1_256' title='bbox 928 2974 1061 3037; x_wconf 84' lang='lat' dir='ltr'>deserto.</span> 
     </span>
     <span class='ocr_line' id='line_1_34' title="bbox 131 3058 1060 3137; baseline 0.003 -17"><span class='ocrx_word' id='word_1_257' title='bbox 131 3058 221 3121; x_wconf 81' lang='lat' dir='ltr'>Tune</span> <span class='ocrx_word' id='word_1_258' title='bbox 243 3068 290 3121; x_wconf 85' lang='lat' dir='ltr'>est</span> <span class='ocrx_word' id='word_1_259' title='bbox 311 3060 453 3122; x_wconf 80' lang='lat' dir='ltr'>insedere</span> <span class='ocrx_word' id='word_1_260' title='bbox 476 3062 505 3120; x_wconf 92' lang='lat' dir='ltr'>in</span> <span class='ocrx_word' id='word_1_261' title='bbox 531 3063 586 3120; x_wconf 87' lang='lat' dir='ltr'>viis</span> <span class='ocrx_word' id='word_1_262' title='bbox 608 3063 684 3137; x_wconf 84' lang='lat' dir='ltr'>tuis,</span> <span class='ocrx_word' id='word_1_263' title='bbox 715 3068 787 3120; x_wconf 80' lang='lat' dir='ltr'>tuno</span> <span class='ocrx_word' id='word_1_264' title='bbox 810 3067 857 3121; x_wconf 82' lang='lat' dir='ltr'>esi</span> <span class='ocrx_word' id='word_1_265' title='bbox 880 3076 1060 3135; x_wconf 65' lang='lat' dir='ltr'>memorare,</span> 
     </span>
     <span class='ocr_line' id='line_1_35' title="bbox 134 3140 1059 3223; baseline 0.001 -20"><span class='ocrx_word' id='word_1_266' title='bbox 134 3144 275 3222; x_wconf 78' lang='lat' dir='ltr'>isodoro,</span> <span class='ocrx_word' id='word_1_267' title='bbox 315 3145 429 3223; x_wconf 81' lang='lat' dir='ltr'>gratiss</span> <span class='ocrx_word' id='word_1_268' title='bbox 461 3163 553 3223; x_wconf 83' lang='lat' dir='ltr'>agere</span> <span class='ocrx_word' id='word_1_269' title='bbox 584 3143 636 3204; x_wconf 87' lang='lat' dir='ltr'>tibi</span> <span class='ocrx_word' id='word_1_270' title='bbox 665 3162 721 3222; x_wconf 88' lang='lat' dir='ltr'>pro</span> <span class='ocrx_word' id='word_1_271' title='bbox 754 3142 910 3204; x_wconf 72' lang='lat' dir='ltr'>benefieiis</span> <span class='ocrx_word' id='word_1_272' title='bbox 946 3140 1059 3215; x_wconf 72' lang='lat' dir='ltr'>effusis.</span> 
     </span>
     <span class='ocr_line' id='line_1_36' title="bbox 134 3227 1060 3288; baseline -0.002 -1"><span class='ocrx_word' id='word_1_273' title='bbox 134 3227 176 3287; x_wconf 80' lang='lat' dir='ltr'>Ar</span> <span class='ocrx_word' id='word_1_274' title='bbox 197 3245 280 3286; x_wconf 90' lang='lat' dir='ltr'>nuno</span> <span class='ocrx_word' id='word_1_275' title='bbox 314 3245 383 3286; x_wconf 81' lang='lat' dir='ltr'>oum</span> <span class='ocrx_word' id='word_1_276' title='bbox 407 3227 451 3287; x_wconf 87' lang='lat' dir='ltr'>irs</span> <span class='ocrx_word' id='word_1_277' title='bbox 480 3235 532 3287; x_wconf 83' lang='lat' dir='ltr'>tuo</span> <span class='ocrx_word' id='word_1_278' title='bbox 557 3227 676 3288; x_wconf 78' lang='lat' dir='ltr'>saeviat</span> <span class='ocrx_word' id='word_1_279' title='bbox 714 3234 744 3286; x_wconf 85' lang='lat' dir='ltr'>et</span> <span class='ocrx_word' id='word_1_280' title='bbox 771 3227 869 3287; x_wconf 80' lang='lat' dir='ltr'>tristia</span> <span class='ocrx_word' id='word_1_281' title='bbox 897 3228 958 3288; x_wconf 82' lang='lat' dir='ltr'>sint</span> <span class='ocrx_word' id='word_1_282' title='bbox 988 3232 1060 3285; x_wconf 80' lang='lat' dir='ltr'>tam·</span> 
     </span>
     <span class='ocr_line' id='line_1_37' title="bbox 133 3310 1059 3390; baseline -0.003 -19"><span class='ocrx_word' id='word_1_283' title='bbox 133 3328 221 3389; x_wconf 83' lang='lat' dir='ltr'>pora,</span> <span class='ocrx_word' id='word_1_284' title='bbox 244 3310 318 3383; x_wconf 84' lang='lat' dir='ltr'>nihii</span> <span class='ocrx_word' id='word_1_285' title='bbox 342 3310 590 3390; x_wconf 80' lang='lat' dir='ltr'>nisipeooaiores</span> <span class='ocrx_word' id='word_1_286' title='bbox 612 3328 729 3387; x_wconf 83' lang='lat' dir='ltr'>sumus,</span> <span class='ocrx_word' id='word_1_287' title='bbox 752 3310 975 3388; x_wconf 71' lang='lat' dir='ltr'>nouandarum,</span> <span class='ocrx_word' id='word_1_288' title='bbox 998 3326 1059 3369; x_wconf 92' lang='lat' dir='ltr'>non</span> 
     </span>
     <span class='ocr_line' id='line_1_38' title="bbox 132 3392 1060 3472; baseline -0.003 -19"><span class='ocrx_word' id='word_1_289' title='bbox 132 3393 295 3472; x_wconf 79' lang='lat' dir='ltr'>inveniris,</span> <span class='ocrx_word' id='word_1_290' title='bbox 318 3412 379 3453; x_wconf 93' lang='lat' dir='ltr'>non</span> <span class='ocrx_word' id='word_1_291' title='bbox 404 3395 524 3453; x_wconf 85' lang='lat' dir='ltr'>teneris.</span> <span class='ocrx_word' id='word_1_292' title='bbox 570 3394 634 3454; x_wconf 74' lang='lat' dir='ltr'>nui</span> <span class='ocrx_word' id='word_1_293' title='bbox 657 3393 718 3452; x_wconf 84' lang='lat' dir='ltr'>sint</span> <span class='ocrx_word' id='word_1_294' title='bbox 740 3392 814 3454; x_wconf 86' lang='lat' dir='ltr'>boni</span> <span class='ocrx_word' id='word_1_295' title='bbox 835 3399 867 3469; x_wconf 73' lang='lat' dir='ltr'>at</span> <span class='ocrx_word' id='word_1_296' title='bbox 888 3393 976 3468; x_wconf 83' lang='lat' dir='ltr'>iusti,</span> <span class='ocrx_word' id='word_1_297' title='bbox 997 3392 1060 3451; x_wconf 90' lang='lat' dir='ltr'>nui-</span> 
     </span>
     <span class='ocr_line' id='line_1_39' title="bbox 135 3475 1061 3556; baseline -0.001 -21"><span class='ocrx_word' id='word_1_298' title='bbox 135 3477 181 3536; x_wconf 88' lang='lat' dir='ltr'>ins</span> <span class='ocrx_word' id='word_1_299' title='bbox 205 3484 306 3537; x_wconf 85' lang='lat' dir='ltr'>tamen</span> <span class='ocrx_word' id='word_1_300' title='bbox 332 3495 436 3537; x_wconf 85' lang='lat' dir='ltr'>eorum</span> <span class='ocrx_word' id='word_1_301' title='bbox 461 3495 523 3552; x_wconf 80' lang='lat' dir='ltr'>esu,</span> <span class='ocrx_word' id='word_1_302' title='bbox 552 3475 603 3556; x_wconf 92' lang='lat' dir='ltr'>qui</span> <span class='ocrx_word' id='word_1_303' title='bbox 625 3484 731 3555; x_wconf 79' lang='lat' dir='ltr'>surgat</span> <span class='ocrx_word' id='word_1_304' title='bbox 753 3484 784 3536; x_wconf 85' lang='lat' dir='ltr'>et</span> <span class='ocrx_word' id='word_1_305' title='bbox 806 3483 908 3543; x_wconf 80' lang='lat' dir='ltr'>tonost</span> <span class='ocrx_word' id='word_1_306' title='bbox 931 3484 975 3551; x_wconf 78' lang='lat' dir='ltr'>te,</span> <span class='ocrx_word' id='word_1_307' title='bbox 1008 3480 1061 3535; x_wconf 83' lang='lat' dir='ltr'>sut</span> 
     </span>
    </p>
   </div>
   <div class='ocr_carea' id='block_1_3' title="bbox 135 3654 555 3662">
    <p class='ocr_par' dir='ltr' id='par_1_5' title="bbox 135 3654 555 3662">
     <span class='ocr_line' id='line_1_40' title="bbox 135 3654 555 3662; baseline -0.005 0"><span class='ocrx_word' id='word_1_308' title='bbox 135 3655 268 3662; x_wconf 70' lang='lat'><strong>—-.—--—</strong></span> <span class='ocrx_word' id='word_1_309' title='bbox 275 3654 555 3662; x_wconf 54' lang='grc' dir='ltr'>...Μ-...-</span> 
     </span>
    </p>
   </div>
   <div class='ocr_carea' id='block_1_4' title="bbox 165 3736 974 3895">
    <p class='ocr_par' dir='ltr' id='par_1_6' title="bbox 165 3736 974 3895">
     <span class='ocr_line' id='line_1_41' title="bbox 206 3736 974 3808; baseline 0.001 -15"><span class='ocrx_word' id='word_1_310' title='bbox 206 3739 234 3806; x_wconf 91' lang='grc'>1)</span> <span class='ocrx_word' id='word_1_311' title='bbox 255 3739 286 3792; x_wconf 90' lang='lat' dir='ltr'>in</span> <span class='ocrx_word' id='word_1_312' title='bbox 305 3739 347 3792; x_wconf 84' lang='lat' dir='ltr'>sd.</span> <span class='ocrx_word' id='word_1_313' title='bbox 368 3741 453 3808; x_wconf 58' lang='lat' dir='ltr'>urim:</span> <span class='ocrx_word' id='word_1_314' title='bbox 474 3737 518 3791; x_wconf 89' lang='lat' dir='ltr'>Ps.</span> <span class='ocrx_word' id='word_1_315' title='bbox 540 3737 582 3793; x_wconf 80' lang='lat'>14.</span> <span class='ocrx_word' id='word_1_316' title='bbox 620 3737 651 3803; x_wconf 83' lang='lat'>2)</span> <span class='ocrx_word' id='word_1_317' title='bbox 670 3736 752 3792; x_wconf 60' lang='lat' dir='ltr'>lmus</span> <span class='ocrx_word' id='word_1_318' title='bbox 774 3737 821 3794; x_wconf 81' lang='lat' dir='ltr'>Pr.</span> <span class='ocrx_word' id='word_1_319' title='bbox 845 3740 903 3795; x_wconf 83' lang='lat'>118.</span> <span class='ocrx_word' id='word_1_320' title='bbox 940 3788 945 3803; x_wconf 80' lang='grc'>,</span> <span class='ocrx_word' id='word_1_321' title='bbox 970 3796 974 3803; x_wconf 73' lang='grc'><em>,</em></span> 
     </span>
     <span class='ocr_line' id='line_1_42' title="bbox 165 3806 895 3895; baseline -0.016 -8"><span class='ocrx_word' id='word_1_322' title='bbox 165 3843 503 3893; x_wconf 59' lang='lat' dir='ltr'>summosam-uns</span> <span class='ocrx_word' id='word_1_323' title='bbox 517 3843 738 3895; x_wconf 61' lang='lat' dir='ltr'>marmur.</span> <span class='ocrx_word' id='word_1_324' title='bbox 847 3806 895 3876; x_wconf 70' lang='lat'>28&#39;</span> 
     </span>
    </p>
   </div>
   <div class='ocr_carea' id='block_1_5' title="bbox 0 0 1200 4170">
    <p class='ocr_par' dir='ltr' id='par_1_7' title="bbox 0 0 1200 4170">
     <span class='ocr_line' id='line_1_43' title="bbox 0 0 1200 4170; baseline 0 3"><span class='ocrx_word' id='word_1_325' title='bbox 0 0 1200 4170; x_wconf 95' lang='lat' dir='ltr'> </span> 
     </span>
    </p>
   </div>
  </div>
 </body>
</html>
