2392 4170
264 237 372 291 Bullam
392 238 474 292 Leon.
495 241 524 290 X.
554 239 674 293 damnat.
694 256 718 294 a.
738 237 817 296 1520.
951 237 1013 302 225

84 392 239 472 Gregorii
264 411 356 472 ,pura
381 392 462 452 bona
484 412 546 454 uon
569 392 667 453 solum
691 412 757 453 uonv
776 402 855 470 sunt,
878 393 932 455 sed
956 411 1013 455 neo

85 497 158 538 esso
180 476 329 555 possunt?

170 559 300 635 Damna,
323 559 363 617 mi
407 577 483 637 apa,
506 559 617 618 damna
638 558 695 618 bos
710 560 937 638 sanctosviros,
953 558 1013 620 iob

84 652 117 703 et
140 578 437 723 Gregorium,;pdde
458 641 504 701 bis
527 661 573 717 ea,
587 660 666 720 quae
679 638 762 703 diota
775 650 844 702 sunt
858 641 1012 720 David*):

84 726 157 786 Non
181 720 393 801 iustifioabdtar
419 726 449 783 in
480 732 648 804 conspeetu
681 731 735 786 tuo
764 728 863 786 omnis
895 727 1013 805 vivens,

84 816 120 868 ut
142 814 212 868 ette
223 807 348 867 damnet
358 805 507 867 Dominus
519 809 602 868 lesus
617 808 805 888 propediem.
855 808 900 868 Tu
919 809 1012 869 dooes

84 892 214 953 introire
242 891 272 949 in
303 899 502 969 conspectum
533 890 590 950 Dei
622 890 772 971 superbos
805 902 837 952 et
864 894 914 970 qui
944 911 1013 952 sese

84 974 285 1034 damnatione
316 972 426 1052 dignos
462 992 522 1033 non
555 993 623 1033 esse
655 975 794 1035 iactitant
827 993 931 1035 eoram
965 994 1013 1049 eo,

85 1077 180 1138 quem
202 1056 364 1117 columnae
386 1057 464 1117 sosii
484 1063 614 1116 tremunt
637 1057 734 1117 etsub
758 1076 819 1137 quo
841 1066 1014 1135 curvantur,

84 1142 140 1221 qui
161 1146 285 1220 portant
306 1139 421 1218 orbem,
435 1159 503 1199 oum
518 1140 616 1199 David
629 1158 690 1199 non
707 1142 856 1202 sustineat
867 1139 1012 1201 iudicium

86 1225 165 1285 eius.
208 1223 248 1283 Et
271 1224 460 1303 Augustinus
488 1223 554 1282 Vae
586 1224 722 1283 omnium
751 1224 910 1284 hominum
932 1225 1025 1285 vitae-

85 1306 347 1368 laudabilissimae
370 1305 550 1383 denunciet,
582 1305 642 1366 boo
664 1313 726 1385 est,
750 1308 897 1386 optimam
920 1309 1012 1367 vitam

85 1389 287 1450 damnatione
327 1390 448 1470 dignam
480 1389 573 1448 faeiat
609 1407 712 1449 eoram
748 1388 825 1450 Deo.
869 1388 899 1450 Si
931 1391 1011 1450 enim

85 1472 183 1552 digna
204 1490 265 1532 nou
290 1479 333 1532 est
357 1472 486 1532 alieuius
508 1474 570 1531 vita
593 1472 645 1532 tali
668 1472 881 1550 damnatione,
902 1475 1015 1553 poterit

84 1574 160 1616 sese
182 1574 286 1615 eoram
311 1554 376 1615 Deo
400 1557 508 1615 sistere
527 1563 558 1614 et
579 1555 702 1633 gloriari
725 1557 755 1615 in
769 1557 937 1616 vitaesuae
951 1554 1013 1636 dig·

85 1640 192 1700 nitate.
236 1637 298 1700 sed
321 1658 379 1699 vae
401 1639 623 1699 abominationi
645 1639 694 1697 isti
718 1638 1012 1717 abominatissimae,

85 1728 204 1802 quanto
236 1722 350 1801 impetu
385 1740 441 1783 nos
485 1721 563 1801 rapit
597 1721 627 1781 in
661 1729 823 1801 peceatum
858 1729 888 1782 et
916 1721 1013 1802 perdi-

84 1807 213 1865 tionem.

171 1887 298 1946 Revooo
332 1905 406 1966 ergo
437 1886 519 1947 huno
553 1885 712 1946 artioulum
746 1893 777 1947 et
806 1886 950 1947 moderor
981 1887 1012 1946 in

83 1971 170 2031 huno
190 1968 325 2033 modum.
353 1969 452 2030 Nemo
473 1988 537 2030 non
559 1971 745 2030 certissimus
768 1989 838 2031 esse
860 1968 960 2046 debet,
980 1988 1013 2030 se

85 2073 211 2134 semper
233 2052 402 2114 mortaliter
425 2070 571 2133 peecare,
593 2053 620 2112 si
641 2072 696 2113 sua
720 2055 783 2114 vita
804 2053 842 2113 ad
865 2051 1012 2113 iudioium

85 2138 147 2197 Dei
169 2137 367 2196 iustissimum
391 2142 601 2216 eomparatur,
625 2143 687 2196 tam
709 2137 823 2197 iniusta
845 2138 924 2196 enirn
948 2137 1012 2195 eius

86 2221 152 2281 vita
174 2220 348 2279 necessario
372 2225 434 2298 est,
456 2237 546 2297 quarn
575 2219 687 2279 iustum
711 2226 758 2279 est
777 2219 924 2280 iudioium
946 2219 1012 2297 Dei,

85 2323 194 2365 eoram
227 2321 287 2381 quo
316 2310 397 2362 stare
429 2304 497 2382 ipsa
519 2320 579 2362 non
612 2309 723 2382 potest.
773 2303 813 2380 At
845 2304 945 2383 ipsum
967 2310 1014 2363 est
1043 2317 1048 2326 ·

84 2386 297 2461 iustissimum,
321 2404 414 2464 quare
434 2385 495 2444 vita
518 2386 582 2445 eius
606 2393 652 2444 est
673 2386 881 2466 iniustissima,
905 2386 1012 2446 solius-

86 2489 148 2550 que
183 2466 449 2550 miserioordiael)
483 2467 656 2528 velamento
688 2468 856 2547 servanda,
889 2477 922 2528 ut
954 2476 1015 2529 stet

86 2552 203 2614 Paulus
224 2552 313 2613 Rom.
337 2553 382 2616 3.:
405 2551 445 2612 Ut
468 2550 641 2612 obstruatur
664 2570 756 2626 omne
768 2570 802 2612 os
815 2556 846 2615 et
859 2552 1012 2612 obnoxius

85 2637 148 2696 fiat·
165 2634 294 2695 mundus
319 2635 404 2711 Deo,
434 2642 464 2694 et
488 2637 541 2696 11:
570 2633 728 2694 Oouolusit
750 2636 853 2695 omnia
882 2634 938 2694 sub
967 2637 1012 2695 iu-

86 2719 277 2799 oredulitate,
302 2725 334 2778 ut
358 2719 493 2778 omnium
517 2719 704 2778 misereatur.

331 2884 576 2946 Tricesimus
598 2883 754 2944 sextus:

153 3017 292 3080 Liberum
317 3017 472 3079 arbitrium
498 3024 569 3098 post
590 3025 749 3098 peceatum
771 3037 819 3079 res
838 3024 884 3078 est
896 3017 933 3079 de
946 3019 1013 3080 solo

151 3103 251 3246 atla&
262 3109 293 3162 et
315 3102 385 3162 dum
408 3102 490 3179 facit,
513 3101 594 3181 qnod
616 3104 645 3162 in
670 3122 703 3162 se
724 3108 781 3182 est,
803 3109 914 3183 psooat
936 3121 1014 3163 mor-

172 3302 282 3365 lnfelix
305 3303 432 3363 liberum
456 3302 622 3382 arbitrium,
644 3303 741 3362 iustus
762 3300 894 3362 inbono
921 3322 1014 3384 opere

86 3393 200 3468 peooat
221 3386 399 3463 mortaliter,
422 3393 455 3445 ut
467 3384 608 3464 vidimus,
622 3393 652 3445 et
673 3387 773 3465 ipsum
795 3386 924 3446 iactatur
943 3396 1015 3448 ante

87 3470 234 3531 iustitiam
259 3468 374 3549 aliquid
398 3488 466 3530 esse
488 3475 518 3528 ot
540 3487 643 3549 posse.
687 3468 713 3529 0
737 3468 933 3530 damnatores
962 3472 1014 3530 mi·

145 3736 176 3805 *t
196 3736 299 3790 Psalm.
321 3737 381 3791 143.
436 3736 468 3805 1)
491 3735 520 3788 ln
540 3734 583 3788 sd.
604 3736 689 3803 orig.:
710 3737 909 3791 misericordia.

115 3842 207 3884 nunes
222 3853 273 3893 opp.
288 3843 314 3884 v.
330 3841 357 3880 A.
372 3841 408 3884 aa.
425 3842 465 3881 rer.
481 3841 530 3886 urst.
545 3842 560 3882 r.
574 3840 659 3891 p.v01.
674 3840 701 3885 v.
893 3811 933 3875 ib
