2392 4170
291 197 294 202 .
365 246 380 295 Δί
407 245 420 296 .’
460 244 737 306 vuettini-titum.
819 278 828 298 ’-
999 216 1074 316 375

143 419 244 476 uatum
268 416 418 480 eiusmodi
430 416 545 480 iaceret
565 425 597 480 et
607 420 811 482 eonscientiae
822 419 1012 501 illaquearet,
1037 428 1070 482 ut

143 507 190 560 aet
236 501 371 562 omnium
409 502 669 565 evidentissimum
706 502 826 587 (atatim
855 505 1068 566 enim-evane-
1186 559 1188 564 .

141 588 251 663 enaret,
273 585 299 644 si
321 585 417 647 tibera
437 585 516 648 haee
537 605 606 648 eene
629 593 785 667 putarent,
809 595 839 648 at
860 588 1066 649 eonscientiae

141 686 203 727 nan
226 667 388 748 tenerent).
432 670 526 731 Simul
550 669 809 731 evidentissimum
833 677 888 747 eat,
919 672 1067 737 eiusmodi

140 756 215 810 vota
237 769 306 811 asae
320 751 412 833 nulla,
434 752 549 834 illinita,
571 755 666 834 impia
691 760 724 816 et
746 753 916 834 Evangelia
929 745 1067 834 pugnanss
1093 831 1096 836 .

140 835 191 896 tia.
236 833 337 909 Quare
352 855 414 897 non
437 844 484 899 eat
494 837 721 916 disputandum,
742 839 794 919 pia
816 838 865 897 vet
887 838 982 918 impia
1003 840 1066 916 epi*

142 919 234 978 niune
256 921 388 999 voveris,
411 939 480 981 eum
503 930 617 983 eertum
641 923 689 997 eit,
711 923 821 1001 impiae
850 940 898 980 ree
921 941 939 981 a
962 927 992 981 te
1015 940 1067 981 vn-

141 1001 214 1063 veri.
259 1001 391 1063 Proinde
412 1002 567 1065 fidendum
587 1005 829 1085 eetEvaugetm,
852 1011 883 1064 et
904 1010 977 1066 vota
998 1005 1067 1080 iata,

140 1103 329 1164 quoeunque
347 1105 431 1165 nasu,
453 1107 637 1168 quoeunque
650 1090 764 1168 animo,
786 1106 970 1168 quoeunque
994 1093 1067 1149 tem·

139 1186 215 1248 pore
236 1169 357 1247 emissa,
381 1189 449 1234 uum
473 1177 540 1233 tota
554 1171 666 1233 fiducia
678 1171 849 1233 deserenda
871 1178 950 1245 aunt,
974 1177 1006 1232 et
1026 1170 1066 1232 ad

141 1250 312 1312 libertatem
334 1251 416 1314 fidei,
429 1253 621 1317 Christianae
647 1253 847 1319 redeundum.
890 1253 977 1314 Haee
999 1274 1068 1315 maa

139 1339 188 1396 eet*
206 1333 295 1396 firma
317 1340 347 1397 et
367 1336 539 1399 indubitata
556 1339 722 1419 sententia,
757 1337 796 1398 da
833 1357 894 1418 qua
916 1336 1066 1398 benedia'o

138 1424 170 1477 at
190 1419 306 1498 gratiae
328 1439 389 1500 ago
404 1419 624 1502 benignissimo
637 1421 793 1483 liberatori
805 1420 942 1483 Domino
960 1429 1066 1481 nostra

138 1501 213 1562 Jeeu
237 1502 348 1581 Crista,
372 1505 423 1582 qni
446 1508 494 1566 eat
515 1504 702 1578 benedietue‘
717 1507 747 1565 in
771 1504 1018 1582 saeula,‚Amen.

158 1620 161 1624 ⁴
206 1584 305 1646 ·Haee
334 1607 389 1666 pro
417 1593 559 1669 tempore
590 1589 629 1649 de
658 1590 830 1650 monastiea
858 1586 940 1648 votui
963 1580 1066 1647 dieara

137 1667 226 1748 ptura
247 1667 392 1751 diuturna,
416 1673 534 1751 siquis
561 1691 600 1733 aa
620 1673 793 1752 impetierit,
824 1688 999 1750 quanquam
1021 1671 1067 1730 sia
1172 1704 1179 1715 ·

137 1751 268 1813 arbitror
297 1754 402 1815 omnia
423 1753 587 1836 Seriptnrie
616 1763 649 1817 at
676 1753 845 1815 rationibus
873 1752 1066 1821 evidentibus

137 1836 263 1914 munita,
286 1839 506 1899 utnonaotum
520 1833 898 1918 pueeintadvereariorum
922 1856 958 1897 ne
980 1837 1066 1917 oppi-

136 1918 200 1979 lare
224 1915 326 2002 (qnod
347 1940 455 2000 parum
478 1923 647 2004 spectavi),
669 1921 723 1983 aad
745 1923 837 1982 etiam
861 1921 1065 1980 eonscientiae

135 1999 268 2064 fideliter
303 2023 377 2084 erga
404 2005 502 2066 Deum
520 2001 650 2087 'erigere
681 2013 712 2064 at
744 2023 869 2064 securae
896 2003 1008 2080 fauere,
1035 2001 1065 2062 id

136 2084 219 2163 qnod
247 2088 382 2149 maxime
411 2089 560 2169 spectavi.
603 2088 779 2168 lllaqueatie
811 2084 893 2148 enim
916 2085 1065 2148 diuturnis

136 2166 266 2246 tegibus,
290 2173 573 2252 consuetudinibus,
595 2173 728 2253 propriis
738 2170 906 2252 pavoribus
929 2175 960 2229 et
981 2188 1065 2230 earu·
1179 2237 1181 2242 ,

136 2248 226 2328 palia,
250 2249 363 2312 deiude
394 2258 565 2316 sanctitatis
597 2258 780 2333 autoritate,
812 2252 1004 2324 multitudine
1035 2259 1066 2312 et

136 2331 348 2411 magnitudine
370 2334 539 2413 hominum,
569 2339 703 2398 maxime
736 2357 808 2399 veru
832 2336 942 2397 divinis
964 2335 1065 2417 Sarip-

135 2415 210 2475 turie
234 2434 365 2478 erroneo
388 2437 481 2479 sensu
504 2419 821 2497 altissimeimbibitia‚
836 2420 927 2481 eante
950 2418 1064 2478 diffinit-

136 2498 240 2559 limum
264 2505 312 2560 eet
323 2498 439 2561 mederi
462 2504 493 2562 et
505 2500 676 2564 libertatem
700 2509 761 2562 tam
791 2502 903 2564 laetam
927 2507 989 2562 tam
1013 2501 1065 2561 de·

134 2583 265 2662 aparatia
283 2588 314 2644 et
323 2583 501 2646 iamdudum
515 2586 545 2645 in
559 2584 678 2645 interno
689 2584 857 2664 deploratis
871 2583 1066 2664 persuadere.
1081 2634 1086 2647 .

217 2663 299 2729 Nam
328 2673 360 2728 ut
387 2666 467 2742 haee
497 2673 688 2748 pugnantet
708 2667 897 2747 triumphent
918 2665 1065 2727 adversus
1174 2736 1183 2748 ‘

135 2748 249 2829 Papam
282 2755 312 2811 et
344 2770 414 2812 suaa
441 2751 637 2833 Synagogae‚
664 2747 815 2813 infinitum
843 2747 919 2810 illud
945 2746 1063 2825 Acade-

136 2832 275 2910 miarum,
304 2833 569 2911 Monaeteriorum,
606 2834 815 2913 collegiorum
848 2831 976 2911 vulgus,
1002 2850 1064 2891 non

136 2912 324 2996 magnopere
343 2917 475 2996 gaudeo.
520 2916 611 2993 Quid.
626 2918 707 2978 enim
730 2917 768 2978 ad
791 2935 859 2991 noa,
882 2913 996 2998 quidl)
1019 2933 1065 2976 aa·

134 2998 198 3078 piat
219 2998 370 3079 perditum
392 3000 453 3061 hue
475 3001 579 3082 Papae
600 3007 631 3061 et
653 2998 792 3081 peiorum
811 3000 977 3060 ‘turcarum
1000 3017 1064 3078 reg·

133 3100 223 3161 num,
241 3081 323 3161 quod
346 3082 524 3145 iamdudum
547 3082 747 3165 aantempaii.
765 3082 861 3145 Nubis
890 3082 951 3145 hou
974 3100 1065 3161 curae

133 3172 189 3244 est,
212 3171 246 3224 ut
267 3166 474 3229 eonscientiae
495 3167 677 3228 roboremus
700 3167 847 3236 adversus
864 3165 1009 3226 Satanan]
1033 3166 1064 3224 in

133 3245 211 3307 hora
233 3248 350 3327 mortis,
375 3257 406 3312 et
428 3270 552 3312 aeuuras
565 3249 729 3312 reddamus
752 3249 946 3311 anteFilinm
969 3248 1064 3309 homi·

132 3331 190 3391 uis.
233 3329 391 3392 Insaniant
406 3333 558 3416 heminae,
579 3341 646 3395 utut
660 3333 777 3408 volunt,
800 3335 829 3393 in
843 3339 941 3394 morte
956 3331 1063 3392 saltem
1093 3356 1097 3363 ·

133 3432 191 3474 noe
218 3413 391 3493 relinquent
418 3419 485 3479 aive
518 3418 588 3478 vieti
616 3418 682 3477 sive
712 3418 853 3478 viatores.
898 3418 938 3487 At
960 3433 1063 3475 eoram

132 3495 248 3557 Satana
269 3504 300 3557 et
310 3496 423 3561 iudiain
436 3500 494 3562 Dei
507 3502 574 3580 qnia
587 3500 741 3578 subsistet,
765 3500 823 3560 niai
835 3499 1011 3560 nartiasimie
1035 3504 1065 3556 et

132 3578 371 3641 evidentissimis
394 3583 499 3644 verbis
522 3583 579 3643 Dei
598 3584 729 3643 munitus
754 3584 873 3643 steterit
895 3601 988 3664 supra
1008 3598 1062 3660 pe·

187 3763 216 3834 1)
234 3763 266 3818 In
284 3761 332 3818 ed.
348 3761 456 3833 priora:
478 3762 562 3835 quod.
