2392 4170
131 238 173 308 52
334 238 538 298 condemnatio
557 239 698 296 Librorum
715 238 752 310 D.
770 237 805 296 ii
824 239 852 296 L.

131 415 251 476 fusione
273 415 407 491 nescire,
430 433 491 494 quo
513 420 593 474 statu
616 415 686 493 siut,
708 411 874 474 damnatae
896 430 936 474 an
957 409 1055 472 salva·

132 506 196 578 tae,
227 498 289 558 imo
312 498 370 557 sibi
392 495 533 558 videntur
555 497 614 557 iam
638 499 681 557 ire
703 498 734 556 in
758 495 989 558 damnationem
1023 501 1055 555 st

133 580 320 642 descendere
342 582 373 641 in
397 582 507 645 lacum.

215 664 249 744 8)
272 665 403 725 Animae
435 665 466 724 in
494 664 672 744 purgatorio
703 661 776 722 nihil
804 660 886 723 aliud
911 661 1056 739 sentiunt,

134 766 224 826 qoam
247 749 381 827 incipere
405 765 492 808 suom
516 746 755 826 damnationem,
777 746 836 806 uisi
858 742 941 824 quod
965 744 1058 804 senti·

135 838 189 890 unt
211 829 346 890 nondum
370 831 505 891 clausam
529 837 601 909 post
623 849 657 889 se
680 838 800 908 portam
822 827 920 889 inferi.

215 912 351 991 Utraque
368 914 474 974 harum
485 913 732 992 Propositiouum
757 921 805 972 est
825 911 914 986 laisa,
937 910 1056 990 piarum

112 1048 116 1059 .
135 998 252 1057 aurium
269 995 428 1072 offensiva,
452 997 609 1058 voluntate
633 1003 662 1054 et
678 995 927 1055 irrationabiliter
944 993 1057 1073 posita,

72 1093 85 1107 ²
136 1088 166 1139 el.
188 1080 279 1139 statui
303 1081 473 1140 animarum
497 1078 665 1158 purgatorii
690 1080 846 1138 iniuriosa.
939 1136 941 1140 .

220 1164 257 1239 9)
282 1161 396 1223 Omnes
418 1165 538 1223 animae
559 1165 589 1221 in
603 1163 812 1242 purgatorium
835 1157 1059 1220 descendentes

136 1253 205 1305 sunt
227 1246 425 1324 imperfectae
447 1245 518 1306 fidei
543 1264 596 1304 seu
619 1247 775 1323 sanitatis,
804 1245 866 1304 imo
889 1261 944 1322 per
966 1260 1058 1321 quan·

137 1338 320 1408 tamcunque
344 1330 531 1390 ablationem
551 1347 718 1408 poenarum
742 1347 804 1388 nou
827 1331 932 1387 essent
954 1344 1059 1405 sanae,

137 1413 193 1471 nisi
217 1413 299 1490 prius
322 1413 360 1472 ab
384 1413 427 1472 eis
451 1410 605 1472 auferatur
627 1419 798 1493 peccatum,
819 1410 849 1470 id
871 1417 928 1488 est,
950 1409 1061 1489 imper·

137 1495 228 1555 sectio
252 1493 332 1571 fidei,
356 1496 423 1575 spei
446 1503 476 1554 ει
498 1494 643 1555 caritatis.

219 1576 305 1638 Haeo
334 1579 524 1658 Propositio,
558 1586 704 1655 quantum
738 1575 776 1637 ad
812 1594 919 1636 omnes
946 1582 1060 1654 partes,

138 1669 184 1720 est
207 1660 284 1721 laisa
307 1670 338 1722 et
351 1664 510 1722 temerarie
532 1667 659 1737 asserta,
681 1679 718 1719 ao
734 1679 829 1719 sanae
842 1660 1059 1738 seripturarum

137 1743 359 1824 intelligentiae
381 1744 517 1807 dissona.

210 1858 212 1862 ’
303 1869 361 1934 Βε
383 1868 585 1936 Conciliis
608 1867 887 1955 generalibus.

226 1995 258 2068 l)
284 1990 343 2050 Via
365 1991 425 2050 iam
454 1989 543 2050 nobis
572 1990 653 2050 facta
680 1997 725 2048 est
754 1986 922 2048 enervandi
950 1984 1061 2046 autori·

141 2080 234 2134 tatem
259 2073 484 2149 Consiliorum,
520 2080 550 2133 et
578 2069 672 2134 libere
701 2069 932 2132 contradicendi
954 2087 1060 2130 eorum

138 2158 232 2235 gestis
255 2174 292 2215 ao
314 2155 467 2216 iudicandi
490 2175 595 2216 eorum
620 2155 751 2216 decreta.

223 2239 306 2298 liaeo
329 2239 519 2319 Propositio,
542 2242 566 2299 si
590 2239 663 2298 velit
685 2240 830 2318 scriptor,
853 2237 969 2296 licitum
992 2253 1060 2295 esse

141 2323 272 2401 cuipiam
297 2321 425 2383 Consilii
448 2323 575 2402 legitimi
600 2323 755 2382 autoritati
778 2320 1005 2398 contradicere,
1029 2319 1059 2377 iu

139 2407 193 2481 iis,
216 2424 295 2485 quae
319 2404 409 2465 lidem
435 2414 466 2466 et
488 2425 588 2466 mores
611 2412 819 2484 concernunt,
848 2412 895 2465 est
916 2402 1060 2463 schisma-

142 2490 203 2548 tica
225 2496 256 2548 et
276 2490 439 2553 haeretica.

226 2575 263 2645 2)
290 2572 411 2633 (lentum
442 2583 504 2646 est,
537 2573 616 2632 inter
643 2571 789 2632 articulos
811 2569 959 2632 Iohannis
980 2567 1060 2629 Huss

143 2655 191 2715 vel
214 2655 419 2717 Bohemorum
445 2654 557 2716 multos
581 2674 649 2715 esse
671 2655 762 2734 plane
785 2654 1060 2715 Christianissimos

142 2747 172 2799 el
186 2737 402 2819 Evangelioos,
426 2758 503 2818 quos
526 2758 587 2798 oon
605 2739 705 2818 possit
727 2738 906 2798 universalis
930 2735 1062 2797 ecclesia

141 2822 296 2887 damnare.

223 2904 308 2965 Haeo
322 2905 507 2985 Propositio,
531 2903 686 2983 loquendo
706 2904 743 2963 de
760 2904 894 2964 articulis
918 2902 1060 2965 condem·

142 2990 235 3065 uatis,
265 2988 303 3049 de
326 2987 434 3068 quibus
456 2988 586 3048 intendit
607 2989 752 3068 scriptor,
776 2994 823 3047 est
843 2987 937 3068 falsa,
968 2986 1062 3066 impia

143 3078 174 3132 et
195 3074 290 3133 sacris
313 3070 458 3132 Conciliis
481 3071 598 3133 iniuria.

224 3159 261 3233 3)
279 3156 331 3216 lsti
344 3156 404 3215 duo
422 3154 552 3215 articuli:
578 3155 666 3214 unica
689 3161 736 3214 est
756 3161 863 3215 sancta
880 3151 1059 3214 universalis

142 3237 292 3316 ecclesia,
321 3258 399 3318 quae
423 3244 470 3298 est
492 3237 788 3317 praedestinatorum
813 3238 1012 3313 universitas,
1035 3243 1063 3296 et

143 3322 322 3383 universalis
352 3327 460 3381 saneta
492 3320 622 3380 ecclesia
654 3328 770 3380 tantum
800 3328 847 3382 est
877 3340 952 3396 una,
986 3322 1062 3380 sicut

118 3413 256 3466 ,tantum
294 3412 340 3464 est
363 3423 440 3463 unus
473 3423 615 3463 numerus
646 3404 962 3483 praedestinatorum,
1001 3421 1061 3462 uon

142 3502 211 3549 sunt
232 3487 377 3551 Iohannis
396 3486 485 3565 Huss,
510 3487 563 3546 sed
586 3488 745 3567 Augustini
768 3507 860 3567 super
881 3486 1061 3549 Iohannem.

225 3570 312 3631 liaeo
333 3569 518 3651 Propositio,
541 3570 580 3630 ad
603 3570 793 3631 Hussilarum
816 3569 1063 3650 intelligentiam,

145 3710 182 3717 .-

214 3777 245 3849 i)
267 3777 296 3830 ln
315 3773 351 3830 ed
371 3777 427 3832 len.
447 3774 539 3831 deest:
559 3779 595 3830 st
