2392 4170
415 237 538 290 ttationis
557 235 737 292 Latomianue
755 246 806 293 etc.
988 308 991 315 Ι
1017 235 1080 302 449

162 392 222 448 non
253 387 331 449 bene
364 389 482 451 iecisse.
527 391 634 451 Melius
657 390 817 468 Paulus*)
840 391 934 471 ipse:
968 390 1080 453 Omnia¹

161 489 362 552 quaecunque
374 472 483 551 facitis,
506 475 571 533 sive
586 475 746 534 comeditis
758 476 823 535 sive
840 471 952 552 bibitis,
976 477 1080 536 omnia

160 555 188 613 in
210 556 336 616 nomine
359 555 481 616 Domini
503 559 600 617 nostri
622 557 689 618 Iesu
713 557 824 619 christi
846 557 945 621 facite.
973 557 1079 620 Uom-

160 638 259 699 aunis
292 640 355 698 vita
385 640 455 699 iusti
490 659 551 701 non
582 649 628 700 est
660 641 718 700 nisi
751 659 835 701 mera
862 639 944 701 bona
975 656 1078 722 opere.

159 719 266 800 Neque
300 721 380 781 enim
410 741 501 783 unam
535 723 679 805 ungulam
715 723 858 804 relinquit
877 722 1014 785 Christus
1047 727 1078 785 in

159 805 303 884 Aegypto
327 803 365 864 de
387 805 497 866 oribus
520 808 592 867 suis.
635 806 726 881 Quod
751 806 838 885 dico,
860 814 893 867 ut
915 805 1079 886 Sophistae

158 884 273 964 sciant,
306 896 431 949 sanctos
460 888 565 949 Patres
601 898 633 950 nt
668 889 833 969 aliquando
861 899 1078 970 peceaverunt,
1162 924 1165 929 <

159 969 242 1050 quod
258 969 405 1031 Letomus
428 972 540 1052 probat
561 992 601 1032 ex
612 971 802 1053 Hieronymo
816 992 880 1053 per
900 973 1077 1055 exemplum

158 1051 268 1129 David,
293 1054 336 1115 ita
357 1055 524 1134 aliquando
547 1075 666 1117 errasse
688 1074 820 1136 quoque,
843 1055 925 1136 quod
947 1074 1006 1138 ego
1028 1057 1078 1118 hic

160 1136 188 1197 iu
201 1134 392 1216 Hieronymo
414 1138 523 1218 probo.
556 1138 688 1200 Proinde
711 1141 827 1220 optime
847 1139 950 1201 valere
971 1158 1077 1201 eorum

158 1220 355 1296 autoritates,
394 1220 518 1301 quando
546 1221 709 1303 Scriptnris
737 1221 904 1283 manifestis
934 1224 1078 1300 nituntur,

158 1304 183 1362 si
203 1321 312 1381 seona,
343 1323 382 1363 ne
411 1305 483 1365 mitri
508 1314 633 1386 crepent
663 1312 695 1366 et
725 1307 840 1366 iactent
866 1324 935 1366 sese
957 1308 1078 1384 vicisse,

158 1385 240 1465 quod
269 1388 417 1447 autoritas
453 1388 622 1468 cuiuspiam
650 1388 753 1451 Sancti
782 1388 821 1448 ab
854 1406 960 1450 eorum
991 1397 1078 1470 parte

157 1470 283 1533 steterit.
325 1469 357 1529 ln
375 1473 575 1533 contentione
602 1490 725 1551 sumus,
759 1471 810 1552 nbi
837 1470 946 1532 divinis
978 1473 1077 1552 iisque

157 1553 246 1613 certis
270 1560 300 1612 et
322 1552 513 1615 evidentibus
535 1553 692 1614 nitendum
714 1561 762 1615 est
782 1555 974 1618 testimoniis.
1015 1554 1075 1616 Hu-

132 1655 250 1727 ¹triana
274 1654 345 1697 vero
368 1636 491 1698 valeant
508 1639 538 1697 in
555 1637 696 1700 familiari
707 1637 907 1717 persuasione
929 1647 959 1698 et
980 1656 1078 1720 popu·

138 1718 213 1780 tari
236 1721 396 1782 concione.

238 1801 300 1864 sed
323 1804 395 1882 quia
414 1803 541 1864 Paulum
565 1821 620 1883 pro
642 1802 785 1884 exemplo
811 1807 912 1884 ponit,
934 1806 987 1884 qui
1009 1807 1075 1866 sine

157 1891 285 1966 peccato
308 1886 423 1947 bouum
445 1905 523 1967 opus
540 1886 654 1963 fecerit,
677 1892 828 1946 tentemus
851 1895 882 1947 et
904 1905 961 1947 nos
984 1887 1074 1949 istam

156 1970 427 2049 prosopopoeiam.
472 1968 587 2030 Demus
616 1970 720 2047 iteque
743 1968 773 2034 S.
796 1969 923 2031 Panium
948 1970 996 2031 vei
1017 1971 1075 2032 Pe·

156 2060 233 2112 trum
257 2053 323 2111 sive
344 2062 482 2112 orantem
497 2055 561 2113 sive
577 2052 751 2132 docentem,
773 2053 838 2114 sive
859 2053 942 2114 aliud
961 2053 1074 2115 bonum

158 2153 235 2217 opus
257 2143 446 2214 operantem.
490 2135 521 2198 ei
544 2144 590 2196 est
612 2155 690 2218 opus
714 2136 827 2198 bonurn
849 2138 916 2199 sine
944 2146 1075 2219 peccato

158 2226 187 2278 et
209 2217 327 2296 absque
351 2220 434 2279 omni
458 2220 542 2299 vitio,
566 2226 669 2300 potest
689 2220 757 2300 ipse
778 2229 859 2282 stare
881 2238 950 2282 curn
973 2219 1076 2282 debite

157 2300 326 2376 bumilitate
349 2320 453 2362 coram
476 2303 562 2386 Deo,
591 2310 621 2363 et
643 2302 746 2363 dicere
762 2303 827 2364 >hoo
850 2304 958 2366 modo:
996 2302 1078 2366 Ecce

157 2383 288 2446 Domine
311 2385 410 2462 Deus,
445 2386 505 2446 hoo
533 2405 610 2466 opus
640 2386 753 2455 bonum
786 2407 840 2466 per
868 2397 939 2450 tuae
960 2389 1079 2468 gratiae

156 2467 303 2529 auxilium
327 2467 400 2546 ieci,
435 2489 497 2529 non
521 2475 568 2529 est
589 2470 619 2528 in
642 2487 680 2529 eo
702 2470 808 2529 vitium
837 2478 889 2530 aut
916 2479 1077 2550 peccatum

158 2551 261 2630 ulium,
284 2570 342 2611 nec
356 2551 472 2632 indiget
488 2560 540 2612 tue
552 2551 761 2613 misericordia
773 2554 965 2633 ignoscente,
985 2572 1077 2634 quam
1110 2630 1112 2633 Ι
1191 2549 1195 2572 ²

157 2653 248 2716 super
284 2654 322 2695 eo
359 2654 418 2695 nec
444 2637 534 2716 peto,
569 2634 680 2695 deinde
707 2635 795 2713 volo,
829 2642 862 2695 ut
889 2635 1001 2697 iudicio
1024 2645 1077 2697 tuo

157 2719 316 2778 verissimo
353 2725 384 2780 et
415 2720 608 2778 strictissimo
642 2721 741 2797 ipsum
776 2717 902 2781 indices.
950 2719 983 2779 In
1017 2720 1079 2780 hoc

156 2803 235 2862 euim
259 2801 383 2881 gloriari
406 2820 510 2862 coram
534 2809 564 2862 te
586 2820 723 2882 possum,
744 2801 827 2880 quod
844 2820 901 2862 nec
923 2811 954 2864 tn
976 2803 1077 2883 possis

157 2883 230 2945 illud
254 2885 431 2967 damnare,
450 2904 519 2945 cum
553 2885 594 2944 sis
618 2887 715 2945 iustus
736 2893 768 2946 et
791 2904 901 2964 verax,
920 2887 997 2946 'imo
1020 2887 1077 2947 nisi

157 2969 302 3049 teipsum
322 2987 427 3049 neges,
452 2987 513 3028 non
530 2967 701 3047 damnabis,
715 2974 816 3030 certus
832 2988 910 3048 sum,
932 2989 994 3030 non
1016 2970 1078 3031 iam

124 3116 128 3124 ¹
157 3069 233 3133 opus
264 3051 491 3132 misericordia,
526 3070 605 3132 quaa
631 3052 764 3112 remittat
796 3051 930 3113 debiturn
958 3054 987 3113 in
1016 3053 1076 3115 isto

156 3153 260 3216 opere,
283 3135 362 3195 sicut
384 3137 483 3196 oratio
507 3143 559 3195 tna
577 3134 688 3214 docet,
710 3146 860 3197 evacuate
882 3137 932 3197 hic
953 3146 999 3196 est
1022 3138 1077 3197 uti-

155 3235 224 3299 que,
249 3216 303 3277 sed
326 3225 443 3279 tantum
466 3219 589 3296 iustitia,
611 3236 691 3297 quae
713 3226 850 3280 coronet.
907 3216 910 3221 ⁴
981 3240 983 3244 ⁴

236 3300 438 3362 Horrescisne
474 3311 505 3362 et
532 3301 640 3381 sudas,
673 3300 824 3362 Latome?
860 3303 937 3363 haec
973 3305 1078 3364 omnio

154 3404 258 3464 posse,
279 3386 342 3446 imo
366 3384 476 3447 debere
499 3384 558 3444 dici
582 3404 602 3444 a
623 3384 675 3445 tali
695 3385 857 3446 institiario
880 3394 997 3447 certum
1019 3395 1076 3465 est,

154 3470 225 3550 quia
253 3469 412 3529 veritatem
440 3467 531 3529 debet
554 3467 671 3546 dicere,
705 3469 840 3542 maxime
871 3487 974 3530 coram
998 3469 1076 3548 Deo,

153 3553 356 3632 nequeenim
379 3559 505 3633 propter
527 3551 627 3612 Deum
650 3550 742 3613 debet
764 3553 893 3615 mentiri.
935 3554 980 3623 ,At
1003 3555 1077 3615 veri·

226 3727 239 3756 *
279 3721 339 3779 Col.
361 3725 386 3781 3.
887 3739 889 3744 ·

200 3723 293 3872 lantbert
306 3841 358 3881 opp.
373 3829 399 3873 V·
414 3830 442 3869 A.
456 3827 485 3870 cd
509 3826 550 3868 ref.
564 3828 614 3872 hist.
628 3827 644 3868 i.
658 3839 681 3879 p.
694 3827 744 3871 Vol.
757 3827 785 3870 v.
869 3792 909 3857 29
1072 3784 1087 3813 ⁰
