2392 4170
413 241 535 295 Rationis
554 241 730 298 Latominnaa
748 251 798 296 etc.
991 238 1063 305 ’515

144 398 220 456 sime
250 394 328 455 dixi:
368 395 457 458 *Sicut
484 398 550 457 sine
575 416 667 458 carne
693 415 754 456 non
785 415 906 470 sumus,
934 396 977 457 its
998 396 1063 456 sine

141 498 235 545 earne
258 499 319 538 non
345 499 522 561 operamur,
552 482 594 541 ita
623 500 681 541 nec
704 481 769 541 sine
793 481 872 540 vitiis
894 480 994 540 carnis
1016 499 1062 538 su·

142 582 219 640 mus,
243 582 301 623 nec
311 564 431 624 sinecis
443 584 615 644 operamur,
625 562 1060 641 utlongeinsulsissimebato·

141 666 208 706 mus
232 665 271 706 ex
289 647 462 725 particulari
485 648 533 709 vel
551 648 698 726 singulari
721 647 919 726 syllogisarit,
939 646 1063 724 quando

141 730 187 789 sic
196 730 311 808 arguit:
336 730 510 810 Aliquando
524 733 628 815 passio
640 731 778 810 quiescit,
802 749 875 809 ergo
891 737 1012 791 nonest
1033 731 1062 788 in

140 814 226 876 omni
249 832 342 892 opere
365 813 446 873 bono
469 822 639 894 peccatum,
663 816 714 892 qui
735 813 837 873 dicere
859 812 979 873 debuit:
1003 813 1063 873 Ali·

142 896 266 975 quando
290 916 398 957 omnes
421 899 597 975 quieseunt,
632 907 662 958 et
684 904 781 958 totum
812 904 973 976 peecatum
996 895 1064 956 dor·

141 980 239 1055 mitat,
262 979 343 1058 quod
369 987 414 1041 est
437 980 643 1060 impossibile3
666 982 737 1060 quia
753 999 826 1040 caro
848 999 896 1040 res
914 981 985 1040 viva
1007 985 1064 1053 est,

141 1064 172 1124 in
195 1063 320 1123 assiduo
344 1073 428 1124 motu
451 1073 507 1140 est,
530 1066 581 1144 qui
604 1072 738 1124 mutatur
757 1065 882 1124 mutatis
905 1062 1041 1125 obiectis.

224 1147 258 1207 ln
282 1165 392 1208 somno
416 1167 489 1210 vero
513 1149 594 1227 quod
619 1167 679 1208 non
704 1154 863 1225 peecatum
886 1148 940 1223 sit,
972 1147 1063 1206 'etiam

141 1230 260 1309 gratiae
283 1230 339 1290 Dei
358 1238 414 1308 est,
439 1251 499 1291 non
516 1239 651 1306 naturae,
674 1237 835 1311 peccatum
850 1228 968 1289 scilicet
981 1228 1063 1288 dam·

142 1311 245 1373 nabile
268 1333 329 1374 non
353 1321 399 1373 est
421 1313 480 1388 ibi,
504 1335 561 1375 nec
583 1314 700 1388 obstat,
736 1312 818 1393 quod
841 1331 914 1372 usus
937 1312 1064 1372 rationis

142 1415 205 1456 non
227 1396 316 1458 adsit.
360 1397 522 1458 Peccatum
545 1406 609 1474 est,
644 1397 726 1475 quod
749 1415 825 1476 pure
847 1395 980 1456 dormire
1002 1413 1064 1455 non

142 1497 316 1559 possumus.
362 1480 463 1556 Quare
487 1501 547 1541 non
569 1483 736 1540 mansimus
758 1481 789 1540 in
811 1478 1012 1553 rectitudine,
1034 1479 1064 1538 in
1106 1481 1109 1484 ⁴
1186 1556 1192 1573 ἢ

131 1581 205 1642 >qua
226 1583 301 1642 pure
331 1563 464 1623 dormire
496 1572 526 1622 et
549 1566 653 1624 omnia
675 1561 795 1643 pura1)
819 1562 922 1622 lacera
943 1567 1062 1641 potera-

143 1645 233 1706 mus?
270 1647 339 1708 Non
373 1656 501 1707 excusat
534 1648 649 1708 ebrium
687 1667 743 1707 sua
766 1646 914 1722 ebrietas,
943 1643 1063 1721 siquid

142 1749 198 1810 per
219 1749 286 1790 eam
310 1739 435 1808 peccat3
458 1749 511 1790 cur
534 1750 595 1792 non
616 1731 782 1809 permansit
798 1726 940 1790 sobrius?
963 1727 1064 1803 Quare

143 1811 216 1873 nihil
239 1812 328 1872 nobis
351 1822 456 1873 nostra
479 1816 577 1892 gratia
599 1813 789 1893 indulgetur,
818 1810 890 1870 nihil
914 1830 953 1870 ex
976 1808 1065 1871 nobis

142 1895 289 1966 mundum
312 1902 368 1975 est,
391 1897 445 1956 sed
469 1917 508 1956 ex
531 1896 598 1957 sola
622 1898 721 1975 gratia
737 1902 776 1956 at
797 1895 880 1955 dono
894 1894 961 1956 Dei.
986 1893 1066 1969 Quid

142 1986 273 2039 excusat
293 1980 440 2059 parvulos
462 1999 523 2041 non
547 1980 733 2059 baptisatos,
766 1976 849 2057 quod
881 1976 1068 2038 damnantur

140 2061 170 2120 in
194 2062 377 2122 aeternum?

207 2144 331 2206 >Gratia
353 2146 420 2205 Deo
443 2166 498 2223 per
520 2147 621 2206 lesum
645 2146 798 2207 Christum
822 2144 987 2204 Dominum
1012 2161 1064 2202 no-

139 2235 245 2289 strum.
291 2228 413 2288 Gratias
436 2231 499 2307 agit
521 2230 632 2289 Paulus
656 2248 717 2289 non
738 2248 813 2289 suae
835 2227 986 2299 iustitiae,
1011 2225 1066 2286 sed

139 2312 330 2372 misericordi
355 2312 440 2388 Deo,
472 2312 565 2391 idque
587 2332 642 2391 per
663 2312 763 2372 lesum
786 2311 938 2371 Christum
963 2309 1066 2369 Domi·

139 2414 213 2454 num
236 2402 384 2458 nostrum.
437 2395 526 2455 Hunc
561 2397 641 2454 enim
681 2414 802 2474 semper
835 2393 965 2474 opponit
987 2392 1066 2465 Deo,

141 2478 198 2538 sub
220 2478 309 2538 buius
332 2478 388 2539 alis
412 2498 481 2537 sese
510 2477 686 2552 abscondit,
722 2479 753 2536 in
784 2478 872 2536 huius
900 2475 1000 2553 gratia
1027 2474 1065 2534 de

142 2562 241 2640 gratia
263 2568 294 2620 et
316 2560 399 2621 dono
422 2561 479 2620 Dei
502 2560 617 2640 gaudet
645 2568 674 2619 et
697 2560 854 2637 gloriatur.
898 2557 993 2637 Optat
1015 2576 1065 2617 au·

142 2650 204 2703 tem
228 2643 348 2704 liberari
372 2643 410 2704 ab
433 2646 492 2704 isto
517 2662 657 2723 corpore.
702 2643 771 2703 Non
801 2643 881 2701 enirn
910 2641 969 2713 ait,
999 2641 1066 2718 quis

141 2746 192 2786 me
213 2726 353 2787 liberabit
373 2748 392 2787 a
414 2735 511 2786 morte
535 2727 673 2804 corporis
695 2727 794 2799 buius,
817 2723 871 2784 sed
894 2743 912 2782 a
936 2741 1066 2801 corpore

142 2811 249 2871 mortis
271 2810 368 2871 buius.
413 2809 493 2885 Quia
521 2809 611 2885 vidit,
646 2810 675 2868 in
699 2809 757 2868 bac
790 2809 853 2867 vita
886 2825 946 2865 non
970 2807 1066 2885 possi-

141 2889 236 2954 bilem
250 2893 486 2953 lovaniensium
505 2893 689 2953 Sanctorum
706 2891 896 2963 munditiam,
919 2896 950 2948 et
964 2895 1065 2948 tamen

142 2974 274 3036 mundus
297 2995 365 3035 esse
389 2983 490 3055 optat,
521 2974 591 3035 ideo
614 2976 690 3034 muri
710 2982 805 3054 optat.
850 2973 917 3032 Hoc
940 2969 1065 3031 verbum

141 3059 254 3139 impius
278 3078 338 3117 non
358 3059 440 3136 dicit,
462 3066 525 3137 aut,
549 3059 574 3117 si
597 3057 680 3129 dicit,
702 3077 763 3118 non
786 3058 845 3116 hac
867 3074 961 3115 cause
984 3053 1066 3113 dicit.

142 3141 211 3203 Non
235 3142 315 3200 enim
340 3150 465 3221 propter
481 3161 613 3220 poenam
638 3141 683 3200 sic
699 3140 897 3213 exclamaret,
920 3138 965 3197 sic
987 3155 1065 3197 mor·

141 3232 203 3285 tem
228 3225 402 3301 invocaret,
435 3224 488 3285 sed
513 3230 674 3303 peccatum
704 3243 772 3283 eum
796 3222 941 3282 molestat
962 3220 1067 3280 nimio.

143 3307 239 3367 Vides
276 3325 349 3385 ergo
383 3309 464 3367 hunc
501 3307 618 3366 locum>
639 3306 845 3366 Sanctissimis
890 3305 1065 3379 convenire,

143 3409 260 3468 eosque
282 3390 344 3469 pati
375 3397 534 3468 peecatum
567 3390 749 3449 indomitum
773 3395 803 3448 et
835 3388 999 3459 furiosum,
1035 3395 1067 3445 ut

143 3473 298 3533 diseamus
319 3472 374 3532 Dei
397 3475 526 3552 gratiam
550 3492 611 3532 non
626 3478 793 3532 extenuare
816 3471 989 3530 extenuatis
1013 3487 1065 3528 no-

143 3557 214 3617 stris
237 3556 336 3631 malis,
358 3555 501 3634 negando
526 3577 563 3615 ea
585 3563 715 3635 peecata
736 3573 817 3633 esse,
840 3573 895 3633 per
917 3552 1065 3612 humanas

145 3697 222 3705 —a-v-
228 3696 340 3702 -——----
531 3694 565 3700 ου-

218 3747 247 3811 1)
269 3743 300 3803 In
322 3696 368 3800 ed
384 3695 462 3798 darn:
476 3694 560 3817 pure.

781 3766 853 3881 33⁸⁵
