2392 4170
442 269 574 330 ministris
591 271 734 332 ecclcsiae.
990 270 1054 353 abt

131 437 170 500 ιιι
192 443 223 499 ct
243 436 333 519 pallis
356 438 456 498 aureis
487 438 581 518 longe
615 436 860 517 indignissimum
885 444 915 500 et
936 437 1056 501 alicnis·

131 523 251 587 simum.
279 522 392 583 Verum
415 521 475 583 hoc
497 523 623 602 pulchre
647 541 701 582 εοι
724 522 821 598 decet,
844 529 876 583 ιιι
898 522 969 585 loco
992 523 1056 583 ani·

133 625 250 667 marum
273 605 429 687 baptisent
449 606 578 686 lapides,
602 605 709 666 altaria
733 612 953 686 etcampanas,
976 626 1054 668 mor·

132 696 199 750 tuas
227 689 296 750 illas
319 695 349 750 ει
375 690 559 751 inanimatas
593 709 662 762 ιει,Ι
690 697 751 748 tarn
783 708 912 769 capaces
945 690 1056 771 baptis·

132 774 237 850 matis,
267 791 356 851 quam
380 774 437 852 ipsi
460 779 530 833 sunt
554 774 700 835 veritatis.
743 771 843 833 Tanta
871 774 947 833 iuris
979 774 1056 836 baec

131 864 179 917 est
200 862 231 917 et
253 857 396 933 amentia,
419 861 461 932 ut,
484 858 510 916 si
532 863 619 916 extra
641 857 753 916 serium
784 864 905 936 spectes
928 857 1055 938 Episco-

132 960 203 1020 pum
226 939 300 1000 talia
321 939 493 1016 ludentem,
523 959 596 1020 prae
617 940 679 999 risu
702 938 843 1000 fatiscere
865 959 944 1020 pene
967 958 1056 1019 opor·

132 1030 210 1104 teat3
232 1028 264 1083 at
285 1024 312 1083 si
333 1025 440 1104 spiritu
461 1023 670 1104 blasphemias
693 1022 886 1103 consideres,
916 1022 1055 1164 indigna-

132 1107 216 1168 tione
238 1108 336 1186 rumpi
359 1125 464 1187 queas

215 1189 359 1269 Eligitur
381 1189 434 1249 ulli
457 1188 588 1281 negandi
612 1195 683 1249 sunt
705 1208 773 1250 csse
787 1189 976 1270 sacerdotes,
994 1211 1055 1252 ma·

130 1261 214 1334 xime
235 1272 369 1353 negandi
392 1281 462 1334 sunt
474 1269 535 1350 illi,
560 1292 637 1352 quos
660 1274 802 1352 papisticl
825 1273 947 1334 ordines
977 1294 1056 1342 unit·

131 1362 228 1418 erunt.
287 1355 365 1416 Nam
400 1376 439 1416 ex
462 1355 625 1438 praedictis
658 1357 732 1416 satis
761 1363 884 1416 constat
911 1376 966 1418 εοι
995 1357 1056 1419 hoo

132 1440 225 1520 plane
246 1439 330 1500 nullo
354 1440 448 1500 modo
471 1459 580 1520 agere
615 1446 648 1498 ut
677 1440 830 1499 ministros
859 1439 942 1500 verbi
978 1440 1056 1501 ordi·

133 1530 223 1601 nent,
195 1520 314 1583 tscd
342 1528 458 1582 tantum
489 1522 642 1584 sacrifices
665 1522 823 1583 Missarum
848 1528 879 1583 ει
900 1524 1056 1585 auditores

133 1571 355 1668 condientium.
409 1605 520 1684 Neque
551 1608 632 1666 enim
671 1604 752 1666 aliud
791 1625 883 1685 agere
915 1613 1055 1686 possunt,

134 1707 224 1768 quam
247 1687 277 1748 id
301 1687 382 1768 quod
408 1691 574 1750 exanimo
598 1688 761 1749 intendunt
783 1708 891 1769 agere,
915 1690 976 1751 hoc
998 1699 1055 1767 est,

133 1791 195 1832 non
219 1778 335 1848 curant,
357 1778 390 1830 ut
414 1770 545 1832 docendi
561 1770 642 1832 off
606 1791 707 1846 crum,
730 1772 824 1831 sedu
828 1736 1055 1834 tsacrificsndi

133 1860 164 1915 ει
186 1860 315 1934 peccata
338 1853 483 1916 audiendi
506 1859 691 1934 potestatem
720 1873 778 1914 con
782 1855 889 1918 f.erant
934 1846 1002 1932 Qua
1023 1877 1056 1917 re

133 1956 192 1998 uec
212 1936 276 1998 fleri
300 1944 413 2017 potest,
435 1944 468 1997 ut
489 1936 572 1998 aliud
595 1937 764 2001 obtineant
796 1938 837 1997 At
858 1957 928 1998 curn
951 1939 1054 2001 certis·

133 2022 243 2081 simum
273 2022 326 2096 ιιι,
360 2021 483 2081 Missam
519 2041 581 2080 non
611 2040 680 2080 esse
713 2020 912 2099 sacrificium,
945 2021 1056 2082 deindo
1155 2041 1156 2045 ’

133 2102 359 2166 confessionem
383 2124 461 2182 eam,
485 2123 575 2185 quam
592 2110 787 2184 praeceptam
801 2103 917 2181 volunt,
940 2105 1054 2165 nullam

133 2207 217 2266 csse,
245 2195 405 2267 utrumque
427 2197 528 2248 autern
552 2189 591 2248 sit
614 2188 778 2247 humanum
812 2194 841 2246 ει
872 2188 1056 2267 sacrilegum

132 2271 288 2330 inventum
312 2276 342 2329 et
365 2272 574 2348 mendacium,
598 2271 689 2351 plane
713 2271 865 2350 sequitur,
900 2290 956 2351 per
977 2271 1059 2334 ordi·

134 2373 188 2413 nes
210 2352 280 2412 illos
302 2371 408 2412 sacros
431 2355 585 2413 neminem
607 2353 672 2413 lieri
696 2373 799 2413 coram
824 2355 891 2415 Dec
923 2361 975 2414 aut
1009 2374 1058 2415 sa-

133 2435 289 2497 cerdotem
313 2441 366 2494 aut
389 2436 574 2513 ministrum,
605 2435 659 2494 sed
683 2455 796 2495 meram
827 2436 941 2496 larvam
965 2457 1060 2516 qusn-
1087 2446 1093 2454 '

134 2519 203 2580 dam
226 2516 379 2579 mendacii
402 2525 432 2579 ct
454 2519 612 2596 vanitatis,
636 2523 669 2577 ut
690 2517 838 2596 offerant,
870 2519 919 2579 ubi
942 2520 1058 2580 nullum

134 2608 181 2664 esi
203 2600 397 2681 sacrificium,
421 2608 451 2662 ει
473 2601 645 2679 absolvant,
668 2599 719 2661 ubi
741 2601 842 2661 nullus
857 2600 949 2662 debet
972 2621 1059 2663 accu-

134 2686 213 2765 sari,
237 2684 321 2745 velut
341 2685 410 2763 ille,
444 2686 494 2764 qui
526 2686 557 2744 in
591 2703 690 2744 vacuo
723 2683 843 2744 theatro
878 2683 998 2746 ridebat
1030 2692 1061 2747 et

133 2733 293 2850 gestiebat.

218 2851 302 2912 Haec
324 2851 428 2929 itaque
451 2857 538 2928 sunt,
572 2868 652 2928 quae
682 2869 744 2909 non
772 2848 871 2908 solum
903 2869 960 2910 vos
983 2850 1059 2912 Boe·
1095 2846 1099 2853 ’

134 2952 211 3011 ιιιοι,
233 2933 286 2994 sed
310 2933 402 3014 plane
426 2933 529 2994 omnia
551 2934 601 3012 pia
623 2932 717 2992 corda
739 2933 847 3008 merito
816 2931 982 2994 tdcbent
996 2954 1058 2994 mo·

134 3036 215 3091 vere,
239 3021 272 3076 ut
293 3017 413 3094 quidvis
433 3016 515 3076 aliud
539 3017 711 3096 patiantur,
734 3035 826 3094 quam
848 3015 915 3075 istis
938 3016 1059 3077 sacrile-

134 3100 181 3180 gis
205 3097 362 3160 ordinibus
385 3099 512 3164 foedari.
556 3099 657 3178 Atque
680 3100 711 3178 ii,
735 3100 784 3177 qui
807 3098 956 3159 hactenus
979 3099 1059 3160 ordi·
1104 3160 1111 3171 ,

133 3184 195 3243 nati
218 3188 298 3260 sunt,
322 3182 457 3262 doleant,
481 3201 550 3244 sese
572 3184 616 3243 sic
638 3181 732 3242 fuisse
754 3201 808 3260 per
831 3182 982 3245 mendacii
1003 3183 1059 3243 lar-

134 3285 188 3325 vas
211 3265 327 3332 illusos
355 3264 434 3325 Nam
458 3267 484 3327 si
505 3284 638 3343 unquam
663 3263 918 3346 consecraruntl)
942 3272 994 3325 aut
1016 3266 1058 3326 of

136 3348 236 3408 licium
267 3349 394 3408 ministri
423 3349 624 3409 ecclesiastici
659 3349 875 3426 expleverunt,
911 3348 942 3408 id
975 3356 1059 3409 certe
1152 3370 1156 3389 ·

134 3451 195 3491 ιιοο
222 3416 332 3491 virtute
354 3432 432 3491 sacri
456 3431 572 3492 ordinis
594 3431 659 3507 sui,
689 3432 739 3510 qui
767 3438 815 3492 est
836 3451 952 3492 merum
976 3452 1058 3492 men·

134 3514 256 3575 dacium
279 3515 339 3574 et
331 3516 429 3575 ιιιιιιο
453 3516 526 3586 Dei,
547 3514 703 3594 iecerunt,
727 3514 781 3574 sed
804 3515 913 3575 virtute
936 3515 1006 3575 fidei
1028 3522 1060 3574 et

134 3599 256 3679 spiritus
279 3596 440 3675 ecclesiae,
463 3617 543 3677 quac
565 3617 619 3659 eos
641 3599 671 3657 in
693 3559 765 3659 ioco
788 3598 947 3659 ministerii
971 3598 1059 3658 buius

205 3781 237 3853 1)
258 3783 289 3835 ln
307 3779 351 3837 cd.
372 3781 444 3837 lem:
463 3787 733 3843 consecraverunt...
757 3832 760 3837 .
965 3826 993 3847 ,.
