2392 4170
149 232 211 305 186
505 240 549 297 De
566 240 732 314 abroganda

150 402 255 466 stituit.
299 403 340 466 ut
359 403 417 468 bos
438 406 549 470 initiari
577 409 675 471 sensit
701 427 808 471 rasura
840 408 964 490 ospitis,
998 429 1071 473 unu·

149 488 235 550 tione
260 486 423 569 digitorum
445 498 477 552 at
497 499 583 554 veste
605 493 713 574 longa,
734 491 854 574 flugeus
881 493 1070 558 indalibilem

149 572 355 634 obaraoterem
390 594 459 636 sese
489 576 632 638 cordibus
669 579 861 656 imprimere,
888 578 940 658 qui
966 581 1071 658 potius

149 661 196 717 ast
218 656 376 719 oharaoter
396 659 448 720 ille
469 659 587 722 bestiae
606 662 637 721 iu
661 661 859 741 Apocalypsi.
902 661 949 722 lta
970 682 1070 727 saser-

150 738 252 803 dotem
276 743 458 823 papistioum
488 764 557 805 esse
588 764 650 805 non
679 751 726 805 est
754 744 959 805 Christianum
988 767 1070 828 esse,

149 824 253 886 sordet
275 827 355 887 euim
378 827 438 887 hoo
459 846 571 889 nomen
595 828 774 889 vilissimum
796 829 991 891 eanensstmo
1013 831 1070 907 illi,

147 909 203 971 sad
225 910 380 986 clericum,
413 918 547 992 unctum,
579 932 692 989 rasum,
728 912 1000 975 oharaoterisutum
1036 924 1069 978 st

145 994 225 1057 bens
256 995 399 1056 vestitum
430 1014 509 1057 esse.
562 996 602 1057 ldt
635 996 714 1056 haee
743 997 894 1056 institutio
938 1004 1069 1061 voratur

145 1077 300 1140 ordinatio
322 1097 376 1139 seu
400 1082 605 1159 consecratio,
639 1100 731 1140 uuum
756 1078 794 1140 de
817 1085 934 1158 septem
963 1101 1067 1144 saara·

145 1164 272 1238 mentis,
294 1162 388 1243 louge
409 1162 562 1242 baptismo
586 1163 801 1227 venerabilius.
843 1163 907 1224 Lex
928 1165 995 1226 eius
1020 1174 1067 1230 est
1133 1218 1137 1227 .

143 1246 191 1309 ius
215 1246 290 1307 illud
313 1248 493 1308 oanouioum
516 1250 725 1325 sacerrimum,
757 1248 788 1307 in
812 1265 873 1325 quo
907 1247 946 1308 de
978 1250 1066 1331 olbis,

142 1331 277 1410 potibus,
300 1330 447 1407 vestibus,
468 1334 620 1410 personis,
652 1332 740 1407 louis,
775 1330 930 1406 salicibus,
963 1333 1065 1414 pallis,

143 1413 364 1495 ourporalibus,
387 1414 543 1492 altaribus,
566 1416 660 1493 libris,
684 1415 781 1489 thure,
816 1433 896 1490 sera,
932 1416 1065 1491 vexillis,

142 1516 223 1575 aqua
244 1497 416 1578 benedicta,
436 1499 585 1577 cantibus,
602 1497 794 1577 leotionibus,
810 1497 948 1578 vooibus,
965 1499 1082 1581 fastis,¹

80 1586 83 1591 ’
142 1581 275 1660 ieiuniis,
298 1581 492 1663 praebendis,
517 1583 669 1662 censibus,
692 1581 806 1659 litibus,
826 1583 938 1660 etquis
953 1583 1063 1647 silvam

142 1665 226 1727 illam
249 1672 390 1727 numeret
411 1668 582 1728 sanctitatis
605 1665 786 1728 Romanae?
808 1665 953 1746 religiose
968 1673 999 1727 et
1016 1688 1063 1731 se·

141 1769 214 1811 vere
236 1752 350 1827 statuit,
373 1749 431 1810 sub
453 1770 555 1829 poena
577 1749 714 1812 mortalis
732 1750 851 1830 psouati
868 1754 900 1809 et
916 1756 1063 1814 aeternae

140 1833 356 1909 damnationis,
379 1835 513 1895 maxime
536 1854 610 1896 vero
633 1833 802 1895 coelibatus
821 1831 858 1893 ad
877 1832 977 1912 legem
995 1837 1062 1897 eius

138 1920 280 1998 partinet,
302 1923 335 1979 ut
359 1918 587 1995 eredasipsum
610 1924 757 1979 tartarum
780 1934 842 1977 nou
865 1935 935 1977 esse
955 1924 1063 1981 tantas

139 2003 338 2078 nouiusionis,
362 2007 394 2062 ut
421 2009 467 2062 est
500 2002 550 2063 lex
582 2000 745 2062 sacerdotii
779 2001 877 2060 buius.
928 2001 1062 2065 Peooata

138 2105 212 2147 vero
236 2094 315 2160 suut,
337 2085 462 2163 aliquod
484 2086 593 2146 horum
616 2084 797 2161 transgredi,
830 2083 912 2162 quod
935 2087 1061 2164 gravius

137 2176 193 2246 est,
216 2188 307 2247 quam
331 2171 355 2229 si
379 2171 482 2230 omnia
516 2169 661 2230 mandata
694 2168 751 2228 Dei
786 2167 1060 2247 blasphemaveris,

135 2254 271 2315 iustitiae
294 2258 364 2313 suut
386 2261 417 2313 et
444 2254 526 2315 bona
556 2272 651 2330 opera
675 2251 813 2312 studiose
835 2252 895 2310 ista
917 2252 1060 2314 noluisse.

135 2337 193 2399 Hie
216 2339 298 2397 euim
321 2336 497 2398 obedientia
519 2337 670 2397 eeclesiae
693 2341 749 2408 est,
774 2335 918 2393 virtutum
941 2338 1059 2416 regina,

134 2422 283 2500 sineque
320 2426 441 2481 ceteras
473 2421 600 2481 virtutes
634 2419 708 2478 nibil
742 2422 820 2479 suut.
865 2415 1057 2481 Saorifioium

135 2525 209 2566 vero
231 2511 278 2565 est
298 2505 501 2580 Eucharistia,
525 2513 555 2564 et
577 2503 708 2583 peounia
729 2501 888 2562 laioorum.
931 2501 978 2561 Eu
1004 2503 1058 2564 tibi

135 2588 342 2650 saoerdotium
366 2589 527 2656 eximium,
563 2593 596 2647 ut
623 2594 744 2646 taceam
777 2585 1058 2648 exsecratissimsm

133 2674 321 2750 impietatem
345 2678 376 2732 et
398 2690 548 2732 summam
572 2671 763 2745 idolatriam,
787 2686 865 2746 quae
888 2667 970 2744 pium
1004 2689 1059 2731 nor

134 2756 242 2819 dolore
266 2761 381 2833 queant
402 2755 564 2834 eonfiaere,
589 2751 724 2831 nunquid
747 2750 827 2827 apud
850 2748 927 2809 ullas
947 2761 1058 2831 gentes

133 2847 194 2901 tum
217 2839 373 2912 stolidum,
396 2838 513 2917 puerile
535 2845 566 2898 et
586 2837 796 2917 phrenetioum
826 2833 882 2892 tuit
912 2837 1058 2899 sacerdo·

134 2924 230 2984 tium?
254 2924 293 2984 ldt
306 2930 408 2984 tamen
424 2922 577 2982 transtulit
588 2921 666 2981 hasa
680 2918 868 2979 abominatio
886 2918 1057 2994 gloriosum

133 3007 337 3069 saoerdotium
355 3006 477 3082 Christi,
499 3012 530 3066 et
551 3005 607 3064 sub
629 3004 755 3079 uomina
777 3002 841 3060 eius
859 3020 893 3059 se
909 3002 940 3061 iu
955 3002 1056 3064 loaum

132 3098 273 3152 sanetum
285 3092 350 3151 eiua
364 3090 469 3149 erexit.
493 3088 621 3150 Onimis
636 3105 717 3164 vere,
732 3085 862 3144 Domine
875 3083 956 3161 lesu,
968 3106 1059 3165 pseu·

132 3173 304 3236 doohristoa
319 3173 421 3233 dixisti
435 3191 500 3242 eos,
522 3172 610 3231 nimis
625 3189 695 3229 vere
717 3169 785 3228 salsi
800 3166 962 3228 Christiani
977 3178 1058 3231 sunt.

215 3256 282 3317 Hos
299 3258 391 3335 igitur
409 3255 572 3315 maledieto
590 3250 864 3328 maledicendoque
881 3252 1056 3314 sacerdotio

132 3341 275 3402 transfert
297 3346 328 3399 et
350 3345 481 3400 evacuat
510 3338 714 3399 Christianum
743 3339 880 3395 nostrum
910 3336 1056 3398 sacerdo·

131 3426 216 3487 tium.
259 3423 338 3483 Nam
363 3442 454 3482 nemo
478 3422 573 3481 terme
596 3426 658 3493 est,
688 3419 739 3497 qui
759 3419 821 3477 iam
852 3416 934 3477 aliud
958 3439 1058 3481 saosr·

132 3506 248 3568 dotium
271 3507 352 3567 norit
367 3524 458 3584 quam
476 3506 536 3566 hoo
551 3504 743 3584 papistieum.
777 3498 821 3563 Ut
834 3500 913 3559 enim
927 3503 1060 3565 audierit

133 3589 321 3652 voeabulum
344 3588 500 3668 sacerdos,
523 3608 597 3648 mox
621 3586 696 3646 nihil
719 3585 777 3645 uisi
808 3603 957 3659 rasuram,
985 3606 1057 3648 uuo·

129 3680 229 3736 turam
253 3679 284 3734 et
304 3673 430 3750 longam
448 3680 565 3733 vestem
596 3670 720 3748 rogitat.
762 3668 808 3729 lta
831 3672 861 3726 et
882 3667 985 3748 legem
1015 3672 1057 3730 ri·

131 3777 203 3821 vam
226 3755 336 3817 Christi
359 3762 500 3836 evaouat,
524 3774 593 3817 eum
616 3754 695 3814 enim
720 3751 848 3832 Spiritus
872 3770 934 3812 uon
957 3752 1057 3834 detur,
