2392 4170
370 250 491 303 Rationis
512 249 687 304 Latomisnaa
705 252 755 301 etc.
957 237 1020 307 4Ἱῦ

100 404 156 482 sit,
178 404 226 466 oui
251 404 276 464 si
300 405 493 486 consentias,
525 408 617 466 etiam
640 421 770 484 regnare
791 400 889 462 leaisti
909 407 940 460 et
960 417 1020 458 ssa

100 489 169 548 visti
188 489 226 564 ai,
249 506 286 547 ao
309 489 477 550 mortaliter
499 489 644 568 peeaasti.
686 487 719 547 In
742 486 803 547 hoo
822 483 922 545 habeo
943 480 1020 560 Pata-

98 572 161 632 lum
183 570 270 633 Rom.
294 574 321 635 6.
345 573 419 632 satis
441 574 500 632 iam
524 576 736 648 memoratum,
758 590 776 629 a
800 587 861 647 quo
883 586 944 627 non
968 583 1020 646 pas

99 656 157 714 tier
179 670 227 714 me
248 655 350 717 avelli.
1009 689 1011 694 ·

184 737 252 798 Non
275 739 433 818 (inquam)
458 758 571 818 negare
592 744 752 818 potarunt,
782 735 842 796 duo
872 733 954 794 mala
974 751 1021 792 so·

99 838 226 901 psressa
259 819 427 901 baptismo,
468 829 627 902 peceatum
672 827 703 881 et
739 817 1020 899 eoncupisoentiaut

101 905 176 963 aius.
221 903 324 965 Verba
346 905 430 965 Pauli
452 915 560 984 aperta
593 912 678 976 suut,
712 909 888 984 peecatum,
923 899 1021 960 fomes

100 989 167 1068 ipse
190 988 327 1048 naturale
351 988 481 1064 malum,
513 989 779 1068 eoncupiscentia,
814 992 914 1046 motus
947 983 1020 1042 aius.

102 1069 182 1130 liuio
204 1089 266 1129 non
289 1070 510 1145 obediendum,
532 1072 605 1131 illud
629 1069 846 1131 destruendum
870 1066 957 1140 dicii,
989 1073 1022 1125 ut

102 1152 291 1230 destruatur,
325 1156 437 1233 inquit,
476 1174 587 1234 eorpus
611 1155 739 1234 peceati.
783 1151 949 1231 Appelleut
969 1148 1023 1211 ills

101 1235 172 1314 duo,
196 1234 332 1315 utlibet,
356 1237 411 1298 ssd
435 1256 494 1297 non
519 1237 668 1317 repellant
682 1256 750 1297 esse
773 1234 856 1295 diota
877 1252 897 1293 a
915 1231 1022 1292 Paulo.

102 1317 314 1379 Mortifieanda
338 1340 374 1380 ea
397 1328 428 1380 et
450 1320 634 1380 destruenda
657 1319 721 1379 vult
743 1316 864 1394 Paulus,
888 1322 920 1375 ut
943 1332 1023 1393 quae

102 1401 247 1461 damnata
269 1403 329 1462 sint
351 1401 390 1462 ad
415 1403 673 1481 mortificandum,
697 1404 777 1462 mala
802 1418 875 1480 ergo
898 1398 971 1457 vitia
993 1404 1024 1456 et

102 1494 232 1564 peecata
254 1492 332 1545 suut.
377 1486 571 1547 infirmitates
606 1488 685 1546 enim
718 1494 747 1546 et
770 1481 970 1544 mortalitates
993 1488 1023 1539 et

102 1586 222 1647 poenae
245 1587 306 1628 non
330 1569 444 1629 eadunt
464 1570 520 1629 sub
548 1577 731 1649 praecepto,
764 1585 824 1627 neo
843 1567 874 1625 ia
897 1563 1021 1624 arbitrio

103 1659 210 1710 nostro
233 1653 306 1730 poni
330 1660 468 1731 possunt.
492 1652 588 1727 -Quis
612 1654 691 1712 enim
710 1660 839 1711 mortem
853 1657 883 1708 at
905 1664 1022 1728 poenas

103 1733 275 1808 mortificet,
297 1736 355 1794 nisi
378 1736 463 1795 solus
486 1735 569 1795 Deus
592 1737 659 1795 sine
681 1733 792 1796 nobis?
836 1732 933 1810 Super
954 1747 1023 1808 peo-

102 1824 171 1876 aata
194 1835 267 1876 vero
291 1822 322 1877 et
343 1837 396 1892 ea,
425 1837 504 1899 quae
527 1836 585 1878 nos
607 1838 677 1878 reos
698 1818 828 1891 iaciunt,
858 1819 1023 1894 praesepta

101 1901 248 1960 feruntur.
302 1900 378 1960 Cum
409 1920 484 1982 ergo
514 1902 601 1962 nobis
630 1900 799 1982 praecipiat
827 1896 1025 1972 mortifleareq

102 2001 162 2043 nou
188 1981 314 2042 obedire
336 1984 411 2059 illis,
435 2004 495 2045 non
519 1986 623 2063 utique
644 2003 779 2065 poenas,
801 2000 863 2042 non
888 1977 1021 2039 mortali·

103 2075 192 2138 tates,
215 2082 277 2125 non
300 2065 499 2144 infirmitates,
523 2068 577 2127 sed
597 2074 724 2146 peecata
741 2064 890 2144 intelligit.
934 2060 1022 2136 Ques

101 2159 183 2208 esset
205 2148 285 2206 enim
311 2149 374 2208 lex:
417 2150 489 2210 Noli
512 2150 638 2211 obedire
668 2151 776 2227 uleeri,
812 2147 874 2207 noli
898 2144 1023 2206 obedire

101 2231 185 2307 febri,
209 2231 272 2290 noli
296 2232 420 2291 obedire
438 2234 508 2293 lami
534 2242 564 2292 et
586 2235 644 2309 siti,
667 2234 729 2294 noli
745 2232 871 2293 obedire
893 2228 1021 2288 nuditati

101 2324 131 2373 et
152 2313 282 2373 vinoulis
305 2325 358 2374 aut
380 2317 651 2395 ooneupisoentiae
667 2317 755 2390 unius
776 2311 919 2374 illorum?
940 2311 1023 2371 Nou·

101 2416 140 2457 ne
163 2405 193 2456 et
215 2398 293 2456 istae
313 2406 383 2457 sunl
404 2398 612 2477 infirmitates,
642 2417 776 2479 poenae,
799 2392 1022 2456 mortalitates?

101 2479 155 2540 sed
184 2488 334 2558 peceato,
370 2482 527 2560 peoeatori
562 2493 592 2541 et
621 2478 870 2562 suggestionibus
905 2494 1021 2552 eorum,

102 2581 182 2642 quae
207 2570 237 2622 et
259 2564 327 2641 ipsa
350 2572 478 2643 peecata
502 2571 587 2640 sunt,
610 2583 672 2625 nou
695 2569 743 2623 est
765 2559 980 2623 obediendum.

185 2645 368 2723 Quanquam
391 2647 516 2706 stultum
539 2648 592 2726 sit,
626 2667 683 2708 nos
704 2647 735 2706 in
759 2663 791 2705 re
813 2652 875 2704 tam
900 2641 1022 2702 manile

99 2726 241 2805 stariast)
266 2735 312 2788 tot
335 2728 436 2789 verbis
460 2729 610 2806 laborare,
633 2748 702 2790 eum
726 2726 910 2808 Apostolum
933 2725 1023 2783 elaris
1068 2759 1071 2764 -

100 2811 318 2892 expressisque
349 2813 449 2872 verbis
478 2811 647 2873 habeamus
676 2821 837 2893 peecatum
860 2823 891 2870 et
910 2824 1021 2868 oeneu-

100 2895 266 2974 pisaentias
293 2904 491 2955 asserentem.
541 2893 600 2970 Qui
628 2895 719 2956 Pauli
744 2893 845 2954 verbis
878 2910 939 2953 non
970 2908 1021 2949 ao·

101 2978 247 3056 quiescit,
282 2979 393 3037 nostris
416 2976 540 3056 quando
564 2976 723 3058 sapietur?
758 2976 915 3052 Obseoro,
951 2972 1021 3053 quid

99 3061 207 3121 laetari
229 3060 374 3137 fuissent,
410 3061 436 3119 si
458 3061 571 3121 Paulus
610 3061 741 3121 obseura
762 3061 870 3120 fuisset
891 3058 1023 3132 loeutus,

99 3151 131 3204 et
151 3162 208 3223 pro
230 3148 360 3221 peceato
384 3143 496 3205 malum
521 3144 569 3204 vel
579 3144 730 3205 infirmum
753 3140 928 3224 posuisset?
950 3142 1022 3202 item

101 3245 156 3306 pro
180 3224 306 3286 obedire
327 3233 358 3284 et
379 3233 440 3286 non
463 3246 593 3307 regnare
633 3226 761 3307 vigilare
789 3225 836 3284 vel
870 3223 1024 3286 abstinere

98 3308 247 3369 dixisset?
270 3309 348 3368 siout
361 3309 466 3369 Petrus
481 3311 518 3387 *)
533 3310 618 3369 dieit:
643 3310 803 3370 Abstiuete
816 3306 1016 3368 aosrnalibua

100 3392 269 3469 desideriis,
293 3410 384 3469 quam
402 3410 538 3472 saouros,
562 3411 653 3471 quem
670 3393 769 3454 laetos
793 3390 1022 3470 hietriumplios

101 3565 145 3572 ...-

172 3660 203 3721 ll
225 3658 256 3711 In
278 3658 321 3712 ed.
339 3657 418 3712 Jen.:
439 3659 594 3711 manifesta.

174 3731 202 3796 ⁸)
222 3729 247 3784 2.
267 3730 338 3784 Petri
358 3729 384 3783 2.
698 3732 701 3737 '
