2392 4170
450 230 531 289 noos.
550 232 628 290 uae
645 232 725 290 um.
852 276 861 327 3
980 231 1049 301 eol

133 403 204 465 viris
216 408 272 480 est,
294 402 398 484 palam
412 409 443 465 et
450 421 490 466 ex
497 405 658 485 proposito
672 405 825 484 mentitur,
836 403 1057 486 utSophistam.

133 507 172 548 ex
193 486 315 548 inscitia
336 493 367 548 et
389 486 550 550 virulentia
572 487 738 553 eondatum
755 502 925 570 agnosoere
939 489 1052 571 possis.

132 569 356 650 Indulgendum
375 576 448 655 ‘erat
468 572 506 650 ei,
529 572 553 632 si
565 571 699 633 humano
714 572 805 633 modo
819 581 941 634 erraret.
962 571 1053 633 Nune

132 674 202 715 oum
218 652 351 734 prudens
373 659 404 715 et
416 654 516 715 ueiens
530 655 691 718 mendacia
715 661 884 736 eomponat
905 654 1052 717 adversus

134 739 192 799 mei
215 737 308 816 Regis
326 737 517 799 maiestatem
533 740 570 801 iu
600 739 695 800 eoelis
717 737 899 801 damnabilis
920 736 1051 819 putredo

132 822 192 883 ista
214 826 246 882 et
257 821 380 900 vermis,
401 821 448 882 ius
469 821 542 882 mihi
563 823 629 898 erit,
651 841 706 903 pro
727 841 796 883 meo
812 821 898 901 Rege
919 828 950 882 et
962 821 1052 883 maie

133 911 245 967 statem
269 904 430 984 Anglioam
453 905 518 975 luto
541 923 597 967 suo
621 911 653 967 et
679 912 813 967 stereore
836 922 1053 987 eonspergere,

134 996 165 1049 et
186 1006 334 1067 eoronam
356 989 445 1050 istam
469 987 679 1069 blasphemam
701 989 732 1049 in
746 987 899 1051 Christum
923 985 1054 1068 pedihus

131 1073 328 1136 oonsuleare.

215 1152 336 1216 Deinde
357 1173 426 1215 oum
440 1153 616 1215 ‘l'homistus
639 1161 761 1217 constet
784 1173 853 1216 esse
873 1160 936 1215 tam
959 1154 1053 1234 stupi-

133 1237 205 1299 dum
240 1245 271 1298 et
303 1237 396 1318 plane
423 1237 626 1319 lethargicum
650 1236 866 1319 sophistarum
888 1255 998 1317 genus,
1021 1241 1055 1297 ut

133 1320 357 1382 nihilomnius
380 1327 411 1381 et
431 1321 571 1401 ignavius
592 1323 734 1403 genuerit
754 1321 912 1381 hominum
935 1327 1055 1397 nutura,
1176 1316 1182 1325 ’

133 1411 164 1466 et
184 1404 254 1465 Rex
275 1409 382 1466 noster
395 1402 543 1467 Henrious
566 1411 653 1485 optet
674 1405 735 1466 hoo
754 1403 832 1465 libro
851 1402 946 1463 videri
968 1420 1054 1482 egre·

132 1489 201 1569 gius
217 1486 386 1567 Themista,
411 1485 482 1547 dum
504 1488 583 1549 inter
604 1496 707 1559 uetera
729 1486 768 1548 de
782 1486 958 1548 eharaetere
972 1492 1002 1546 et
1023 1485 1055 1545 vi

133 1570 384 1633 snoramentsliin
407 1572 495 1650 equis
507 1572 642 1633 somniat
651 1570 798 1650 sistendi,
821 1573 1055 1649 quaeportenta

132 1655 191 1735 ipsi
211 1654 244 1715 in
257 1652 433 1717 Aeademiis
453 1653 530 1724 sooii
547 1651 713 1735 Sophistae
730 1652 860 1734 amplius
889 1651 968 1713 ferre
991 1669 1054 1712 non

132 1742 272 1818 possunt,
294 1738 377 1798 visus
392 1742 526 1818 estopus
536 1735 660 1816 hahere,
676 1744 709 1797 ut
721 1738 837 1817 asperis
852 1734 954 1797 verbis
970 1732 1055 1795 velli-

134 1826 234 1901 oetur,
266 1821 293 1882 si
323 1838 390 1901 qua.
414 1819 453 1881 de
482 1818 720 1901 profundissimo
750 1818 891 1898 lethargo
927 1817 1055 1879 excitari

133 1904 247 1987 possit,
276 1911 307 1966 et
328 1902 434 1965 audire
461 1922 517 1964 sue
544 1904 665 1965 somnia
686 1909 717 1964 et
738 1901 869 1982 lethargi
890 1901 937 1960 sui
960 1906 1056 1960 vanas

133 1987 263 2068 speeies.
297 1987 383 2049 Nam
406 1984 493 2048 nulla
513 2004 609 2049 eausa
637 1994 668 2046 et
690 1987 802 2046 nostris
826 1983 932 2045 vicinis
954 1982 1055 2063 sophi·

133 2070 188 2131 stis
203 2067 234 2146 1)
258 2071 284 2132 is
307 2069 384 2131 liber
406 2070 485 2132 adeo
509 2069 622 2151 plaoet,
643 2087 735 2148 quam
757 2067 840 2149 quod
863 2073 910 2127 eet
930 2065 1057 2146 egregie

84 2206 87 2209 .
136 2151 358 2230 Themistieus,
380 2160 411 2213 et
430 2152 545 2215 habent
565 2170 637 2213 suas
660 2152 745 2214 labra
766 2151 913 2215 laoiueus.

220 2232 253 2297 Si
268 2234 385 2295 idolum
404 2235 562 2297 Romanae
578 2235 819 2297 abominationis
836 2237 963 2314 propter
973 2229 1057 2293 chri-

137 2322 217 2376 stum
239 2316 434 2392 oonsuloavi‚
462 2317 544 2398 quod
564 2338 634 2387 sese
655 2320 686 2379 in
709 2319 809 2381 loeum
829 2316 885 2378 Dei
910 2318 1060 2377 statuerat

138 2398 378 2479 magistrumque
405 2418 510 2479 regum
533 2406 565 2463 et
587 2403 680 2462 totius
702 2402 807 2463 mundi
828 2400 962 2475 federat,
990 2396 1058 2477 quis

138 2487 186 2544 est
206 2482 265 2544 iste
286 2480 435 2542 Henrieue
463 2500 562 2543 novus
583 2482 761 2561 Themista,
791 2481 958 2624 disoipulus
982 2480 1059 2540 dun·

138 2571 226 2626 texat
245 2571 307 2627 tam
331 2565 435 2647 ignavi
458 2565 595 2642 monstri,
619 2571 652 2624 ut
667 2564 834 2627 virulentus
851 2563 1060 2643 basphemias

138 2649 204 2708 eius
225 2646 396 2725 honorem?
418 2645 465 2710 sit
483 2647 551 2727 ipse
573 2646 717 2709 defensor
735 2646 895 2726 ecelesiae,
919 2643 972 2711 sed
995 2646 1060 2704 eius

139 2730 299 2806 eeclesiae,
321 2749 413 2812 quem
436 2737 523 2791 tanto
546 2729 626 2792 libro.
645 2730 740 2803 iaetai
763 2735 794 2791 et
814 2733 925 2808 tuetur,
949 2745 1061 2807 nempe

139 2823 324 2895 purpuratae
357 2815 530 2876 meretriois
563 2819 594 2875 et
626 2812 793 2883 elisisset,
823 2810 1062 2881 lornioeiionum

140 2897 254 2960 matris.
305 2897 373 2976 Eigo
401 2904 432 2956 et
457 2895 620 2958 eoelesiam
648 2897 714 2957 eius
743 2903 775 2956 et
802 2893 997 2956 defensorem
1017 2892 1061 2972 ip·

139 2999 206 3041 sum
228 3000 285 3063 pro
308 2979 419 3042 eudem
435 2979 567 3061 duoens,
590 2985 735 3059 utrosque
750 2977 860 3041 eodem
882 2977 999 3056 impetu
1019 2975 1062 3034 in·

141 3062 250 3125 vadam
273 3071 303 3126 et
325 3061 447 3125 Christo
470 3062 550 3125 duee
570 3060 743 3126 eonfleiam.

223 3147 331 3209 Certus
354 3147 435 3207 enim
458 3166 537 3226 sum,
558 3145 706 3226 dogmata
725 3164 797 3207 mee
817 3142 932 3205 hahere
953 3159 1003 3201 me
1025 3138 1065 3200 de

140 3230 242 3309 coelo,
264 3248 344 3311 quae
366 3229 458 3291 etiam
480 3228 627 3291 adversus
650 3247 719 3291 eum
742 3225 937 3308 triumphavi,
960 3222 1063 3303 quiin
1132 3287 1136 3296 ,

142 3332 244 3393 ungue
276 3313 445 3373 novissimo
480 3312 548 3392 plus
580 3310 676 3373 hahet
707 3311 826 3372 virtutis
859 3314 891 3370 et
924 3307 1065 3383 astutiae,

141 3415 232 3474 quam
256 3414 363 3457 omnes
390 3394 496 3477 Papae
516 3402 547 3457 et
570 3395 670 3475 Reges
693 3401 724 3455 et
745 3393 901 3472 demones,
934 3396 967 3451 ui
990 3389 1064 3449 nihil

141 3485 252 3559 agant,
275 3479 327 3559 qui
346 3477 452 3539 Bullas
474 3478 632 3539 nominum
655 3484 686 3539 et
708 3477 864 3539 titulorum
887 3481 994 3537 eontra
1017 3490 1066 3532 me

141 3563 258 3624 instant
285 3568 317 3623 et
337 3560 459 3622 libellos
487 3560 543 3621 suh
573 3561 665 3640 regiis
692 3557 941 3640 inscriptionibus
963 3553 1066 3616 vendi·

216 3746 248 3813 1)
269 3743 300 3801 Iu
318 3741 363 3801 ed.
383 3741 461 3799 den:
482 3738 651 3814 sophistiois.
