2392 4170
371 273 406 327 ad
426 272 583 328 Concilium
603 288 621 326 a
639 273 731 327 Leone
749 273 783 326 X.
864 344 867 351 ι
995 270 1058 337 129

151 429 296 504 obboste,
320 427 507 505 adversario,
530 427 727 505 antichristo,
751 445 936 507 oppressore
959 429 1053 488 totius

151 531 240 572 ramae
251 511 436 593 Scripturas,
459 514 489 571 in
513 512 582 586 hoc,
605 509 687 590 quod
712 511 853 589 propriis,
876 512 976 587 meris,
1001 530 1054 572 nu·

151 596 240 674 disque
262 597 362 656 verbis
384 596 447 657 suis
470 597 543 674 agit,
566 601 673 655 contra
696 593 790 654 verba
812 593 933 653 divinae
955 593 1056 674 Scrip-

152 688 220 739 turas
238 677 293 738 sibi
312 678 454 757 adducta.
500 676 635 753 Quarto,
658 685 803 755 tanquam
826 695 845 736 a
866 677 1057 756 blasphemo,

151 761 263 842 superbo
286 769 500 842 contemptore
522 767 648 820 sauctae
673 759 891 820 ecclesiaeDei
923 770 952 820 et
985 761 1055 840 legi·

95 862 100 871 ’
148 845 201 905 tini
226 845 361 920 concilii,
388 847 418 904 in
443 845 520 923 hoo,
542 846 624 924 quod
648 844 814 923 praesumit
845 850 875 901 et
904 843 1056 918 mentitur,

152 928 294 989 concilium
319 927 393 989 nrlril
415 947 483 988 esse
504 928 533 986 in
558 945 658 987 rerum
682 937 804 1001 natura,
827 928 914 1005 quasi
935 927 1057 1007 ignoret

152 1011 235 1089 mm,
256 1013 280 1071 si
302 1031 364 1075 uon
388 1013 427 1070 sit
450 1019 519 1071 actu
534 1017 765 1090 congregatum,
789 1017 890 1069 tamen
906 1020 974 1068 esse
990 1027 1055 1088 per-

152 1111 227 1155 sonas
247 1096 276 1154 in
298 1095 432 1156 ecclesia
453 1094 593 1155 nonnihil
615 1094 644 1151 iu
669 1112 766 1152 rerum
793 1100 911 1165 natura,
929 1093 990 1152 imo
1004 1092 1055 1150 do·

152 1180 233 1238 niues
254 1177 412 1240 etiudices
425 1178 581 1251 omnium,
603 1178 653 1255 qui
669 1175 707 1234 ad
724 1174 886 1236 concilium
904 1175 1057 1254 pertinent

95 1262 99 1323 ἰ
153 1277 196 1339 pro
213 1266 350 1342 ternpore
372 1259 634 1342 congregandum.
678 1257 786 1336 Neque
808 1259 887 1317 enim
910 1259 980 1317 ideo
1004 1257 1057 1315 im·

95 1336 98 1379 ³
153 1345 248 1422 μήπω
269 1353 323 1405 aut
345 1355 471 1406 senatus
500 1342 574 1403 nihil
597 1350 660 1420 est,
690 1342 762 1420 quia
793 1343 959 1421 imperator
986 1358 1055 1399 cum

153 1427 318 1508 principibus
340 1439 393 1488 aut
415 1432 573 1488 senatores
596 1445 658 1486 non
681 1431 752 1484 suut
770 1425 960 1504 cougregati,
982 1438 1058 1501 quo·

153 1527 201 1569 run
216 1511 340 1572 interest
361 1510 553 1592 congregari,
572 1510 651 1569 sicul
672 1507 891 1588 hieinsigniter
907 1514 938 1567 et
952 1523 1056 1567 orasse
1166 1511 1178 1535 ⁴

153 1589 241 1657 delirat
260 1593 324 1654 Leo
346 1612 416 1654 cum
438 1596 502 1653 suis
525 1590 696 1655 Leunculis.

215 1675 329 1739 florum
353 1678 488 1738 omnium
510 1678 660 1736 rationem
684 1672 810 1733 reddere
821 1679 945 1754 paratus
959 1671 1055 1732 offero

153 1775 188 1818 ns
206 1779 258 1840 pro
278 1759 351 1820 loco
375 1771 406 1821 et
426 1766 564 1840 tempore
596 1759 634 1819 ed
664 1755 903 1836 comparendum
926 1763 956 1815 et
977 1764 1056 1816 stan·

152 1838 206 1903 dtur
226 1850 256 1905 et
277 1842 474 1920 audiendum,
496 1844 564 1921 quis
587 1840 778 1903 contradicet
799 1840 880 1902 mihi.

213 1925 369 2003 Quocirca
391 1945 445 1987 oro
468 1926 646 2006 suppliciter
658 1923 902 1994 serenissimum,
919 1919 1055 1980 illustris·

149 2008 235 2090 dnos,
257 2010 392 2088 inolitos,
414 2027 594 2090 generosos,
617 2007 744 2083 nobiles,
757 2012 909 2080 strenuos,
928 2003 1057 2084 pruden-

148 2088 632 2170 lasrirosetDominos,Carolum
646 2094 877 2169 Imperatorem,
899 2087 1059 2148 Electores

146 2179 259 2257 tuperii,
283 2177 451 2256 Principes,
474 2175 621 2252 Comites,
636 2175 781 2249 Berones,
804 2171 948 2248 Nobiles,
964 2170 1056 2231 Sena-

94 2314 97 2319 .
145 2265 225 2340 tores,
257 2268 292 2320 et
313 2259 460 2341 quidquid
483 2265 530 2320 est
553 2257 714 2318 Christiani
738 2257 933 2335 magistratus
964 2255 1056 2313 totius

144 2340 333 2418 Germaniae,
357 2343 451 2403 veiint
473 2362 528 2422 pro
550 2340 728 2401 redimenda
756 2339 908 2399 catholica
932 2338 1058 2398 veritate

144 2425 364 2509 algloriaDei,
386 2445 443 2506 pro
467 2426 526 2486 lide
549 2436 578 2484 et
600 2425 731 2484 ecelesia
750 2422 870 2501 Christi,
893 2440 948 2500 pro
972 2420 1056 2479 liber·

142 2516 188 2571 ute
208 2520 244 2572 et
265 2511 334 2570 iure
356 2509 482 2589 legitimi
505 2507 645 2580 oouoilii,
673 2507 743 2567 mihi
775 2523 922 2584 meaeque
945 2500 1057 2583 Appel-

138 2591 233 2655 ltlioni
259 2592 440 2670 adhaerere,
463 2611 563 2673 papae
584 2590 792 2652 incredibilem
807 2590 956 2648 insaniam
973 2606 1057 2647 aver·

135 2679 197 2755 tari,
219 2676 379 2758 tyrannidi
403 2677 467 2736 eius
489 2676 687 2756 impiissimae
708 2674 859 2749 resistere,
881 2677 934 2731 aut
947 2671 1055 2731 saltem

134 2762 303 2839 quiescere,
325 2765 357 2819 et
379 2758 484 2819 Bullae
507 2758 656 2819 eiusmodi
672 2757 900 2817 exsecutionem
917 2755 1057 2814 omittere

135 2852 162 2903 et
177 2842 315 2918 differre,
338 2839 586 2920 doneclegitime
609 2848 746 2917 vocatus,
768 2858 823 2918 per
845 2856 962 2918 aequos
983 2837 1058 2896 iudi-

132 2943 179 2987 ces
206 2924 412 3006 probatus¹),
435 2933 465 2985 et
488 2925 650 3004 scripturis
678 2923 839 3003 dignisque
866 2921 1056 2982 documentis

131 3011 292 3071 convictus
314 3009 410 3070 luero.
439 3009 470 3069 ln
494 3026 555 3087 quo
578 3009 643 3067 sine
666 3007 757 3067 dubio
780 3005 901 3068 Christo
925 3024 987 3067 rem
1012 3004 1055 3063 l-

131 3092 231 3169 rient,
262 3094 294 3152 in
312 3092 361 3153 die
383 3093 549 3152 novissima
573 3091 814 3151 cumulatissime
836 3091 934 3170 gratia
956 3108 1053 3149 remu·

131 3175 309 3237 uerendum.
333 3173 422 3251 Quod
446 3176 470 3234 si
490 3176 539 3253 qui
563 3175 643 3234 hauc
666 3194 765 3234 meam
783 3174 959 3253 petitionem
983 3192 1056 3234 oon·

131 3264 302 3321 temnentes
323 3265 461 3339 pergant,
482 3269 512 3318 et-
527 3277 625 3338 papae
639 3259 732 3337 impio
752 3257 867 3318 homiui
880 3256 948 3337 plus
963 3275 1053 3337 quam

132 3340 197 3404 Deo
223 3341 386 3418 obediant,
416 3342 487 3401 volo
514 3340 560 3401 his
582 3343 702 3420 scriptis
726 3359 774 3401 me
797 3351 977 3402 excusatum
1005 3361 1053 3404 co·

132 3443 192 3486 ram
216 3424 372 3501 omnibus,
394 3433 425 3484 et
447 3426 684 3503 uniuscuiusque
707 3426 925 3487 conscientiam
942 3426 1000 3487 hae
1021 3426 1054 3487 ti·

132 3507 190 3570 doli
212 3510 407 3587 fraternaque
431 3509 597 3568 monitione
608 3510 794 3588 requisitam,
816 3509 992 3572 obstrictam
1005 3529 1054 3570 su·

453 3680 554 3689 ..ι-..-

183 3786 219 3851 1)
239 3782 273 3837 ln
292 3781 336 3836 od.
353 3782 426 3837 Jon:
445 3780 564 3835 auditus.

131 3889 222 3931 Μαί
235 3899 287 3939 opp.
303 3888 329 3930 v.
344 3887 371 3928 Δ.
386 3887 420 3928 sd.
437 3887 477 3925 rat
491 3887 540 3928 lrtst
554 3888 569 3925 1.
582 3897 604 3936 p.
623 3886 668 3929 Vol.
687 3888 710 3931 V.
932 3861 951 3934 9
