2392 4170
131 238 195 305 180
327 238 454 295 brantio
472 255 548 295 omn.
567 241 643 294 artic.
663 238 697 295 D.
714 240 748 294 ll.
767 238 795 295 lt
814 254 865 310 per

131 392 341 475 purgandum,
376 401 408 454 et
438 412 529 455 nemo
552 397 650 475 possit
678 414 748 455 cnm
779 400 908 474 peccato
939 392 1059 455 coelun

132 478 255 556 intrare,
277 477 357 538 sicut
378 479 406 543 2.
429 477 508 540 Petr.
531 480 559 542 3.
583 478 748 559 promittit:
772 477 886 539 Coelos
907 494 1011 539 novos
1030 484 1059 539 et

132 566 244 621 terram
265 578 378 621 novam
401 569 633 640 exspectamus,
654 561 684 621 in
708 559 818 640 quibus
840 560 958 621 iustitia
977 556 1059 621 nati

131 647 191 704 tat:
227 651 302 725 puto
335 645 409 705 satis
437 643 535 724 proba
562 645 783 723 consequentia
812 643 898 721 duci,
926 644 1059 705 enimn

131 726 238 788 fomite
258 726 398 808 impediri
415 727 454 788 ab
474 729 613 808 ingressu
635 727 725 788 coeli.
1042 778 1046 783 .

214 809 270 871 Hie
292 809 381 887 adde,
403 811 486 890 quod
509 811 552 871 illi
575 809 711 891 lingunt,
734 818 764 871 et
786 829 847 889 ego
869 829 925 891 per
946 811 1059 891 impos·

133 892 221 955 sibile
241 895 346 974 posui,
368 893 505 955 fomitem
528 913 597 955 esse
619 913 712 974 posse
734 895 801 954 siue
823 902 955 973 peccato
976 898 1053 955 ad!-

133 977 173 1038 ali
194 995 263 1038 eum
286 976 410 1038 assidue
442 977 492 1037 lex
515 976 719 1038 membrorum
743 978 877 1056 captivet
898 983 931 1036 et
951 992 1053 1057 repug-

133 1066 187 1121 net
207 1058 267 1141 legi
292 1062 418 1140 mentis,
447 1071 479 1121 ut
501 1061 612 1122 Paulus
638 1060 843 1140 conqueritur.
887 1059 950 1121 Res
979 1058 1051 1125 eni!

133 1143 206 1205 viva
226 1153 258 1204 et
280 1143 415 1223 quotidie
438 1163 567 1205 movens
589 1152 636 1204 est
657 1151 829 1224 peceatum,
850 1144 975 1203 sicutet
993 1142 1052 1223 ip·

133 1228 246 1305 anima,
268 1229 299 1287 in
321 1245 382 1306 qua
403 1226 528 1291 habitat.
566 1227 643 1288 Nam
672 1235 702 1287 et
730 1227 842 1286 iustitia
869 1245 920 1288 res
947 1228 996 1287 esi
1012 1224 1050 1285 sl·

135 1329 209 1370 vens
231 1316 262 1370 et
284 1329 426 1388 movens,
454 1330 514 1370 non
538 1311 618 1370 enim
641 1312 802 1390 quiescere
825 1316 928 1389 potest
948 1309 1050 1387 anim,

134 1393 206 1473 quin
230 1393 279 1454 vel
300 1401 393 1473 amet,
415 1394 462 1454 vel
485 1394 571 1454 odiat
592 1413 645 1470 ea,
667 1412 748 1473 quae
770 1393 826 1453 Dei
848 1401 930 1455 sunt.
973 1388 1050 1455 usn

134 1475 184 1554 iit,
217 1482 268 1556 ut,
300 1495 368 1537 cum
400 1477 522 1558 ipsimet
544 1476 726 1554 concedant,
758 1475 878 1538 actuale
899 1478 1059 1557 peccatu-l

135 1560 248 1620 morari
269 1559 308 1621 ab
329 1560 454 1621 introitu
476 1561 566 1639 coeli,
588 1568 738 1641 cogantur
760 1558 952 1637 concedere,
978 1552 1049 1639 quod

135 1650 166 1702 et
187 1643 285 1704 fomes
309 1652 459 1721 moretur,
487 1645 540 1723 qui
562 1646 651 1723 origo
681 1643 873 1703 vivacissima
894 1649 928 1703 et
947 1640 1050 1723 inquit·

137 1726 254 1786 tissima
276 1726 441 1788 actualium
465 1736 661 1807 peecatorum
686 1735 741 1787 est.
1037 1770 1040 1775 -

194 1842 196 1846 Α
217 1809 333 1871 Omitto
356 1810 405 1871 hic
426 1810 537 1888 dicere,
560 1811 642 1890 quod
666 1807 814 1890 originale
835 1810 1051 1888 peccatum!

135 1888 239 1954 omnid
261 1899 405 1973 peccata,
438 1895 481 1953 ita
514 1900 546 1954 et
576 1892 773 1953 incredulitas
800 1898 857 1953 est
900 1892 942 1953 At
971 1892 1050 1951 neh

134 1995 268 2055 unquam
291 1977 366 2037 satis
390 1975 497 2057 diligit,
521 1977 626 2056 credit,
648 1981 825 2056 exspectat,
848 1973 995 2054 quamffiu
1013 1976 1051 2047 td}

134 2060 167 2118 in
196 2077 297 2122 carne.
348 2058 478 2140 Spiritus
512 2061 591 2120 euim
622 2066 780 2140 promptus
807 2065 872 2133 est,
904 2057 958 2119 sed
988 2070 1050 2119 cm

135 2141 271 2221 infirma,
302 2143 394 2202 etiam
422 2144 451 2204 in
480 2143 647 2224 apostolis,
681 2142 751 2203 ideo
785 2141 883 2201 fomes
916 2160 989 2202 vere
1013 2142 1051 2201 td

134 2224 255 2285 actuale
285 2233 462 2304 peceatum,
492 2226 619 2287 actualis
649 2226 797 2307 privatio,
831 2226 898 2285 sive
928 2223 1051 2299 delean

135 2309 201 2368 eius
223 2309 278 2385 rei,
300 2326 380 2386 quae
403 2309 513 2372 adesse
536 2309 640 2388 debet,
668 2318 698 2370 et
720 2309 849 2369 actualis
872 2308 987 2388 positio
1006 2310 1051 2367 su

133 2391 308 2475 praesentia
329 2391 510 2454 infirmitatis
533 2402 563 2453 et
585 2393 713 2454 aliorum
736 2392 919 2470 affectuum,
939 2390 993 2471 qui
1010 2386 1051 2451 dt·

135 2492 204 2534 esse
226 2473 354 2557 debent,
385 2484 417 2536 ut
446 2496 517 2537 vere
545 2476 656 2537 dixerit
677 2476 707 2538 S.
728 2476 877 2552 Iacobus,
907 2493 965 2536 nos
993 2486 1051 2535 as!

133 2558 252 2619 initium
275 2566 432 2620 creaturae
454 2560 521 2639 Dei,
544 2558 681 2620 noudum
705 2559 976 2641 complementum,
995 2572 1050 2639 pu·

137 2642 190 2702 tim
212 2643 300 2722 iusti,
324 2645 434 2723 partim
456 2650 653 2724 peccatores,
683 2644 743 2704 hoc
774 2661 835 2704 uno
864 2643 941 2702 salvi
971 2634 1050 2703 etri

136 2726 237 2806 impiis
259 2725 392 2805 discreti,
414 2727 497 2806 quod
520 2734 682 2807 peccatum
704 2727 917 2807 agnoscimus,
938 2722 1051 2787 conffl-

137 2828 203 2868 mur
221 2817 251 2871 et
273 2829 498 2890 expugnamus,
520 2812 568 2870 cui
590 2810 634 2871 illi
656 2811 759 2890 potius
782 2809 935 2871 obediant.

516 3016 697 3093 Quartus:

197 3168 377 3251 Imperfecta
400 3173 510 3232 caritas
534 3174 669 3232 morituri
692 3171 865 3232 secnmiert
888 3168 1048 3235 neumatis

199 3272 343 3334 magnum
374 3256 529 3330 timorem,
556 3257 608 3334 qni
638 3274 671 3314 se
694 3255 761 3317 solo
786 3257 859 3315 satis
888 3264 935 3316 est
962 3256 1048 3317 nure

197 3353 329 3418 poenam
351 3340 572 3419 purgatoriiet
596 3337 720 3419 impedit
743 3339 898 3399 introitum
924 3338 1015 3421 regni.

219 3479 296 3541 Cum
319 3479 357 3540 de
384 3480 421 3540 iis
443 3478 534 3540 rebus
558 3483 589 3541 et
611 3480 649 3541 de
671 3482 813 3541 universo
845 3481 1047 3542 statumine

134 3582 202 3623 rum
224 3568 398 3624 sanctarum
428 3571 650 3642 postmortem
673 3564 745 3623 nihil
769 3563 882 3623 habeat
904 3563 1047 3645 euripum

134 3652 252 3723 nancta,
275 3646 353 3708 sicut
375 3665 433 3707 neo
457 3645 494 3705 de
515 3649 706 3727 purgatorio,
728 3647 801 3707 nihil
816 3666 945 3728 possum
968 3641 1046 3709 adds·

133 3747 205 3791 cere
225 3749 282 3812 pro
303 3729 363 3791 isto
391 3729 540 3808 arnecto,
563 3748 652 3809 quem
675 3749 776 3810 neque
804 3731 932 3796 asserui.
970 3728 1045 3791 lim
