2392 4170
366 261 509 317 Ambrosii
529 261 639 316 Gathar.
659 277 684 315 a.
703 259 782 318 1521.
956 260 1016 325 381

93 413 149 474 sed
172 416 313 476 omnibus
336 418 555 478 conscientiam
585 417 657 477 facit
684 416 905 492 satisfaciendi,
934 418 1016 496 quod

91 515 163 559 cum
186 517 277 560 nemo
301 518 363 559 non
386 500 478 560 faciat-
500 501 621 576 invitus,
644 501 763 579 cogitur
782 500 840 559 hac
863 503 1011 582 sacrilega

92 582 165 661 lege
185 589 216 642 et
238 601 367 643 erronea
390 585 579 643 conscientia
600 585 629 642 in
655 603 746 643 unum
765 583 1017 644 convenientibus

92 665 161 724 aine
196 665 421 727 intermissione
465 686 604 746 peccare.
658 667 775 725 Deinde
807 686 864 726 nec
898 667 1016 745 legibus

92 749 185 807 etium
214 749 438 810 satisfactiones
472 750 592 828 alligat,
628 751 707 809 siout
740 749 953 810 eucharistiam
986 759 1017 810 et

92 831 337 910 confessionem,
362 835 416 892 sed
440 833 528 892 meris
551 835 612 890 suis
636 832 825 909 libidinibus,
849 843 879 892 et
902 834 1014 893 scrinio

90 916 227 994 pectoris
249 917 295 975 sui
318 917 559 993 mendacissimi,
589 924 704 975 tantum
733 918 812 975 enim
836 916 1016 996 satisfacies,
1092 955 1094 960 ,

92 996 194 1076 dabis,
216 1000 356 1078 patieris,
378 1008 523 1078 quantum
547 999 597 1057 ille
619 1006 649 1057 et
671 1000 716 1057 sui
745 998 890 1059 satellites
913 1000 1019 1062 volent

93 1089 147 1141 aut
169 1083 307 1160 pecuniis
330 1092 430 1162 egent.
475 1084 575 1161 Atque
589 1083 631 1142 ita
652 1084 682 1141 in
694 1084 890 1142 conscientiis
906 1104 1017 1144 vexan-

92 1164 139 1224 dis
161 1164 211 1224 bic
233 1185 314 1225 mere
337 1165 413 1225 ludit
434 1177 536 1240 satan,
566 1180 621 1244 pro
644 1168 727 1225 omni
751 1185 807 1225 sua
829 1168 943 1226 malitia
965 1187 1016 1226 ex·

92 1247 215 1328 plends.
260 1249 403 1308 Vindicat
423 1248 472 1307 hic
495 1250 637 1308 victorias
651 1256 826 1328 martyrum,
849 1258 878 1308 et
901 1257 1017 1330 pugnat

92 1350 162 1391 cnm
191 1334 308 1391 semine
336 1353 459 1405 eorum,
488 1334 538 1410 qui
567 1352 636 1391 eum
666 1333 703 1391 de
732 1331 821 1392 coelo
850 1335 1016 1409 eiecerunt,

92 1415 210 1474 habens
232 1416 306 1474 iram
331 1435 485 1493 magnam,
508 1421 541 1475 ut
561 1415 590 1474 in
604 1414 775 1494 Apocalyp.
788 1414 822 1489 *J
849 1416 945 1475 visum
961 1423 1016 1476 est.

91 1497 170 1559 iram
194 1498 272 1557 hanc
295 1519 437 1577 magnam
461 1500 505 1556 sic
528 1498 641 1578 explet,
666 1498 823 1558 utnostris
842 1498 1016 1577 perditioni-

92 1581 149 1640 bus
180 1580 263 1641 ludat
291 1591 321 1640 et
349 1581 461 1660 rideat,
493 1601 548 1640 ceu
577 1583 606 1639 in
638 1601 669 1641 re
702 1583 963 1661 contemptissima
987 1592 1017 1642 et

91 1664 229 1725 ridicula.
273 1663 299 1724 0
323 1684 379 1725 nos
402 1671 563 1724 stertentes
582 1665 895 1743 intempestivissime.

176 1747 266 1822 Quod
290 1751 314 1807 si
337 1768 418 1827 papa
440 1748 518 1807 haec
540 1748 644 1808 omnia
659 1746 794 1829 liberal)
818 1751 1016 1827 permitteret,

93 1850 151 1891 nec
173 1831 377 1891 conscientias
400 1831 595 1909 illaquearet,
626 1829 698 1889 nihil
721 1833 841 1911 peccati
864 1837 896 1891 et
918 1832 1016 1910 perdi-

93 1916 185 1975 tionis
208 1922 394 1993 operaretur.
439 1914 477 1973 Ar
509 1914 568 1974 lroc
595 1915 625 1973 in
649 1914 732 1993 regui
757 1915 864 1973 faciosi
895 1917 1017 1974 vastita-

94 2010 153 2057 tem
178 2008 332 2077 vergeret‚
366 1997 435 2058 ideo
466 2000 569 2077 potins
601 1997 774 2077 perdendus
808 2004 855 2057 est
877 1997 1016 2075 muudus,

93 2101 184 2160 quam
210 2088 242 2139 ut
264 2100 390 2162 regnum
414 2081 478 2140 eins
501 2091 615 2160 pereat.
659 2080 710 2142 Sic
732 2081 836 2161 vides,
858 2080 1015 2160 quomodo

93 2164 231 2225 Christus
254 2171 301 2223 est
323 2173 411 2224 autor
433 2165 574 2241 iustitiae,
598 2183 747 2244 nusquam
771 2184 890 2244 ponens
907 2163 1017 2246 legem,

94 2254 253 2326 peccatum
278 2255 308 2306 et
338 2248 559 2326 perditionem,
587 2247 641 2306 sed
664 2247 701 2307 ab
724 2250 778 2326 iis,
814 2267 893 2330 quae
915 2250 1016 2327 posita

96 2340 175 2406 sunt,
200 2349 315 2390 vocans
338 2339 369 2391 et
390 2331 531 2390 liberans.
575 2331 658 2410 Papa
681 2339 768 2390 antor·
792 2333 925 2410 peccati,
956 2333 1018 2391 ubi-

95 2433 154 2492 que
177 2432 296 2493 pouens
319 2414 435 2494 legem,
460 2421 584 2474 vastans
607 2414 750 2474 iustitiam
774 2422 804 2473 et
825 2415 964 2492 salutem,
988 2424 1018 2474 et

94 2499 122 2557 in
148 2517 184 2556 ea
215 2516 322 2557 omnes
352 2503 463 2578 urgens
495 2517 532 2557 ac
557 2496 742 2576 propellens,
792 2497 848 2557 Hic
877 2509 923 2558 est
955 2517 1016 2559 non

94 2587 228 2657 sanctus,
251 2581 304 2640 sed
327 2583 547 2656 sanctissimus,
572 2599 632 2640 non
656 2582 792 2642 minister
814 2580 940 2660 Christi,
963 2581 1017 2641 sed

94 2665 225 2724 vicarius
249 2663 375 2742 christi,
400 2684 460 2725 non
484 2666 596 2742 socius,
617 2664 670 2724 sed
689 2667 830 2744 princeps
850 2673 1016 2743 pastorum.

95 2747 160 2807 Vae
183 2748 247 2807 tibi.

480 2915 637 2993 Sequitur:

261 3032 307 3092 ut
328 3034 641 3114 prosperabitur,
664 3045 701 3093 et
722 3035 851 3098 faciet

179 3161 330 3221 Videlicet
350 3181 405 3240 per
431 3162 525 3221 facies
557 3171 586 3221 et
613 3164 858 3243 propositiones,
887 3187 954 3227 cum
979 3170 1018 3228 sit

95 3245 166 3302 nihil
191 3246 345 3322 potentius
376 3245 414 3303 ad
441 3244 607 3306 fallendum
630 3254 661 3305 et
695 3246 883 3325 perdendum
915 3253 1019 3330 specis

94 3328 225 3405 pietatis,
248 3328 425 3406 praesertim
451 3331 574 3390 nomine
597 3331 652 3391 Dei
683 3329 908 3392 commendata.
953 3334 1018 3395 Nec

94 3413 137 3469 sic
160 3418 263 3470 tamen
287 3411 476 3490 profecisset,
500 3414 556 3475 nisi
575 3422 703 3474 satanae
726 3416 954 3492 operationibus
968 3418 1019 3477 ad·

95 3497 174 3553 iulus
199 3493 320 3573 fuisset,
351 3494 510 3555 deserente
536 3498 680 3558 mundum
704 3497 770 3556 Deo
799 3509 925 3579 propter
948 3520 1018 3580 pec·

150 3768 179 3835 t)
201 3767 231 3821 lu
251 3767 293 3822 ed.
313 3767 386 3822 lem:
405 3766 500 3822 libere.
