2392 4170
140 227 205 297 ml
427 230 588 286 Contutstio
607 231 778 284 Lntlrerisna

142 385 223 448 rasis
244 386 309 447 irse
330 384 473 447 redderet
492 385 580 448 Deus
600 387 774 463 interitum,
804 388 831 446 si
860 404 923 447 uon
948 382 1064 447 volu

85 515 92 526 .
143 469 253 531 tarium
274 469 482 530 invenirentur
492 469 607 530 babere
623 477 795 551 peccatum.
837 465 1064 548 thuarsrsd

142 553 188 613 dit
216 552 370 612 interitum
408 552 574 613 infantibus
608 560 641 614 et
672 552 910 633 ignorantibus?
943 550 1065 614 Sed-et

144 635 314 717 Gregorius
334 636 385 696 liic
406 636 445 696 de
467 638 549 696 vasis
578 638 644 696 irae
673 644 705 698 et
735 639 873 717 peccatis
893 653 1001 697 corun
1023 634 1064 695 lo

144 718 262 798 quitur,
283 719 366 799 quod
388 719 534 780 Latomns
556 720 698 799 intelligit
719 720 758 780 de
779 721 916 801 peccatis
938 718 1064 780 Sancto

143 821 209 863 rum
231 803 262 862 iu
286 802 369 864 bono
392 822 504 884 opere,
536 803 651 883 alioqui
686 803 843 882 quomodo
874 810 986 864 contro
1016 820 1065 862 ne

143 885 323 946 induceret?
366 885 446 961 Quid
481 886 597 965 alioqui
630 887 745 947 laceret
776 887 815 946 ad
849 883 1065 967 proposito-t

143 968 309 1030 Peccatum
330 971 412 1029 enim
435 990 453 1029 a
473 989 522 1031 me
543 969 657 1030 dictum
676 972 848 1050 impugnet,
869 980 901 1031 et
920 969 983 1030 hoc
1002 987 1064 1029 uos

143 1071 214 1196 :ti
234 1051 1065 1218 ttet‘t‘zltsstltt‘'ltztlttt'ltfft

143 1218 348 1297 sulsissimus,
371 1220 422 1299 qui
444 1239 503 1280 nec
524 1239 589 1296 me,
606 1183 678 1293 ‚ndo
698 1239 750 1297 se,
773 1239 832 1281 nec
853 1221 975 1294 Patres,
1008 1235 1067 1280 set

143 1300 316 1383 Scripturas
338 1321 399 1362 noo
412 1302 477 1383 pilo
491 1302 643 1382 iutelligit,
664 1322 710 1377 ao,
733 1305 757 1362 si
776 1303 936 1383 intelligat,
958 1301 1066 1362 intelli

143 1403 220 1463 gers
241 1405 302 1447 uon
326 1385 400 1448 vult
443 1386 523 1446 Nihil
553 1393 637 1446 recte
659 1395 762 1447 sctum
792 1394 839 1447 est
865 1387 896 1446 iu
918 1385 980 1446 hoc
1001 1390 1065 1446 toto

144 1467 240 1546 libro,
281 1488 374 1548 quam
415 1468 497 1549 qnod
533 1469 777 1530 lovaniensibus
814 1468 1010 1530 incendiariis
1036 1476 1068 1528 et

144 1552 395 1613 antichristianae
415 1551 523 1613 Bullae
545 1552 656 1632 diguus
679 1551 767 1612 dutus
790 1560 838 1612 est
859 1560 1018 1632 patronus.

228 1635 414 1715 Apostolum
436 1637 536 1715 ipsum
560 1635 734 1714 videamus,
764 1644 794 1696 et
816 1636 936 1716 glossas
959 1653 1065 1696 eorum

145 1719 233 1778 iuxta
253 1719 372 1798 positus
394 1717 643 1798 consideremus,
666 1728 698 1778 ut
726 1718 892 1798 discamus,
924 1726 1001 1797 quot
1021 1737 1066 1778 re·

145 1807 238 1881 pente
259 1820 343 1862 nova
375 1801 527 1862 vocabula
557 1810 731 1864 nascantur.
775 1803 895 1864 Scimus
919 1801 1066 1884 (inquit),

145 1886 289 1963 qnoniam
312 1885 376 1945 Lex
407 1885 574 1967 spiritualis
606 1894 668 1962 est,
702 1904 762 1965 ego
796 1894 898 1946 autem
933 1883 1064 1945 carnalis

144 1967 337 2029 venundatus
359 1967 415 2028 snb
438 1976 584 2048 peccatu,
605 1967 637 2028 id
659 1976 720 2047 est,
742 1976 775 2028 ut
796 1969 839 2028 illi
863 1969 984 2045 dicunt,
1007 1984 1065 2046 ugo

145 2071 211 2111 snm
248 2050 384 2111 infirmus
428 2059 459 2110 et
491 2052 614 2131 punitus
644 2051 837 2112 venundatus
869 2051 925 2111 snb
954 2068 1064 2131 pocus

143 2134 221 2194 Tum
244 2132 427 2214 spiritualis,
456 2135 528 2212 qnia
549 2154 603 2214 per
625 2135 788 2194 antithesin
825 2134 952 2211 dicitur,
984 2133 1065 2194 idem

144 2218 210 2294 erit,
233 2215 315 2296 quod
333 2235 440 2293 sanus,
474 2218 541 2276 sina
568 2236 670 2297 poena
692 2218 868 2298 redemptus
892 2218 929 2277 de
951 2235 1061 2296 poene.

146 2298 278 2359 Deinde:
315 2298 397 2378 quod
431 2301 511 2359 enim
546 2318 658 2380 operor
693 2320 753 2361 non
775 2301 915 2379 intelligo
937 2299 985 2375 (id
1008 2307 1062 2371 est,

143 2400 275 2461 poenum
300 2383 432 2463 patior),
467 2402 529 2443 nou
564 2385 644 2443 enim
667 2384 749 2463 quod
782 2385 853 2445 volo
878 2384 993 2444 bonum
1017 2380 1064 2464 (id

143 2472 200 2542 est,
221 2465 451 2545 impunitatem)
476 2466 537 2527 hoc
562 2485 639 2546 ago,
672 2467 726 2527 sed
750 2468 833 2546 quod
856 2466 928 2528 odio
951 2465 1064 2525 malum

147 2546 194 2624 (id
218 2553 280 2628 est,
312 2554 464 2629 poenam)
490 2550 550 2609 hoc
577 2568 647 2628 ago.
692 2549 722 2610 Si
745 2559 846 2610 eutem
875 2548 958 2629 qnod
991 2548 1064 2609 nolo

143 2630 217 2690 illud
240 2630 337 2711 facio,
366 2635 526 2693 consentio
550 2633 620 2712 Legi
646 2630 694 2715 (id
718 2641 782 2712 est,
810 2634 943 2713 impunis
966 2635 1064 2706 sum),

144 2714 290 2792 quoniam
319 2714 401 2775 bona
437 2725 482 2775 est
504 2713 548 2797 (id
572 2724 634 2791 est,
670 2718 835 2795 impunitas
858 2717 944 2794 est),
984 2731 1064 2773 nnnc

146 2803 246 2857 antem
270 2816 332 2858 non
355 2817 413 2879 ego
453 2816 564 2877 operor
586 2798 674 2875 illud,
712 2799 765 2859 sed
788 2798 871 2878 qnod
893 2796 1010 2858 habitat
1031 2797 1060 2856 in

143 2886 384 3024 ttltltln
399 2879 1063 3044 tl,3⁵tsl⁰t³lnl⁰³tt3ttlt”gt

144 3053 200 3122 est,
223 3046 424 3126 impunitas);
459 3066 528 3106 nam
554 3046 631 3105 velle
654 3047 775 3108 adiacet
796 3048 884 3124 mihi,
917 3045 1063 3126 perficere

145 3134 330 3188 autemnon
355 3130 488 3190 invenio.
532 3129 601 3189 Nou
625 3132 723 3206 euim,
747 3130 828 3208 quod
852 3130 925 3190 volo
949 3128 1063 3189 bonnm

146 3209 193 3283 (id
217 3217 280 3288 est,
317 3213 565 3292 impunitatem),
594 3213 654 3272 hoc
675 3214 773 3292 facio,
808 3212 863 3272 sed
886 3211 968 3291 qnod
992 3211 1063 3271 nolo

145 3293 256 3353 malum
284 3294 400 3371 (idest,
423 3294 588 3376 poenam),
601 3295 662 3355 hoc
683 3296 770 3356 facio.
817 3296 847 3357 si
863 3302 964 3356 autem
981 3293 1063 3374 quod

146 3376 217 3436 uolo
246 3377 318 3437 illud
352 3379 454 3456 facio,
482 3380 541 3438 iem
578 3398 640 3438 uon
673 3399 731 3459 ego
755 3397 866 3458 operor
888 3376 978 3453 illud,
1010 3377 1063 3437 sed

145 3459 226 3539 qnod
250 3460 365 3522 habitet
387 3462 416 3520 in
440 3480 489 3522 me
511 3469 671 3542 peccatum
696 3462 831 3545 (idest,
861 3461 993 3542 poena).
1016 3457 1064 3521 In·

145 3544 235 3604 venio
257 3544 349 3624 igitur
371 3543 471 3624 legem
501 3544 614 3604 volenti
644 3545 715 3604 mihi
744 3545 845 3605 facere
875 3543 991 3604 bonnm
1015 3542 1064 3618 (id

144 3636 205 3702 est,
235 3624 477 3710 impunitatem),
500 3627 644 3705 quonism
679 3628 749 3687 mihi
779 3627 892 3689 melum
925 3626 973 3702 (id
1007 3632 1063 3703 stt,
1109 3676 1112 3683 .

144 3714 264 3791 poeno)
289 3709 420 3774 adiacet.
464 3709 668 3773 condelector
685 3712 763 3771 enim
777 3710 836 3792 legi
849 3708 919 3790 Dei,
943 3707 1065 3789 (idest,
