2392 4170
382 266 523 321 Ambrosii
540 265 650 323 cathari
669 283 694 323 s.
716 267 811 324 miv
996 265 1063 331 385

132 439 171 480 se
189 419 278 498 faoit,
312 422 380 500 ipse
403 420 449 481 bis
482 423 595 501 septies
627 421 811 482 incredulus.
855 420 895 480 Et
923 420 1063 482 landatur

132 512 235 564 tamen
259 506 370 584 impius
391 505 420 562 in
441 505 478 563 iis
501 503 659 564 desideriis
681 507 753 564 suis.
797 504 842 564 En
867 501 947 583 quid·
962 505 1000 564 sit
1023 505 1061 565 ad

131 605 259 647 sensnm
281 605 369 646 suum
391 606 483 666 agere
505 589 618 650 omnia.
662 587 710 646 An
734 593 836 668 potest
858 586 970 664 aliquid
989 588 1061 648 abo

131 667 307 730 mirabilius
331 671 469 749 eogitari,
494 690 584 749 quam
609 678 641 730 nt
662 669 794 731 eoolesia
817 669 931 750 Spiritu
954 678 1061 731 saneto

133 754 240 813 vivens
276 762 306 812 et
343 772 439 834 agens
476 752 566 813 oedat
602 772 728 817 sensum,
760 773 849 813 snum
886 752 1059 814 hominibus

132 835 309 916 saerilegis,
331 837 432 915 impiis
455 843 486 895 et
506 838 653 912 indoctis,
683 836 778 896 solius
801 836 970 916 tyrannidis
993 839 1059 898 vio-

129 918 228 979 lentia
251 919 538 998 praesumentibus?
573 920 611 979 Et
639 928 741 980 tamen
772 919 834 979 hoo
862 938 918 999 pro
941 938 1060 981 summo

132 1000 204 1062 fidei
231 1002 360 1063 articulo
388 1001 482 1063 hodie
511 1005 658 1078 iaetatnr,
692 1010 722 1062 et
755 1021 845 1061 nemo
880 1002 1062 1063 baeretioior

132 1084 322 1163 haereticus,
355 1104 446 1165 quam
478 1087 530 1164 qui
558 1085 617 1146 hoe
646 1086 695 1145 vel
717 1086 806 1164 signo
830 1084 969 1146 dubitare
989 1104 1058 1146 sese

133 1167 287 1230 ostendat.
336 1168 417 1229 Vere
446 1168 581 1229 Satanae
612 1187 739 1245 regnum
774 1166 812 1227 ad
846 1167 937 1228 finam
973 1188 1060 1229 suum

133 1252 226 1311 venit.
269 1251 347 1311 Dum
377 1253 458 1312 enim
485 1251 661 1332 imprudens
691 1269 748 1312 sua
775 1251 870 1310 nimio
901 1249 1002 1311 firmat
1032 1261 1062 1311 et

134 1345 238 1414 urget,
260 1333 296 1394 fu
317 1336 420 1394 divino
445 1333 573 1413 iudioio,
596 1342 629 1395 ut
651 1336 807 1413 seipsum
831 1333 962 1413 prodat,
993 1341 1060 1395 tan·
1107 1346 1110 1357 ’

126 1434 225 1496 'quam
249 1418 350 1478 melae
372 1417 443 1477 fidei
465 1428 628 1498 patronus,
658 1435 720 1478 non
752 1416 866 1477 aliare
888 1435 981 1496 quam
1003 1418 1061 1478 hae

133 1503 202 1580 ipss
223 1501 318 1561 nimia
338 1501 483 1561 instantia
505 1508 639 1579 etcum,
661 1500 733 1560 dnm
754 1503 784 1560 in
802 1499 893 1559 rebus
915 1499 1000 1561 nihili
1017 1501 1063 1560 sie

133 1582 311 1664 magnificat
332 1584 491 1660 haereses,
531 1585 582 1664 qui
617 1589 718 1644 tamen
749 1584 869 1663 patiens
891 1589 1000 1663 tanet,
1031 1585 1061 1644 si

124 1669 201 1747 'quis
231 1668 323 1727 etiam
346 1668 443 1727 Deum
471 1674 614 1747 negaret,
643 1673 696 1727 aut
724 1665 866 1726 omnibus
893 1665 1060 1727 sceleribus

134 1749 269 1831 perditus
292 1751 339 1826 sit,
361 1752 440 1810 siout
462 1751 600 1810 videmus
624 1751 654 1808 in
676 1750 751 1829 ipsis
773 1747 981 1810 Pontifioibns.
1029 1750 1059 1809 Si

134 1835 216 1894 enim
250 1834 356 1913 spiritu
388 1834 443 1893 Dei
479 1840 657 1912 agerentur,
691 1834 820 1912 primum
858 1838 889 1892 et
918 1834 1062 1909 maxime,

133 1936 213 1997 quae
226 1917 284 1976 Dei
307 1923 387 1997 suut,
411 1924 602 1995 quaererent
631 1915 719 1976 Nune
741 1915 815 1994 quia
836 1932 892 1975 sua
912 1924 1064 1994 quaerunt

133 2000 307 2060 divinorum
318 2001 560 2080 incuriosissimi,
583 2018 644 2080 qno
657 2000 763 2079 spiritu
776 1998 920 2076 ferantur,
938 1997 1061 2060 abunde

134 2085 209 2144 satis
231 2090 385 2163 apparet.-

219 2165 323 2241 Quare
344 2167 405 2226 hoo
426 2165 570 2226 facierum
595 2174 631 2226 et-
646 2165 892 2245 propositionum
926 2184 1000 2244 rege
1016 2165 1059 2223 ad

136 2270 223 2310 suum
246 2269 369 2309 sensum
393 2248 664 2327 omniataoiente,
697 2247 770 2308 nibil
801 2265 873 2307 vero
902 2247 941 2307 ad
963 2247 1062 2327 florip-

136 2343 221 2395 turae
241 2333 387 2394 iudicium
410 2331 603 2408 admittente,
639 2349 766 2391 neeesse
798 2339 845 2390 est
866 2334 1008 2391 evacuari
1032 2340 1063 2390 et

136 2418 247 2478 vastari
269 2416 408 2491 Paulum,
439 2415 489 2474 ubi
518 2422 541 2476 l.
567 2414 636 2475 Gor.
662 2415 707 2475 14.
731 2414 818 2473 dioit:
849 2413 940 2488 Quod
968 2416 1062 2474 eise

136 2499 218 2560 denti
251 2500 419 2560 revelatum
452 2498 559 2573 fuerit,
602 2498 685 2576 prior
720 2502 841 2574 toneat,
858 2531 860 2535 ·
876 2504 907 2556 et
937 2497 1061 2557 iterum:

137 2583 220 2644 Unus
251 2590 304 2643 aut
338 2582 398 2642 duo
432 2581 632 2660 prophetent,
666 2581 757 2639 aeteri
793 2578 937 2640 iudioent.
965 2580 1062 2655 ,Quid

136 2666 238 2747 papa?
267 2666 353 2743 nulii,
382 2666 495 2743 inquit,
518 2663 636 2723 sedenti
666 2662 818 2722 revelatur
838 2662 978 2741 aliquid,
996 2663 1062 2722 ¹sed

137 2768 194 2830 ego
216 2751 300 2828 prior
326 2748 410 2809 solus
433 2747 558 2825 loquar,
592 2747 683 2805 ceteri
711 2745 852 2822 audiant,
886 2747 1061 2806 etiterum:

137 2833 238 2894 Ceteri
260 2852 321 2893 non
344 2831 493 2905 iudioent,
525 2829 578 2889 sed
603 2847 664 2908 ego
684 2828 894 2908 prophetabo,
918 2835 949 2888 et
970 2830 1061 2893 ueteri
1090 2896 1092 2900 ,

136 2916 315 2976 indioentun
358 2914 423 2974 Nos
446 2933 551 2973 sumus
575 2914 729 2992 magister,
752 2911 903 2992 propbeta
924 2919 963 2971 et·
982 2913 1061 2971 vioe·

137 3001 198 3059 rius
221 2999 288 3060 Dei.
331 2997 445 3057 Nostra
467 3003 515 3057 est
536 2996 655 3075 lingua,
672 3014 727 3055 seu
750 3003 782 3054 ut
803 2995 882 3059 Psal.
905 2993 995 3071 12²)
1017 2994 1062 3054 di·

137 3084 221 3159 oitur,
245 3083 382 3162 linguam
403 3088 539 3140 nostram
563 3077 838 3158 magnificabimus,
859 3077 940 3138 labia
956 3086 1062 3139 nostra

136 3173 241 3226 nostra
269 3172 355 3240 sunt,
389 3165 455 3242 quis
487 3172 591 3222 noster
615 3163 764 3222 Dominus
796 3160 863 3222 est?
900 3161 951 3222 Sia
980 3164 1060 3223 enim

136 3249 304 3328 sacrilegus
325 3248 394 3327 plus
416 3266 506 3324 qnam
530 3245 766 3326 superbissimus
788 3244 930 3324 Pelagius
950 3247 982 3304 in
1004 3263 1060 3306 sno

135 3333 267 3393 Deereto
290 3331 376 3390 dioit:
409 3329 464 3390 Ubi
489 3338 535 3388 est
557 3331 729 3406 maioritas,
758 3328 799 3387 ibi
822 3327 988 3390 mandandi
1010 3348 1060 3389 au·

136 3417 254 3493 toritas,
277 3421 398 3474 eeteros
422 3419 525 3472 manet
542 3411 704 3473 obediendi
727 3411 903 3473 nenessitas.
946 3411 1014 3491 Dio,
1029 3414 1062 3472 *si

135 3508 235 3579 potes,
258 3517 297 3558 an
320 3497 399 3557 ullus
421 3515 527 3575 regum
551 3494 590 3556 ab
617 3497 704 3555 initio
729 3493 833 3554 mundi
861 3503 945 3555 tanto
970 3495 1060 3573 fastu,

141 3667 318 3677 ———--—--‹

692 3712 981 3743 NJ(¹

191 3767 224 3836 1)
245 3765 276 3820 In
295 3765 338 3820 ed.
359 3765 507 3833 orig.:11.
553 3789 625 3816 .,
707 3806 710 3812 Δ
890 3782 951 3811 ·1¹.
998 3787 1000 3791 v

162 3871 255 3913 nuum
269 3880 320 3920 opp.
336 3869 363 3911 v.
377 3869 405 3910 s.
419 3869 449 3909 aa
463 3868 504 3909 ru.
518 3867 568 3908 usa
582 3868 598 3909 n
611 3879 631 3919 a
650 3867 698 3906 vau
716 3868 741 3910 v.
854 3838 894 3902 25
