2392 4170
133 235 196 303 138
362 236 508 296 Adversus
520 240 722 296 exsesrabilem
735 238 842 297 bullen

84 400 88 405 '
134 395 256 457 bullatis
280 394 467 456 morionibus
490 394 655 476 optamus?
683 395 734 457 sto
761 415 871 477 sapere
899 401 931 456 et
958 394 1057 457 faeere

136 478 248 540 debent
270 497 376 540 omnes
394 480 528 540 veritatis
549 479 726 540 adversarii.

216 562 276 623 Sed
316 564 381 625 soie
420 564 487 642 quis
520 563 608 625 dolor
634 563 784 624 lunonem
811 565 901 623 istam
932 569 1058 642 premet,

133 665 244 726 nempe
266 646 376 707 Eloeius
400 665 500 724 meus,
524 665 640 706 memor
661 665 752 725 quarn
774 646 896 726 Lipsiae
919 644 1058 726 pudefec-

133 737 182 790 tus
204 731 258 799 sit,
287 729 357 789 dum
379 749 429 789 me
451 729 490 790 ob
512 730 657 790 articulos
679 731 759 790 Huss
782 729 996 809 spumantibus
1017 728 1057 789 Ιι-

132 811 189 873 biis
211 820 260 874 sot
282 813 482 892 plausibiliter
505 813 623 874 theatro
646 832 702 874 suo
732 813 919 873 haereticum
943 820 1057 873 teroen·

133 897 190 957 ties
214 897 361 956 clamaret
382 896 495 957 furiosa
518 915 611 974 voee,
634 906 664 957 et
684 897 715 956 id
737 898 835 976 ipsum
858 903 970 976 postea
993 914 1058 976 pro

133 978 206 1041 bare
234 999 293 1040 non
323 990 444 1060 posset,
472 999 539 1040 oum
564 981 809 1041 constantiensis
838 979 1014 1059 damnatio,
1041 997 1059 1037 a

133 1083 182 1123 me
216 1063 361 1138 adduota,
401 1071 521 1143 praeter
559 1083 644 1143 spem
679 1064 761 1123 Eoeii
795 1062 909 1123 nullum
943 1070 1058 1123 eertum

133 1147 290 1207 articulum
319 1147 473 1226 signasset
500 1147 700 1224 haereticum,
734 1146 788 1207 sed
811 1155 840 1205 et
862 1149 944 1226 ipsa,
981 1146 1060 1205 sinti·

132 1228 169 1290 lis
204 1229 274 1289 buia
296 1239 437 1306 nostrae,
485 1250 560 1310 prae
589 1251 645 1291 sua
673 1249 796 1309 quoque
829 1231 951 1290 insuitia
982 1227 1059 1290 alios

132 1313 321 1387 haereticos,
364 1314 441 1373 elios
475 1332 638 1390 erroneos,
672 1314 748 1374 alios
780 1312 947 1375 offensivos
970 1311 1059 1373 dixis·

132 1406 188 1456 set.
232 1397 271 1456 Et
292 1397 402 1457 Eleoius
431 1396 478 1457 his
500 1396 611 1456 auditis
634 1398 808 1477 turpissima
836 1396 1009 1457 temeritate
1028 1394 1058 1455 in

127 1488 229 1540 semet
251 1481 396 1541 confusus
419 1481 496 1540 falso
524 1486 555 1539 et
583 1480 769 1540 mendaciter
800 1499 849 1539 me
871 1478 1058 1544 haereseon

133 1583 152 1622 a
173 1582 207 1623 se
229 1562 393 1623 clamatum
416 1564 554 1638 sentiret,
585 1563 681 1625 voluit
702 1562 820 1624 Romae
848 1563 920 1623 huie
942 1560 1057 1623 vulneri

133 1665 189 1706 suo
213 1646 337 1722 mederi,
358 1655 389 1704 et
410 1646 601 1706 mendacium
625 1647 802 1707 temeritatis
818 1664 893 1706 suae
914 1644 1058 1706 stabilire.

133 1728 192 1790 Sed
217 1748 278 1791 nou
301 1728 456 1810 proficiet,
478 1729 660 1809 prohibente
683 1729 818 1802 Christo,
850 1726 987 1790 mendax
1009 1744 1058 1788 so·

132 1812 239 1893 phista
294 1813 466 1892 Expostulo
495 1814 575 1873 enim
604 1813 721 1890 adhue,
749 1822 780 1872 ut
809 1811 966 1889 absolute,
998 1828 1058 1871 non

130 1897 310 1975 respective,
334 1896 492 1972 distinete,
514 1915 575 1954 non
600 1896 745 1971 confuse,
767 1903 859 1974 eerte,
881 1913 944 1955 non
966 1891 1059 1955 'simn-

131 1979 239 2058 lauter,
262 1980 353 2056 olare,
367 1998 429 2037 uon
441 1978 581 2053 obseura,
594 1979 797 2058 singulariter,
819 1997 880 2039 non
894 1979 924 2038 in
937 1994 1061 2058 genere,

133 2062 252 2135 dicant,
280 2064 347 2140 quis
376 2066 414 2121 sit
446 2070 476 2121 et
504 2063 572 2139 quis
606 2081 667 2121 non
697 2064 736 2122 sit
764 2061 947 2123 haereticus.
1000 2057 1059 2123 eet

133 2145 256 2223 quando
290 2145 367 2204 base
398 2144 530 2204 facient?
570 2144 700 2220 Quando
734 2143 870 2204 Christus
906 2154 936 2204 et
965 2140 1059 2204 beust

134 2229 328 2302 convenient,
351 2235 402 2287 sut
425 2228 477 2287 lux
500 2234 532 2287 et
554 2229 698 2289 tenebrae
720 2227 928 2289 sociabuntur.

217 2311 296 2386 Quid
319 2331 393 2389 ergo
415 2310 525 2371 faciam
549 2331 608 2389 ego
631 2311 772 2371 interim?
804 2310 955 2386 Primum,
980 2309 1060 2371 meti·

132 2393 343 2454 oulosissimos
366 2399 397 2455 et
417 2393 645 2454 indoctissimos
658 2396 806 2474 papistss,
829 2394 1060 2475 sutiohristiqrre

133 2476 292 2557 apostolos
324 2486 518 2537 oontemuam
546 2478 733 2556 illudamque
762 2479 805 2536 eis
837 2496 906 2536 oum
935 2476 1006 2537 Elis
1031 2480 1061 2537 st

134 2560 249 2621 diuam:
278 2560 310 2621 Si
332 2561 406 2621 Baal
429 2561 512 2621 Deus
535 2568 597 2634 est,
625 2561 828 2640 respondeat,
860 2560 938 2620 sorte
961 2559 1060 2621 ebrius

133 2651 189 2720 est,
211 2646 313 2703 autin
337 2646 456 2714 itinere,
478 2644 608 2704 elamate
631 2663 707 2704 voee
731 2644 850 2719 maiori,
872 2643 957 2703 Deus
979 2642 1057 2703 enirn

132 2737 190 2806 est,
213 2727 291 2787 forte
313 2727 406 2787 audit.
451 2726 530 2802 Quid
563 2728 643 2786 enim
665 2727 748 2786 aliud
777 2725 881 2786 bullati
911 2727 960 2786 isti
984 2724 1059 2786 asini

134 2819 323 2881 mereantur,
351 2811 403 2889 qui
426 2810 571 2869 damnant
593 2810 638 2884 id,
667 2810 748 2887 quod
779 2810 919 2868 nesoiunt
948 2817 981 2869 et
1009 2826 1059 2868 ne·

133 2894 211 2953 seire
226 2913 259 2952 se
274 2893 428 2953 letentur?
450 2892 569 2953 Deinde
581 2912 705 2952 securus
721 2912 784 2969 ero,
809 2910 866 2951 neo
878 2892 1058 2965 haeretisns,

133 2995 191 3037 neo
213 2995 369 3054 erroneus,
392 2995 450 3035 nee
471 2975 672 3036 seandalosus
695 2975 869 3048 habendus,
892 2974 1009 3051 donee,
1034 2972 1058 3033 si

134 3079 196 3120 non
225 3060 418 3138 sontiatum,
447 3068 549 3119 tamen
578 3060 755 3138 simpliciter
784 3064 815 3118 et
843 3057 931 3117 nudis
961 3056 1059 3118 verbis

133 3149 335 3203 monstratum
359 3143 456 3219 luerit,
480 3144 509 3201 iu
533 3160 595 3220 quo
610 3142 738 3203 artioulo
761 3141 829 3201 talis
843 3142 910 3200 sim.
954 3140 1060 3220 Neque

134 3227 215 3286 enim
236 3226 297 3284 iam
326 3244 421 3284 onero
450 3226 604 3305 papistas,
637 3244 724 3285 meos
756 3225 874 3303 stipites
902 3224 996 3298 ist-os,
1029 3228 1061 3283 ut

133 3307 274 3389 probent,
297 3308 351 3368 sed
374 3316 406 3368 ut
427 3316 598 3368 monstrent
618 3308 725 3368 saltem
750 3325 901 3383 errorem,
922 3307 985 3367 hoe
1005 3312 1059 3382 est,

134 3391 352 3466 utostendant,
375 3393 535 3467 ausoiaut,
556 3391 628 3474 quid
652 3390 757 3452 lellent
779 3391 912 3470 ipsimet,
934 3406 1060 3450 suamve

134 3475 263 3535 salivam
284 3476 426 3536 sentiant.
470 3475 551 3534 Dum
572 3476 651 3535 enim
675 3473 790 3534 nullum
815 3472 1060 3552 designantbas·

134 3559 277 3637 retioum,
308 3559 365 3619 mei
392 3557 504 3618 arbitrii
530 3564 591 3634 est,
620 3557 760 3635 quemvis
789 3555 926 3617 oblatum
948 3573 1061 3636 negare

134 3641 332 3716 haeretieoru,
355 3648 386 3701 et
406 3658 543 3702 asserere
566 3639 759 3701 entholioum.

218 3724 278 3787 Sed
301 3732 332 3785 et
354 3723 434 3787 hano
456 3724 618 3789 ruditatem
640 3723 735 3787 ferme
757 3722 877 3785 asinius
909 3722 1060 3786 rudiorem
