2392 4170
180 235 244 306 208
512 233 556 294 De
574 231 740 310 abroganda

181 394 357 458 Academiis
378 394 417 455 ab
438 396 525 456 initio
549 393 652 454 muudi
675 394 805 456 Satanas
828 393 902 454 nihil
917 389 1105 475 excogitarit

181 479 388 560 praesentius,
421 476 460 539 ud
494 477 674 539 vastandam
706 476 797 537 fidem
831 487 862 536 et
897 477 1103 558 Evangelium

180 567 247 622 tcto
271 561 361 642 orbe3
395 581 454 621 nec
483 561 688 622 conveniebat
720 560 781 620 hoc
814 559 927 620 malum
962 578 1103 641 surgere,

180 645 241 704 uisi
261 646 293 704 in
314 642 376 704 line
398 645 511 722 mundi,
533 663 602 704 cum
624 646 684 703 ism
708 644 752 703 ira
767 642 824 703 Dei
848 650 992 722 gravatus
1016 663 1104 704 mun·

180 725 237 788 dus
258 727 393 808 peccatis
415 728 661 809 praevalentibus
684 724 721 786 ad
744 732 890 787 tertarum
918 734 948 786 st
975 726 1103 787 dumna-

180 811 295 871 tiouem
318 830 404 871 suam
428 812 715 891 appropinquasset.
758 809 846 869 Talia
868 809 948 869 euim
972 827 1105 871 necesse

181 901 228 956 est
239 894 346 955 audire
357 895 505 974 populum
519 896 672 970 miserum,
686 893 789 972 qualia
801 894 846 951 sui
857 892 1046 953 Molochitue
1057 891 1104 954 di-

181 975 320 1037 dicerunt
330 978 361 1036 iu
375 976 562 1038 Academils.
575 976 755 1036 Didiceruut
766 986 867 1035 autem
879 994 942 1036 nou
954 975 1104 1036 uisisum·

180 1078 246 1120 mss
259 1058 466 1139 blasphemias
478 1061 545 1136 Dei,
560 1066 592 1119 ut
605 1079 646 1119 ex
657 1058 808 1138 decalogo
826 1057 978 1138 papistico
994 1059 1104 1140 liquet,

180 1161 239 1204 uec
260 1142 332 1203 licet
353 1144 432 1204 alios
454 1152 605 1223 pastores,
629 1160 719 1221 quam
743 1142 819 1201 tales
841 1144 958 1221 uspiam
981 1141 1102 1206 haberi.

262 1225 353 1306 Apud
374 1224 558 1287 Hieremiam
582 1233 710 1286 vocatur
732 1223 820 1285 vallis
843 1226 896 1284 itta
918 1223 1103 1309 gehiuusm,

177 1308 261 1370 unde
282 1309 419 1371 Christus
442 1310 572 1390 sumpsit
592 1308 776 1390 gehennam,
798 1305 881 1386 quod
905 1308 976 1387 quid
1007 1311 1102 1389 signi·

178 1391 267 1473 dcet,
300 1394 459 1453 nonsatis
491 1395 572 1470 scio,
595 1392 643 1452 Ge
682 1392 793 1451 vallem
827 1399 931 1472 sonat,
965 1390 1101 1452 llinuam

178 1482 282 1557 potest
303 1494 413 1536 sonare
431 1477 525 1557 varia,
548 1494 628 1555 quae
646 1476 717 1554 quia
730 1472 866 1534 iudicare
881 1493 941 1534 uon
958 1491 1101 1559 possum,

178 1560 296 1622 omitto.
346 1558 420 1619 lllibi
446 1578 466 1619 a
497 1559 592 1618 verbo
625 1555 764 1636 Iauahl)
800 1559 904 1618 venire
935 1556 1102 1638 videretur,

177 1644 261 1722 quod
283 1640 436 1722 significat
456 1641 641 1723 depascere,
665 1641 831 1722 deglubere
864 1646 894 1700 et
926 1648 1101 1720 attenuare,

178 1727 334 1805 quomodo
359 1727 480 1806 tyranni
502 1726 550 1785 vel
583 1727 710 1786 usurarii
743 1723 912 1803 deglubunt
944 1729 974 1783 'et
1008 1743 1100 1785 exsu-

177 1815 254 1890 gunt
274 1808 434 1890 populum,
457 1815 490 1869 ut
510 1811 551 1870 sit
567 1806 740 1869 Gehinnam
760 1807 846 1867 vallis
866 1805 1099 1886 deglubeutium

176 1910 232 1953 ens
255 1902 286 1952 ct
306 1893 537 1972 depascentium
561 1911 626 1971 ens,
647 1894 709 1971 qui,
732 1909 802 1950 cum
823 1891 940 1970 populo
962 1892 1102 1965 praesint

176 1975 245 2037 vice
273 1986 431 2057 pastorum
460 1982 492 2037 et
512 1994 567 2036 eos
589 1993 718 2055 pascere
733 1972 826 2033 verbo
842 1975 922 2033 vitae
939 1972 1100 2056 deberent,

176 2060 390 2139 pestilentibus
424 2058 663 2119 Universitstum
699 2056 845 2117 doctrinis
877 2055 1101 2119 insensibiliter

178 2141 359 2224 depascunt,
381 2148 413 2203 et
434 2141 584 2203 devorant
604 2143 634 2201 in
659 2160 799 2220 corpore,
821 2140 910 2199 rebus
933 2148 964 2199 et
984 2141 1100 2206 auimu.

178 2224 219 2287 Et
240 2227 316 2287 tales
339 2226 460 2304 quidem
483 2225 571 2285 nobis
594 2224 668 2284 daut
690 2223 893 2299 Academiae,
916 2242 1101 2306 synagogae

178 2309 250 2370 illae
270 2308 460 2389 perditionis.
494 2307 587 2370 Vides
612 2328 696 2388 ergo,
720 2316 751 2367 ut
772 2307 901 2367 ecclesia
916 2325 1101 2387 synagogae

177 2412 233 2473 per
255 2393 359 2454 omnia
380 2391 566 2472 respoudeat
587 2391 646 2451 hac
667 2392 825 2470 allegoria,
849 2399 878 2450 et
901 2408 991 2468 quam
1006 2393 1101 2469 pauci

179 2478 249 2554 siut,
272 2477 323 2554 qui
346 2476 383 2536 ab
406 2476 452 2535 his
475 2474 696 2554 perditionibus
721 2474 836 2534 servari
863 2475 1001 2553 possint,
1028 2493 1099 2534 oum

178 2559 239 2620 buc
260 2579 323 2620 uon
346 2560 445 2620 solum
469 2567 540 2619 eant
562 2561 685 2638 optimi,
708 2559 853 2637 pingues,
887 2566 917 2614 et
949 2555 1100 2636 quidquid

178 2642 293 2723 aliquid
315 2645 413 2703 estin
436 2643 583 2717 ecclesia,
614 2642 668 2701 sed
692 2653 722 2701 et
743 2641 832 2700 electi
866 2639 915 2699 hic
948 2638 1099 2701 seducan-

178 2734 235 2789 tur.
278 2727 458 2786 Omiseros
481 2745 553 2803 nos,
576 2727 627 2806 qui
650 2725 706 2785 sub
729 2724 788 2783 hac
820 2724 1006 2804 novissima,
1041 2724 1100 2785 sub

178 2816 225 2870 tot
246 2809 391 2891 Bantius,
421 2809 578 2869 Betbelitis
608 2816 639 2869 et
661 2807 835 2868 lllolochitis
869 2807 1101 2887 speciosissime

176 2893 372 2973 fulgentibus,
392 2901 487 2953 totum
511 2894 615 2952 orbem
640 2890 874 2967 devorantibus,
908 2909 1021 2949 nomen
1051 2909 1100 2951 ec·

177 2976 291 3037 clesiae
312 2977 387 3037 solis
410 2977 606 3051 iactantibus,
630 2975 728 3035 securi
760 2990 864 3033 sumus
893 2983 923 3032 et
953 2974 1100 3050 ridemus,

176 3077 234 3120 uec
255 3059 364 3120 tlemus
387 3059 436 3119 die
458 3077 495 3119 ac
517 3070 607 3119 nocte
630 3059 786 3138 sanguinis
810 3057 969 3135 lacrimas,
1006 3075 1101 3137 super

177 3146 361 3204 contritione
383 3143 442 3203 hac
465 3142 579 3222 loseph
601 3144 753 3222 pessima,
782 3148 813 3200 et
842 3159 934 3220 super
956 3142 1101 3203 interlec-

177 3227 260 3286 tione
282 3225 364 3287 filiue
386 3225 493 3307 populi
517 3231 612 3286 nostri
636 3225 856 3286 crudelissima.

258 3307 294 3371 lu
317 3309 387 3384 fine,
411 3311 437 3368 si
459 3309 536 3368 haec
559 3312 662 3370 omnia
685 3328 746 3368 uon
771 3314 907 3381 movent,
931 3307 1035 3366 sinunt
1058 3315 1101 3367 ts·

177 3410 248 3453 men
271 3414 290 3454 a
315 3412 348 3454 se
371 3395 534 3472 impetrare
568 3412 616 3452 me
651 3395 810 3469 miserum,
844 3396 995 3469 quotquot
1030 3401 1103 3452 suut

177 3476 333 3537 sacrifices
356 3479 532 3552 Missurum,
555 3475 636 3555 quod
661 3476 743 3537 omni
777 3475 948 3533 humilitate
970 3479 1000 3533 et
1034 3479 1102 3536 toto

177 3559 270 3621 corde
290 3560 329 3620 ab
353 3564 396 3622 eis
420 3566 510 3640 pets,
548 3578 677 3638 nempe,
708 3569 740 3618 ut
762 3556 872 3617 saltem
896 3556 956 3616 hoc
988 3574 1103 3619 concc-

175 3642 250 3705 dant
271 3661 346 3706 suae
367 3644 510 3724 propriae
531 3643 620 3704 saluti
645 3639 770 3725 aliquod
792 3642 973 3720 remedium,
995 3659 1035 3701 ue
1058 3644 1103 3705 iu·

175 3746 593 3765 W

247 3787 279 3855 1)
303 3783 423 3840 ibidem:
442 3790 493 3841 tri*
512 3780 609 3836 isnab.
