2392 4170
444 245 526 305 Doot.
545 243 625 301 llart.
645 239 726 299 Luth.
986 228 1048 302 261

127 411 305 478 adversario
329 418 398 491 tuo,
426 429 465 471 ne
497 408 576 471 lorte
597 405 698 469 tradat
720 413 751 469 le
772 405 883 485 iudici,
903 411 936 471 et
955 405 1049 471 index

129 497 230 560 undat
252 504 282 557 te
305 496 459 570 ministro,
487 493 568 554 etin
591 509 744 553 carcerem
770 493 913 569 mitteris,
949 494 1049 555 Arnen

130 581 201 644 dico
224 579 291 660 tibi,
313 598 375 641 non
397 576 497 639 exibis
509 575 590 655 inde,
615 574 836 639 donecreddas
849 578 1049 640 novissimum

129 663 341 747 quadrantem.
363 656 584 742 Respondeant
610 659 661 720 hic
682 660 868 722 Parisienees
896 662 999 742 talpae
1021 662 1053 722 et
1143 690 1148 711 ι

131 747 377 828 vespertiliones,
401 764 441 806 an
464 743 599 805 consiliis
614 743 735 804 omissis
759 744 934 826 nllapoena
954 745 1051 806 inten-

129 838 225 910 tetur,
262 830 372 892 nedum
396 833 481 890 tanta
504 834 533 888 et
556 832 700 905 aeterne,
731 834 765 888 ut
792 828 929 890 medetur
948 827 1052 907 iudici,

131 915 282 992 ministro,
304 913 429 991 carceri,
451 919 482 971 et
503 929 659 991 nunquam
682 917 784 987 exeat,
806 913 857 992 qni
878 932 941 975 non
964 911 1054 972 fuerit

131 996 302 1062 benevolus
335 995 522 1058 adversario.
565 994 640 1055 ltem
663 993 734 1056 dnm
757 995 844 1060 dicit:
881 994 912 1056 Si
934 1001 1051 1056 tantum

131 1101 185 1144 eoa
209 1080 352 1161 diligitis,
374 1081 426 1159 qui
449 1098 504 1138 vos
527 1078 673 1158 diligunt,
694 1098 786 1158 quarn
806 1078 979 1141 mercedem
1001 1079 1053 1140 bn·

132 1164 265 1228 bebitis?
308 1164 420 1225 Nonne
441 1170 472 1223 et
492 1160 646 1242 publicani
674 1169 705 1224 et
725 1169 906 1243 peccatores
927 1162 989 1225 hoc
1010 1162 1053 1223 ia-

133 1247 238 1311 ciunt?
280 1246 337 1309 Est
368 1247 429 1308 hoc
451 1244 587 1307 consiliis
610 1263 671 1306 non
695 1245 855 1322 obedisse,
880 1244 1053 1311 mercedem

131 1352 193 1396 non
218 1329 352 1405 habere,
381 1337 412 1391 et
428 1328 597 1410 publicanis
620 1334 650 1389 et
673 1328 885 1411 peccatoribus
907 1329 1054 1411 aequales

132 1415 223 1478 esse?
266 1413 349 1476 Idem
374 1413 476 1474 multis
497 1413 599 1474 verbis
626 1414 736 1473 asserit
756 1412 859 1476 Lucae
880 1415 909 1478 6.
952 1413 1056 1475 Olaret

134 1517 208 1579 ergo
243 1499 347 1560 omnia
377 1496 535 1577 praedicta
556 1515 662 1558 eornm
685 1497 814 1559 consilia
835 1517 905 1560 esse
928 1500 1057 1559 vereat

133 1580 250 1662 absque
278 1581 370 1643 dubio
400 1580 575 1641 necessaria
597 1586 782 1660 praecepta,
816 1600 896 1661 qnae
918 1581 1055 1642 Christus

133 1661 239 1727 Matth.
262 1663 332 1746 5.1)
370 1663 469 1725 dccet.
514 1662 566 1724 Sic
594 1669 623 1723 et
645 1664 753 1725 Petrus
784 1663 858 1725 dicit
880 1663 909 1728 1.
933 1663 997 1726 Pet.
1020 1666 1055 1728 b:

133 1750 249 1811 Omnes
270 1750 401 1811 invicem
414 1747 615 1808 humilitatem
627 1746 791 1810 insinuate.
833 1747 875 1809 Et
894 1748 984 1813 Rom.
999 1749 1058 1811 12:

134 1832 313 1913 Superiores
348 1833 480 1892 invicem
514 1829 706 1894 arbitrantes.
748 1830 819 1893 Non
853 1850 923 1892 esse
951 1837 1055 1892 autem

134 1915 196 1977 boc
217 1915 392 1994 consilium,
416 1920 449 1975 nt
470 1913 606 1975 inferiori
627 1932 685 1974 noe
707 1911 911 1994 humiliemus,
933 1912 1055 1995 probat,

134 1997 217 2078 quod
238 1999 345 2059 Petrus
374 1999 464 2059 infert
486 2001 516 2058 et
538 2016 663 2058 causam
699 1996 786 2059 affert
813 1996 931 2059 dicens:
976 1996 1057 2073 Quia

135 2083 218 2154 Dens
239 2082 377 2162 superbis
400 2082 522 2159 resistit,
544 2080 707 2143 humilibus
729 2087 831 2143 autem
854 2079 907 2142 dat
916 2081 1056 2161 gratiam.

134 2165 227 2226 Putas
249 2166 349 2226 adhuc
370 2183 440 2225 esse
461 2165 643 2242 consilium,
676 2165 725 2225 nbi
752 2165 860 2227 Petrus
880 2162 1055 2243 superbiam

136 2247 277 2324 affirmet,
299 2249 346 2307 cni
369 2247 452 2307 Deus
470 2248 599 2323 resistit,
633 2248 658 2308 si
680 2248 815 2311 inferiori
847 2255 879 2310 te
899 2267 963 2311 non
986 2245 1057 2309 sub·

136 2329 278 2391 miseris?
320 2329 463 2389 Vendere
484 2336 585 2390 autem
599 2332 704 2392 omnia
726 2339 757 2393 et
779 2332 854 2394 dare
870 2328 1056 2412 pauperibus

135 2431 198 2474 non
221 2431 290 2473 esse
312 2415 538 2492 paupertatem,
561 2429 652 2491 quam
684 2412 734 2476 isti
767 2422 889 2493 vocant,
911 2414 1056 2476 monasti-

136 2516 222 2572 cam,
254 2494 366 2577 probat
386 2493 433 2570 id,
466 2493 548 2573 quod
571 2494 678 2556 Petrus
709 2504 780 2576 post
800 2499 1056 2559 resurrectionem

135 2579 201 2642 ibat
221 2580 348 2659 piscari,
376 2579 455 2639 sicut
476 2584 507 2639 et
528 2584 634 2656 antee,
667 2597 735 2639 curn
758 2585 862 2641 tamen
884 2580 1059 2661 reliquisset

136 2663 249 2726 omnia.
292 2662 369 2723 Turn
393 2661 554 2722 monastici
577 2680 639 2723 non
663 2661 839 2724 solumnon
853 2661 1058 2724 venduntsua

136 2753 169 2807 et
191 2745 264 2806 dant
286 2744 488 2826 pauperibus,
523 2742 576 2805 sed
615 2746 719 2806 omnia
736 2747 874 2808 omnium
895 2744 979 2808 bona
999 2745 1057 2826 ipsi

139 2835 341 2909 congregant,
363 2836 394 2889 et
415 2847 490 2908 prae
512 2827 653 2888 omnibus
676 2827 841 2891 abundant.

219 2911 288 2974 Non
311 2911 410 2973 solum
440 2918 541 2972 autem
571 2910 745 2973 damnanda
765 2913 907 2993 impietas
929 2918 961 2972 et
980 2911 1058 2974 blas·

137 2995 260 3075 phemia
281 2991 464 3058 Scholarnm
487 3001 518 3055 et
529 2995 786 3058 monasteriorum
808 3002 865 3074 eet,
887 2993 1059 3075 quodhaec

137 3078 301 3158 sacrilegia
318 3077 452 3139 audeant
475 3076 598 3157 docere,
619 3078 673 3139 sed
695 3085 727 3140 et
747 3077 930 3141 detestanda
951 3097 1057 3140 eorum

137 3168 267 3222 stertens
290 3161 452 3222 oscitantia
474 3167 505 3222 et
526 3160 671 3241 pudende
692 3163 854 3245 segnities,
875 3161 926 3223 vel
947 3161 1059 3240 supina

83 3315 84 3324 ἵ
137 3245 299 3322 securitas,
335 3243 420 3322 quod
441 3245 587 3305 animalia
619 3245 679 3305 ista
700 3247 814 3309 ventris
845 3263 908 3308 non
941 3249 1058 3305 tantum

137 3346 228 3388 curae
251 3325 419 3388 habuerunt
441 3326 481 3388 ad
494 3328 705 3409 Evangelium,
727 3335 760 3389 ut
780 3328 875 3390 libros
892 3326 1057 3407 aliquando

138 3411 307 3490 aperirent,
341 3409 415 3470 lolia
437 3416 591 3471 verterent
618 3417 650 3471 et
681 3411 775 3473 verba
796 3411 905 3490 saltem
928 3410 1057 3491 inspice

137 3499 214 3558 rent.
257 3491 331 3554 Solo
358 3492 439 3552 enim
461 3494 600 3573 inspectu
622 3493 797 3573 verborum,
819 3513 888 3556 cum
911 3495 974 3554 sint
994 3499 1056 3555 tam

138 3576 274 3638 clareat
296 3575 465 3652 manifesta,
489 3582 634 3655 poterant
656 3577 808 3660 sacrilega
827 3578 888 3639 ista
919 3585 1057 3641 monstra

209 3763 241 3832 1)
261 3763 292 3818 ln
310 3761 376 3822 edit
396 3761 503 3834 priore:
522 3764 548 3821 6.
