2392 4170
130 245 173 318 72
364 238 516 321 Apologia.
526 240 646 344 Pbtitppt
666 240 829 303 Malanshtb.

132 427 319 506 proponunt.
363 421 466 502 Atque
498 420 613 482 utinam
644 419 733 493 nobis
767 438 828 483 non
857 420 917 480 hac
940 421 1056 479 tantum

130 515 217 588 parte
239 505 388 567 referrent
408 492 579 586 apo'stoios.
618 502 840 584 Scripturarum
861 503 1056 564 autoritatem

134 590 271 653 Obristus
301 590 397 664 citat,
431 599 462 650 et
495 588 551 649 sibi
586 588 652 649 vult
680 587 772 648 fldem
801 588 904 649 haberi
932 590 1059 728 propter

49 739 51 742 Α
134 673 309 754 Scripturas
337 671 600 753 suffragationem.
642 671 756 732 Paulus
778 691 875 752 prope
903 671 932 730 ni
957 669 977 729 ii
1000 668 1057 727 nisi

134 757 234 818 atiena
257 756 360 834 verba,
382 757 444 817 hoc
466 763 523 828 est,
546 757 713 836 scripturae
736 756 847 816 veteris
869 753 1057 814 Testamenti

134 848 244 918 sonet,
266 840 477 920 apostolorum
501 840 667 900 conciones
691 839 761 919 quid
785 837 866 898 aliud
890 844 979 914 aunt,
1002 836 1058 894 nisi

134 924 310 986 testimonia
333 923 371 983 da
390 923 510 984 Christo
526 923 656 1002 repetita
672 942 711 982 ex
725 923 819 982 veteri
833 917 1060 981 instrumento?

134 1005 200 1068 Soli
229 1005 393 1068 Sorbonae·
423 1007 488 1067 sine
511 1003 675 1087 Scripturis
709 1004 891 1067 credemus?
935 1001 1059 1064 Prodite

134 1108 190 1150 vos
213 1109 230 1149 e
252 1088 425 1151 Sorbonico
459 1108 576 1170 specu,
610 1089 746 1169 Magistri
770 1090 885 1170 nostri,
919 1089 948 1146 in
980 1085 1060 1146 banc

133 1173 243 1249 lucem,
265 1177 390 1232 utrum
414 1174 464 1252 qui
487 1173 578 1252 ocuti,
601 1192 674 1232 num
693 1170 805 1254 quael)
829 1171 912 1231 frons
936 1172 974 1230 sit
997 1178 1059 1231 tarn

132 1257 244 1336 ineptis
265 1254 455 1330 hominibus,
479 1254 647 1316 uideamus.
691 1254 815 1316 Scilicet
856 1254 1058 1334 apostolicum

134 1340 303 1399 institutum
326 1346 392 1419 est,
417 1339 548 1419 prodere
571 1337 685 1418 dogma
716 1341 782 1400 sine
804 1337 952 1398 testibus?
991 1354 1059 1396 cum

135 1441 174 1484 ne
215 1421 352 1483 Christus
395 1421 516 1502 quidem
569 1422 635 1482 sine
675 1421 836 1503 Scripturis
881 1420 936 1480 sibi
977 1419 1060 1480 credi

139 1505 279 1569 voluerit.

218 1587 297 1663 Quin
321 1588 508 1650 conterimus
530 1588 741 1668 apostolorum
765 1589 877 1648 facturn
902 1608 969 1647 cum
990 1586 1061 1648 Sor·

137 1672 259 1735 bonico.
304 1672 466 1752 Proposita
498 1671 535 1730 de
564 1671 643 1750 tegis
676 1673 781 1733 ritibus
815 1674 955 1753 quaestio
984 1678 1060 1750 erat,

135 1765 167 1814 ut
194 1757 224 1814 in
263 1774 331 1835 cap.
364 1759 412 1820 15.
441 1762 599 1836 gestorum
631 1756 877 1835 apostolicorum
911 1755 1060 1816 scribitur.

135 1837 181 1900 Ibi
210 1857 278 1898 cum
308 1839 400 1899 scriis
423 1838 608 1899 testimoniis
632 1838 808 1919 Scripturas
839 1850 868 1898 et
891 1838 1061 1899 manifestis

135 1924 323 2001 argumentis
355 1938 392 1981 ac
414 1922 508 2001 signis
543 1921 662 1980 divinus
696 1923 819 2002 spiritus
848 1921 1062 2003 significasset,

134 2012 243 2087 gentes
267 2023 328 2065 nou
352 2023 421 2064 esse
444 2004 617 2064 onerandas
641 2005 771 2065 iudaicis
795 2006 989 2079 ceremoniis,
1012 2005 1061 2063 de·

135 2090 250 2148 cretum
275 2094 322 2147 est
344 2087 384 2147 de
403 2086 552 2147 libertate.
586 2086 644 2146 Hic
666 2106 722 2149 vos
746 2090 912 2167 interrogo,
926 2088 1061 2168 Magistri

134 2172 248 2247 nostri,
273 2168 381 2249 quibus
404 2171 517 2250 signia,
546 2170 655 2248 quibus
679 2172 852 2252 Scripturas
881 2173 1061 2231 testimoniis

134 2254 236 2313 adacti
259 2254 296 2312 de
319 2252 450 2313 Lutbero
474 2255 771 2330 pronunciaveritis?
816 2255 996 2334 Quanquam
1024 2275 1062 2313 ne

135 2337 229 2416 signis
252 2334 401 2415 siquidem
424 2343 539 2397 temere
561 2337 731 2417 credemus,
754 2338 926 2418 Scripturae
946 2344 1061 2398 tanturn

134 2419 296 2482 credimus.
332 2420 451 2479 Deinde
466 2419 648 2498 deliguntur,
672 2423 722 2500 qui
743 2421 954 2501 apostolorum
981 2441 1061 2481 man-

136 2502 209 2563 data
231 2501 385 2583 perferant
403 2504 473 2563 viva
494 2521 580 2583 voce,
603 2503 844 2582 confirmentque
863 2504 1060 2564 ecclesiarum

134 2585 237 2650 fidem.
282 2585 348 2645 Vos
379 2605 468 2665 quern
503 2587 620 2645 mittitis
650 2587 687 2646 ad
723 2587 887 2667 eeclesias,
921 2590 970 2666 qui
1002 2587 1061 2646 iilis

134 2670 285 2729 rationem
309 2670 480 2729 sententiae
503 2674 622 2729 vestroe
645 2670 803 2750 exponat?
826 2672 985 2731 Postremo
1009 2670 1061 2730 ad·

134 2751 211 2812 dunt
232 2752 412 2832 epistolam,
435 2753 465 2811 in
488 2771 548 2831 qua
571 2751 699 2832 Spiritus
727 2757 823 2814 sencti
854 2756 1060 2813 testimoninm

134 2835 270 2915 allegant
293 2854 361 2895 cum
385 2836 483 2897 aiunt:
522 2835 627 2894 Visum
658 2839 705 2896 e'st
734 2835 858 2916 Spiritui
895 2845 1004 2897 sanct-o
1032 2844 1062 2896 et

134 2918 233 2980 nobis.
278 2918 342 2981 Vos
365 2937 454 2998 quem
479 2918 615 2998 spiritum
640 2919 801 3001 allegatis?

216 3001 330 3062 Audite
353 3001 488 3079 tandem,
511 3019 568 3061 vos
591 3002 702 3063 surdae
725 3003 863 3083 aspides,
887 3022 976 3081 quem
1001 3003 1062 3083 spi·

134 3085 222 3145 ritum
254 3084 319 3146 orbi
350 3090 497 3145 terrarum
526 3090 633 3144 testem
663 3087 803 3167 allegatis
837 3095 958 3145 vestrae
992 3087 1062 3145 doc·

134 3167 258 3228 trinae?
281 3167 426 3249 Spiritum
450 3167 506 3226 Dei
529 3167 666 3248 allegant
688 3171 832 3249 apostoli,
855 3190 977 3249 nempe,
999 3171 1059 3248 qui-

134 3250 189 3310 bus
223 3259 307 3310 certo
340 3249 504 3310 constabat
542 3270 597 3332 per
624 3250 812 3332 Scripturam
840 3252 876 3311 de
907 3253 1063 3312 voluntate

133 3334 265 3412 Spiritus
290 3334 398 3411 divini,
426 3335 486 3393 iarn
516 3340 548 3392 et
576 3335 715 3395 ecclesiis
746 3337 907 3395 constabat
929 3335 966 3394 dc
990 3355 1062 3416 apo·

133 3416 246 3477 stolico
261 3417 377 3497 spiritu.
412 3417 478 3478 Nos
502 3416 540 3476 de
551 3418 657 3497 spiritu
671 3424 772 3480 vestro
788 3419 858 3498 quid
872 3419 1062 3479 sentiemus?

133 3497 216 3574 Quid
240 3501 264 3559 ai
289 3500 376 3561 vobis
399 3500 509 3580 aliquis
530 3496 626 3581 dicat,
650 3502 731 3581 quod
755 3503 805 3562 ilie
827 3504 857 3561 in
883 3502 983 3562 Actis:
1017 3501 1061 3562 la·

134 3601 203 3642 sum
227 3590 258 3643 et
278 3583 405 3644 Paulum
434 3584 524 3663 novi,
553 3603 608 3644 vos
632 3593 732 3645 autern
757 3587 807 3664 qui
832 3585 930 3646 estis?
973 3585 1062 3663 Quid,

209 3719 377 3728 ---—-—
381 3718 514 3728 --w

209 3766 237 3837 1)
257 3766 288 3824 Iu
307 3766 349 3822 ed.
370 3766 454 3846 orig:
474 3779 603 3845 numqua.
