2392 4170
133 223 197 289 464
425 225 584 281 Gontntatio
603 221 788 282 Luthsriana'
838 202 848 246 ⁴

136 389 299 458 negemus,
331 381 397 439 sive
429 381 585 460 appellent
613 383 808 462 superstitem
835 381 919 441 illam
942 396 1056 440 concu-

136 463 332 542 piscentiam,
365 462 587 541 infirmitatem,
609 482 757 544 poenam,
780 464 1055 544 imperfectionem,

135 546 252 623 vitium,
274 556 327 605 aut
348 562 473 625 quoquo
497 547 590 606 modo
613 547 727 608 volent.
757 547 822 607 Nos
844 545 904 606 illis
926 544 1056 607 Paulum

135 630 321 708 opponimus
338 629 512 709 apostolum
526 639 673 707 nostrum,
696 630 800 706 idest,
822 631 969 710 gentium,
992 637 1056 690 tam

134 709 319 791 locupletem
342 719 496 791 autorem,
524 715 575 791 qui
607 731 667 773 non
697 733 759 773 uno
790 712 860 773 loco
882 721 1056 793 peecatum,

135 799 165 853 et
185 813 307 874 semper
328 803 504 874 peceatum,
537 814 691 875 nunquem
713 815 865 877 poenam,
895 812 1056 874 nunquam

135 877 413 956 imperfectionem,
441 896 597 956 nunquam
620 877 827 939 infirmitatem
850 885 951 942 vocat.
995 877 1055 940 Ne·

136 976 195 1039 que
223 962 304 1021 enim
325 961 516 1040 Augustino,
545 981 720 1041 quanquam
754 964 889 1022 omnium
922 980 1057 1041 summo,

136 1042 219 1102 licuit
240 1061 349 1104 vocem
372 1044 455 1105 Pauli
481 1053 606 1123 mutare,
629 1056 659 1105 et
680 1046 772 1105 aliam
795 1046 941 1106 invenire.

218 1128 355 1187 Dicimus
377 1146 467 1207 ergo:
496 1126 527 1188 Si
557 1127 754 1208 probaverint
786 1129 834 1189 vel
859 1147 898 1188 ex
920 1127 1057 1190 absurdi·

117 1215 198 1269 -tate
220 1211 401 1290 sententiae,
424 1211 471 1270 vel
495 1229 534 1270 ex
557 1213 788 1290 consequentia,
810 1220 972 1291 peccatum
996 1212 1057 1274 hoe

135 1310 284 1352 nonense
306 1302 465 1372 peccatum
491 1312 571 1368 vere,
593 1294 737 1354 cedemus
760 1303 789 1353 et
811 1303 972 1374 peccatum
996 1295 1058 1356 boc

135 1374 205 1436 loco
229 1394 291 1436 non
313 1383 485 1456 peccatum,
507 1377 561 1436 sed
584 1395 717 1456 poenam
732 1375 906 1456 significare
928 1395 1057 1439 consen·

56 1458 63 1463 ’
135 1460 262 1536 tlemus,
290 1460 406 1537 alioqui
433 1478 471 1519 ne
500 1461 618 1540 angelis
647 1460 769 1539 quidem
800 1460 840 1519 de
861 1460 951 1520 coelo
973 1460 1056 1521 aliod

135 1539 306 1621 dicentibus
337 1543 461 1605 cessuri.
506 1541 585 1617 Quid
614 1544 759 1623 quaeritis
793 1540 924 1622 amplius
948 1541 1057 1625 Sopbi-

135 1624 223 1685 stae?
251 1625 299 1685 Ae
322 1625 426 1685 Patres
455 1625 578 1704 quidem
600 1625 768 1687 excusatos
790 1625 910 1702 habeo,
932 1628 983 1705 qni
1008 1628 1057 1688 vel

134 1709 303 1769 tentatione
326 1708 374 1768 vel
397 1710 580 1768 necessitate
602 1708 704 1770 adacti
724 1708 842 1770 fortiter
864 1719 1056 1789 negaverunt

134 1794 296 1872 peccatum
318 1798 389 1871 post
410 1789 596 1871 baptismum
618 1810 787 1872 remanere,
810 1794 882 1871 quia
904 1810 973 1852 cum
998 1791 1058 1853 illis

134 1875 323 1956 pugnabant,
345 1876 396 1953 qui
419 1877 548 1954 gretiam
572 1876 751 1956 simpliciter
771 1875 937 1956 negabant.
982 1875 1056 1936 Ideo

137 1966 169 2019 nt
197 1958 288 2036 digne
315 1976 382 2018 eam
414 1958 681 2035 commendarent,
723 1966 920 2019 asseruerunt
952 1959 1058 2019 omnia

134 2047 264 2122 peccata
286 2040 405 2100 eulerri.
448 2040 489 2100 Et
509 2041 662 2103 serviebat
676 2060 777 2102 sermo
798 2059 905 2101 eorum
928 2041 1056 2121 pulchre

133 2131 163 2184 et
185 2131 256 2203 apte
277 2125 423 2183 materiae
444 2126 496 2197 (ut
517 2124 637 2203 dicunt)
661 2125 828 2202 subiectae,
851 2144 922 2184 nam
945 2125 1055 2185 adver·

131 2208 202 2267 sarii
225 2206 263 2264 de
286 2213 414 2285 peceato
436 2215 585 2286 regnante
613 2209 840 2288 disceptabant,
870 2207 930 2267 hoe
959 2227 1053 2290 nega·

133 2289 207 2350 bant
227 2288 346 2364 auferri,
369 2288 400 2349 id
422 2289 505 2366 quod
528 2292 654 2370 impium
677 2300 738 2369 est,
756 2310 827 2350 vere
850 2292 930 2350 enim
955 2300 1053 2351 totum

134 2380 295 2454 peccatum
317 2370 465 2432 abolitum
489 2380 544 2450 est,
568 2382 600 2433 ut
621 2391 746 2454 prorsus
769 2372 841 2433 nihil
865 2383 972 2454 regnet
995 2393 1055 2435 am·

134 2456 224 2537 plius.
269 2454 451 2534 Quanquam
475 2457 664 2536 Augustinus
691 2459 757 2537 ipse
787 2458 818 2516 in
848 2457 949 2516 multis
980 2458 1055 2519 locis

134 2539 227 2620 plene
251 2546 280 2598 et
300 2540 407 2598 vitium
431 2544 633 2620 etpeccatnm
650 2540 795 2620 appellet,
819 2547 850 2599 ut
872 2548 919 2601 est
941 2541 970 2599 in
995 2543 1055 2623 epi-

135 2622 216 2683 stola
237 2622 275 2682 ad
291 2621 521 2702 Hieronymum,
544 2623 594 2683 ubi
618 2625 699 2702 dicit,
722 2624 835 2682 nemini
855 2631 969 2683 tantam
988 2643 1055 2685 esse

135 2708 292 2766 caritatem
325 2705 357 2765 in
390 2706 450 2765 bac
481 2707 557 2784 vita,
591 2727 671 2789 quae
703 2725 765 2766 non
798 2709 902 2786 augeri
935 2706 1055 2768 debeat.

135 2790 238 2868 Atque
258 2789 299 2867 id,
322 2790 405 2867 quod
427 2790 546 2850 interim
570 2790 665 2863 deest,
687 2792 793 2850 vitium
816 2799 872 2867 est,
896 2792 1005 2869 inquit,
1027 2801 1056 2850 et

135 2874 281 2953 sequitur,
304 2891 343 2932 ex
366 2874 525 2951 quovitio,
547 2893 610 2934 non
633 2871 813 2933 instificetur
834 2875 863 2932 in
888 2884 1055 2952 conspectu

135 2956 191 3017 Dei
215 2957 314 3015 omnis
347 2957 464 3016 vivens.
517 2956 566 3016 Ex
599 2974 660 3035 quo
694 2957 785 3033 vitio,
819 2957 845 3015 si
879 2957 1055 3035 dixerimus,

134 3042 206 3119 quia
228 3047 388 3119 peccatum
411 3057 473 3099 non
495 3039 661 3118 babemus,
693 3041 751 3119 ipsi
785 3059 841 3100 nos
871 3038 1056 3115 seducimus,

135 3132 166 3184 et
189 3124 299 3182 veritas
322 3123 352 3182 in
376 3121 465 3182 nobis
487 3141 549 3182 non
573 3130 629 3184 est.
670 3122 718 3183 Ex
741 3142 802 3202 quo
826 3124 899 3183 vitio
924 3143 985 3182 non
1010 3133 1056 3183 est

134 3209 231 3266 iustus
253 3208 284 3266 in
308 3212 397 3283 terra,
421 3207 472 3285 qui
495 3206 573 3266 bene
592 3207 683 3267 iaciat
705 3214 736 3266 et
749 3225 809 3266 non
823 3214 940 3287 peccet.
969 3205 1055 3267 Haec

135 3290 332 3368 Augustinus.
376 3289 434 3349 Hie
456 3289 540 3350 vides
562 3299 592 3349 et
615 3291 819 3369 Augustinum
842 3290 922 3349 hanc
944 3291 1055 3350 autori·

134 3378 228 3432 tatem
251 3373 295 3431 sic
315 3372 514 3451 intellexisse,
538 3374 620 3453 quod
636 3373 830 3433 benefaciens
842 3380 959 3453 peccet,
982 3373 1055 3452 quia

135 3465 279 3536 operatur
299 3457 329 3518 in
353 3458 480 3518 caritate
501 3457 637 3517 nondum
660 3459 734 3517 satis
757 3464 863 3531 aucta,
897 3475 989 3535 quam
1012 3457 1054 3516 vi·

134 3538 209 3599 tium
232 3547 339 3619 vocat,
372 3539 445 3600 nihil
467 3540 549 3600 aliud
577 3542 607 3600 in
631 3559 724 3621 opere
747 3542 806 3600 isto
830 3539 939 3599 deesse
960 3539 1054 3600 disse

134 3640 221 3700 rens,
256 3641 348 3704 quarn
375 3624 498 3704 plenam
521 3625 690 3686 caritatem.
735 3623 851 3685 Suntne
873 3621 951 3684 baec
973 3623 1056 3684 clara

135 3706 230 3768 sobal
