2392 4170
131 239 193 307 51ss
428 241 587 297 Confutotio
604 243 768 296 [lutherianae

134 397 267 477 glossas,
289 397 344 458 aed
366 417 404 458 ee
425 396 651 477 magnificando
675 405 705 456 et
719 396 939 477 exaggerando
962 411 1054 476 quan·

132 489 194 540 tum
218 499 392 560 possumus,
411 488 443 541 ut
466 481 621 542 elucescat
637 480 863 541 confessionam
887 488 917 541 et
939 482 1054 561 magni·

132 563 289 624 fluentium
312 584 380 624 esse
403 584 480 645 opus
493 565 562 636 Dei,
584 565 635 641 qui
658 573 705 624 est
727 563 874 624 mirabilis
891 565 920 623 in
934 564 1055 625 Souotls

132 649 212 720 suis,
246 648 361 709 lanians
385 666 493 708 omnes
517 648 691 708 voluntates
723 666 794 707 suas
828 649 857 707 in
892 648 953 724 sis,
986 666 1054 708 oum

134 730 222 791 uobis
245 737 348 791 tamon
371 738 501 811 pennata
522 732 635 790 habore
657 729 834 810 videamur,
857 737 888 790 et
909 747 982 791 veae
1004 731 1055 792 ha·

132 813 269 876 beamus.
321 813 401 890 Quia
433 815 576 874 voluutas
608 815 672 874 sius
706 833 766 874 uon
805 821 852 874 est
882 822 1055 894 pauculum,

131 897 216 976 quod
236 899 267 958 iu
291 896 380 958 nobis
403 905 468 976 est,
501 897 555 958 sed
590 896 793 959 sanctificatio
825 905 934 958 nostre
949 896 981 976 1)
1016 896 1054 960 ab

131 980 185 1040 illo
209 982 277 1058 ipso
301 988 441 1060 peooato.

214 1063 378 1126 Concludit
409 1083 483 1143 argo
511 1063 623 1124 Paulus
657 1063 864 1124 conditionem
899 1065 983 1125 vitae
1015 1065 1055 1145 pli

130 1147 263 1209 hominis
285 1149 315 1207 in
334 1147 395 1208 hoo
411 1147 516 1208 aeoulo
530 1146 650 1207 diosna:
672 1146 767 1225 Igitur
782 1166 841 1225 ego
863 1148 931 1226 ipse
953 1156 1055 1208 mente

132 1231 232 1291 servia
254 1231 395 1309 legiDoi‚
418 1249 510 1291 earne
532 1237 635 1290 autem
658 1229 717 1309 legi
741 1231 871 1308 peooati.
894 1229 965 1307 Ego
988 1232 1054 1311 ipse

132 1329 211 1373 unus
233 1321 264 1374 at
284 1314 364 1374 idom
387 1314 492 1376 homo.
535 1313 601 1373 Neo
629 1312 726 1374 offioit
757 1312 900 1373 cavillum
924 1313 1055 1388 Latomi,

133 1398 185 1478 qui
208 1403 296 1476 putat
317 1398 377 1458 hoo
399 1399 444 1458 sio
464 1396 592 1474 intelligi
616 1416 727 1475 posse,
749 1397 828 1456 siout
849 1395 924 1456 illud
946 1411 1057 1478 stupam:

132 1479 201 1540 Non
224 1480 340 1541 habitet
364 1482 393 1541 in
417 1500 477 1554 me,
498 1479 559 1539 hoo
582 1487 638 1557 est,
660 1480 690 1538 io
714 1494 908 1556 cernemus,
931 1479 1055 1541 bouum.

131 1564 266 1642 lpsemet
286 1564 347 1625 hoo
368 1563 480 1625 Paulus
504 1563 548 1621 sio
578 1563 724 1641 exponit,
758 1562 832 1622 dum
865 1562 954 1622 dioit:
989 1564 1056 1644 Ego

133 1648 200 1725 ipse
222 1667 315 1707 oorna
338 1647 439 1707 servio
469 1646 529 1725 legi
559 1647 694 1724 peooati3
729 1647 786 1704 nisi
820 1644 896 1706 velis
930 1645 1055 1726 elegeris

133 1729 293 1807 glossator
310 1729 425 1790 addere
447 1735 478 1789 st
504 1729 619 1789 diuers:
650 1729 729 1789 Gaio
759 1747 827 1788 mea
850 1747 943 1788 camo
965 1732 1057 1792 servit

134 1811 198 1891 lagi
219 1814 347 1891 peceati.
384 1811 463 1888 Quid
486 1814 566 1873 euim
588 1818 670 1872 esset
692 1811 751 1872 hoo
774 1811 896 1872 disere?
919 1812 1056 1873 Olenium

135 1902 205 1957 sunt
228 1895 338 1974 verba,
362 1911 452 1975 quam
477 1902 510 1956 ut
530 1896 686 1976 patiantur
708 1895 890 1954 calumniam
914 1896 1056 1976 sophisti-

133 1995 211 2040 oam.
255 1980 324 2059 Ego
346 1980 424 2058 ipse,
446 1979 553 2056 iuquit,
576 1996 639 2037 nou
660 1978 746 2038 alius.
789 1978 918 2052 Deinde,
942 1981 1053 2053 semla,

133 2063 245 2140 inquit,
268 2081 329 2122 uon
348 2069 464 2121 tautum
487 2061 587 2121 habeo
610 2069 788 2140 peooatum,
819 2061 874 2121 sed
896 2064 999 2123 servio
1018 2063 1055 2134 oi,

133 2164 205 2221 ssu,
237 2145 319 2221 quod
351 2144 432 2203 idem
455 2144 552 2221 valet,
587 2163 659 2204 ooro
688 2164 757 2204 mea
778 2145 872 2204 servit
894 2146 932 2206 si.
976 2145 1054 2221 Quid

133 2233 235 2286 autem
257 2234 304 2286 est
324 2228 438 2286 servire
470 2226 621 2305 peccato?
655 2240 758 2289 nonna
791 2227 892 2289 iaoers
914 2229 980 2287 eius
1002 2244 1054 2289 vo·

133 2309 304 2369 luntatem?
326 2324 430 2370 nonne
452 2310 556 2370 faeere
578 2316 686 2370 oontra
707 2310 808 2390 legem
832 2310 910 2370 Dei?
933 2311 975 2370 At
997 2312 1055 2372 hoa

131 2391 204 2451 faolt
226 2411 309 2468 earo,
332 2392 403 2453 dum
426 2400 589 2472 repugnat,
611 2392 681 2452 dum
705 2394 857 2471 captivat,
882 2394 953 2454 dum
977 2395 1054 2454 fust.

133 2473 233 2534 Servit
254 2477 334 2535 enim
357 2476 402 2535 sio
422 2485 562 2555 peoost-o,
584 2476 638 2536 sed
662 2477 735 2554 quia
746 2476 875 2554 Spiritus
897 2496 961 2537 uon
984 2476 1054 2538 obe·

133 2556 192 2635 dit,
216 2576 274 2618 neo
296 2560 426 2619 vinoitur
447 2560 526 2620 illius
549 2558 718 2634 furoribus,
740 2558 810 2618 ideo
833 2577 894 2619 uon
918 2560 1053 2623 damnat.

133 2639 270 2701 Servitus
291 2644 409 2722 pooouti
434 2642 469 2702 lit
490 2644 608 2720 inanis,
632 2645 749 2702 omnes
763 2649 892 2702 conatus
910 2644 975 2702 eius
998 2644 1053 2704 fru-

132 2731 273 2800 strantur,
298 2725 351 2786 sed
374 2745 436 2785 nou
461 2725 530 2785 ideo
554 2725 645 2800 nihil,
668 2733 803 2784 autnon
828 2726 908 2785 mala
930 2732 977 2787 est
998 2728 1055 2786 iata

132 2808 279 2872 servitus,
314 2828 376 2868 uon
409 2808 480 2868 ideo
514 2828 574 2868 non
600 2816 709 2888 psooat
731 2824 803 2867 caro
827 2808 886 2868 huo
908 2810 1053 2869 servitute

132 2909 188 2949 sua
210 2891 308 2959 mala,
331 2910 505 2969 quanquam
529 2893 558 2950 iu
583 2910 693 2951 vanum
718 2892 827 2966 servit,
852 2898 882 2950 et
902 2891 1053 2952 Dominus

131 2991 205 3031 suus
227 2980 386 3051 peooutum
420 2994 481 3034 uon
516 2974 688 3054 praevalet,
723 2975 785 3033 imo
818 2974 887 3033 ideo
922 2984 1054 3035 meretur

130 3057 200 3133 ipso
235 3055 370 3135 oruoifigi
405 3066 436 3116 et
471 3057 588 3135 oooidi,
630 3067 661 3116 ut
694 3056 813 3116 desinat
853 3058 898 3116 sio
930 3060 1052 3118 servire.

131 3137 212 3197 Nihil
226 3138 259 3215 ³¹²)
295 3158 369 3218 ergo
404 3139 609 3200 damnationis
639 3141 760 3214 estiis,
795 3141 845 3217 qui
877 3141 1052 3202 inebriato

130 3220 198 3280 lesu
222 3230 301 3295 suut,
324 3230 354 3281 et
376 3242 438 3281 nou
454 3222 621 3282 seeundum
637 3242 762 3282 caruem
781 3222 949 3285 ambulant.
972 3225 1052 3284 Vere

131 3302 206 3362 nihil
229 3302 449 3380 damnationis,
482 3306 535 3365 sed
563 3326 624 3366 uon
654 3306 726 3365 nihil
756 3307 891 3385 peceati,
932 3307 1051 3386 pensati

133 3404 216 3461 vero,
238 3406 301 3446 non
324 3387 406 3464 quod
423 3389 569 3449 Latonius
592 3388 676 3450 solus
700 3388 786 3469 lingit
808 3408 842 3449 se
864 3408 968 3469 nosse,
990 3408 1051 3471 quo

203 3652 232 3704 tl
253 3651 284 3704 ln
304 3652 345 3705 ed.
364 3652 443 3707 len:
463 3657 560 3708 nostri.

200 3724 229 3787 ⁸)
249 3725 347 3780 Roma.
367 3725 393 3781 8.
409 3740 425 3765 0
