2392 4170
204 227 245 294 18
455 228 497 283 De
516 226 595 298 Capt.
615 228 714 298 Babyl.
731 228 873 284 Ecclesiae

202 384 364 465 apostolis,
381 390 413 443 ut
424 389 552 463 utraque
564 385 683 462 species
694 384 867 462 porrigatur
878 382 974 461 laicis,
996 384 1129 463 ideoque

202 468 353 528 ecclesiae
374 466 511 527 relictum
534 467 657 544 iudicio,
681 467 752 545 quid
775 466 824 526 hic
845 466 1018 527 faciendum
1041 470 1130 529 omit-

201 551 367 611 tendumve
389 551 444 627 sit,
478 551 525 611 cui
559 569 685 610 necesse
708 551 746 608 sit
769 549 904 609 obedire.
959 551 1044 611 Haec
1065 551 1128 614 ille.

201 633 306 713 Rogas
330 634 417 711 sorte,
441 652 519 712 quae
541 633 740 713 intemperiae
752 632 906 692 hominem
928 635 1053 713 agitent,
1075 642 1130 693 aut

202 725 309 777 contra
331 734 420 795 quem
446 716 568 790 scribat,
593 735 660 775 cum
684 735 743 796 ego
767 735 829 776 non
854 717 1021 777 damnarim
1039 720 1128 777 unius

203 801 318 880 speciei
341 819 427 859 nsum
452 809 482 859 et
471 799 652 859 tecclesiae
674 800 786 858 iudicio
809 797 980 877 reliquerim
1016 803 1128 860 utrius·

200 902 259 963 que
293 901 379 942 usum
418 881 621 942 statuendum
668 881 701 941 ld
730 881 812 961 quod
841 889 872 940 et
899 884 965 963 ipse
997 893 1127 944 conatur

201 984 338 1026 asserere
360 984 397 1026 co
419 968 487 1045 ipso
511 975 617 1027 contra
639 984 687 1024 me
698 972 897 1044 pugnaturus
928 952 1129 1063 Respondeo,

201 1048 231 1109 id
266 1068 362 1128 genus
398 1048 572 1128 disputandi
606 1047 747 1108 omnibus
776 1047 924 1108 familiare
958 1068 1041 1126 esse,
1075 1052 1127 1128 qui

201 1139 308 1193 contra
330 1131 492 1191 Lutherum
516 1131 660 1205 scribunt,
683 1139 716 1191 nt
737 1131 797 1191 hoc
819 1132 1080 1211 asserantquod'
1073 1153 1128 1192 rm

200 1224 349 1296 pugnant,
371 1223 423 1275 aut
445 1177 660 1295 fingantquod
679 1216 867 1292 impugnent.
900 1213 1128 1295 SicSylvester,

203 1299 247 1358 sio
269 1261 398 1371 hiccine,
430 1299 475 1357 sic
498 1298 620 1374 Emser,
643 1298 688 1356 sic
710 1296 912 1357 Colonienses
941 1316 1063 1379 quoque
1096 1310 1128 1359 et

199 1343 424 1456 Lovanienseb,
454 1402 472 1440 a
495 1400 623 1461 quorum
645 1381 769 1460 ingenio
792 1381 817 1438 si
841 1379 890 1440 hic
912 1381 1125 1442 irater'reoes·

200 1465 302 1539 sisset,
323 1471 430 1525 contra
451 1464 612 1524 Luthernm
637 1482 697 1524 non
720 1464 902 1542 scripsisset.

281 1546 341 1608 Sed
374 1547 487 1607 accidit
519 1548 590 1607 huic
618 1546 733 1607 homini
768 1546 881 1626 aliquid
913 1567 987 1626 prae
1016 1549 1126 1607 ceteris

200 1630 334 1711 felicius,
358 1632 519 1690 cumenim
541 1638 622 1690 esset
644 1629 836 1709 probaturus,
859 1648 959 1710 neque
980 1649 1126 1711 praecep·

199 1720 263 1774 tum
287 1732 386 1794 neque
398 1714 580 1791 consultum,
603 1713 655 1773 sed
679 1713 802 1773 arbitrio
815 1714 965 1774 ecclesiae
987 1715 1125 1774 relictum

201 1798 296 1857 utrius
318 1799 431 1876 speciei
454 1816 552 1872 usum,
573 1795 690 1857 inducit
712 1795 899 1876 Scripturas,
922 1796 1031 1876 quibus
1053 1815 1125 1876 pro-

201 1878 262 1961 bet,
284 1888 450 1960 praecepto
465 1878 574 1939 Christi
596 1898 664 1939 esse
687 1899 777 1939 unam
799 1897 856 1958 pro
879 1880 964 1939 laicis
981 1886 1125 1940 statutam

200 1966 345 2043 speciem.
395 1963 435 2024 Ut
468 1964 511 2023 sic
541 1981 645 2022 verum
668 1964 721 2037 sit,
754 1980 836 2022 novo
862 1961 923 2023 hoc
951 1963 1126 2045 scripturae

199 2047 374 2127 interprete,
397 2065 487 2106 unam
511 2047 644 2126 speciem
670 2065 731 2106 non
750 2052 959 2126 praeceptam,
983 2054 1014 2107 et
1035 2046 1125 2106 simul

199 2137 395 2227 praeceptam
426 2149 494 2189 esse
517 2150 535 2190 a
556 2129 686 2189 Christo.
732 2128 826 2188 Huius
849 2148 962 2209 genere
992 2129 1126 2209 disputa·

198 2214 291 2274 donis
313 2231 429 2289 novae,
452 2213 526 2288 scis,
549 2220 582 2271 ut
603 2212 765 2291 Lipsenses
788 2212 837 2271 isti
860 2212 1011 2273 dialectici
1032 2230 1124 2292 pecu·

198 2296 312 2356 liariter
333 2301 465 2356 utantur.
510 2296 618 2355 Nonne
642 2301 673 2354 et
695 2295 817 2370 Emser,
846 2314 913 2355 cum
940 2297 1043 2378 priore
1065 2315 1122 2356 suo

198 2379 303 2440 libello
325 2377 417 2458 profit
418 2386 533 2457 eretur,
555 2397 623 2437 sese
646 2378 775 2438 candide
798 2341 836 2438 de
859 2398 908 2438 me
931 2379 1029 2459 loqui,
1052 2385 1084 2439 et
1104 2399 1124 2438 a

200 2480 248 2522 me
270 2464 429 2522 convictus
459 2461 497 2522 de
524 2462 678 2523 teterrima
705 2461 820 2522 invidia
850 2460 1009 2542 foedisque
1040 2481 1123 2522 men·

199 2544 334 2624 daoiis,
326 2565 357 2604 rn
368 2546 539 2626 posteriore
554 2563 601 2604 me
623 2545 833 2605 confutaturus
852 2552 1013 2626 utrumque
1030 2546 1123 2626 plane

199 2627 370 2704 confitetur,
393 2636 424 2688 et
445 2630 532 2724 nigro
555 2636 585 2687 et
597 2627 728 2689 candrdc
749 2629 852 2688 animo
871 2648 939 2690 sese
953 2629 1122 2709 scripsisse

137 2733 140 2738 ·
200 2711 303 2772 Bonus
325 2710 443 2771 scilicet
465 2714 518 2788 vir,
542 2719 574 2771 ut
596 2713 685 2773 nosti.

284 2794 344 2856 Sed
368 2795 439 2855 audi
461 2801 597 2856 nostrum
611 2797 785 2874 speciosum
804 2796 1017 2874 spectatorem,
1040 2795 1123 2875 apud

198 2896 288 2956 quem
317 2877 398 2937 idem
423 2886 470 2938 est
504 2877 657 2938 arbitrium
691 2878 841 2938 ecclesiae
863 2884 893 2938 et
923 2885 1121 2957 praeceptum

198 2961 320 3039 Christi,
342 2981 445 3021 rursus
467 2960 547 3021 idem
569 2969 764 3040 praeceptum
779 2960 888 3021 Christi
903 2970 933 3020 et
957 2980 1018 3021 non
1036 2980 1122 3040 prae·

198 3051 320 3125 ceptum
344 3044 464 3105 Christi.
509 3044 577 3119 Qua
599 3044 780 3104 dexteritate
805 3043 925 3122 probet,
946 3063 1039 3104 unam
1057 3051 1122 3103 tan·

198 3134 262 3187 tum
284 3128 417 3206 speciem
443 3128 538 3205 laicis,
559 3134 725 3206 praecepto
750 3127 877 3203 Christi,
900 3127 930 3186 id
953 3134 1013 3202 est,
1045 3126 1122 3186 arbi·

198 3211 256 3271 trio
291 3211 456 3288 ecclesiae,
496 3210 638 3272 dandam.
692 3209 798 3269 Literis
833 3212 913 3269 enim
948 3210 1122 3270 maiusculis

197 3294 349 3373 signatio
378 3294 459 3353 hunc
489 3293 631 3354 modum:
661 3290 971 3355 FUNDAMENTUM
993 3292 1123 3353 lanan

197 3376 333 3438 LlBILll.
364 3376 484 3436 Deinde
504 3384 614 3436 tractat
636 3382 728 3456 caput
750 3377 778 3439 6.
801 3377 928 3447 lohann.
950 3376 1120 3437 incredibili

197 3461 365 3538 sapientia,
398 3459 449 3519 ubi
472 3459 608 3520 Christus
638 3458 676 3518 de
705 3479 785 3539 pane
815 3459 892 3520 coeli
920 3467 950 3520 et
977 3459 1015 3521 de
1043 3479 1123 3539 pane

198 3543 294 3622 vitae,
331 3543 382 3622 qui
417 3548 464 3603 est
485 3544 568 3622 ipae,
598 3542 740 3622 loquitur.
785 3542 871 3617 Quae
902 3541 995 3602 verba
1027 3542 1121 3603 homo

198 3625 393 3686 doctissimus
415 3644 478 3686 non
489 3625 583 3687 modo
605 3625 645 3686 ad
667 3625 1007 3687 sacramentnmaltaris
1020 3625 1122 3701 trahit,

196 3727 301 3775 varum
324 3716 354 3770 et
377 3709 437 3769 hoc
458 3709 541 3790 facit,
563 3712 606 3787 ut,
625 3710 697 3789 quia
719 3709 856 3770 Christu's
878 3708 1014 3770 dixerat:
1052 3709 1122 3790 Ego
