2392 4170
405 256 491 318 urna
505 251 771 335 prunnon.
993 240 1056 317 139

132 431 241 515 Paulo,
262 432 325 495 imo
344 432 461 514 spiritui
483 426 591 493 saneto
613 428 715 509 orode,
739 449 800 492 non
823 436 896 495 sunt
923 426 966 490 iiii
990 424 1054 507 epi·

133 516 424 599 soopi,sedid01a,
447 516 569 595 larvae,
600 522 737 576 monstra
767 520 798 579 et
818 519 962 596 portenta
992 514 1057 574 irae

133 603 203 666 Dei.
246 601 422 682 Episcopus
445 600 531 662 audis
553 600 604 661 hio
625 597 780 683 definiril)
803 601 884 664 viros
907 599 1057 679 ooniuges

132 692 166 750 at
195 685 344 748 honestos
377 686 407 746 in
437 705 499 746 una
527 685 675 760 civitate,
711 691 863 765 quotquot
890 678 1057 746 necessarii
1137 680 1140 685 '

133 769 265 831 suntad
288 768 613 850 ourandumpopuium
637 765 774 829 eiusdem
796 769 938 830 eivitatis.
972 767 1059 828 Haeo

134 851 309 932 definiti02)
344 873 406 915 uon
439 853 613 928 eooiesiae,
643 871 707 914 non
737 851 967 929 Consiliorum,
995 868 1058 911 uon

133 938 276 1016 Petrum,
298 956 361 998 uon
385 936 517 1017 denique
545 936 737 1016 lupanarium
765 937 892 998 istorum
915 934 1060 1017 prostitu⁴

135 1021 324 1082 tissimorum
347 1021 563 1082 Parisiensium
585 1025 618 1080 et
638 1019 891 1099 Lovaniensium,
915 1018 969 1081 sad
991 1017 1057 1098 Spi-

133 1106 209 1166 riuus
232 1105 340 1181 saneti,
361 1105 416 1166 sed
438 1105 507 1165 lesu
521 1103 642 1184 Christi,
666 1101 720 1164 aad
743 1103 866 1167 divinae
889 1101 1058 1166 maiestatis

134 1195 193 1267 est,
214 1187 362 1250 adversus
383 1209 474 1270 quam
497 1189 521 1248 si
539 1188 672 1249 universi
687 1188 790 1270 angeli
814 1187 853 1250 de
876 1188 967 1249 eoelo
990 1204 1060 1247 oum
1174 1251 1176 1255 ,

135 1279 202 1334 tota
223 1278 364 1334 ereatura
387 1277 548 1353 saperent,
571 1270 662 1351 quid,
685 1271 833 1349 obseoro,
861 1280 893 1334 te
914 1269 1062 1335 deberent

135 1356 287 1418 movere?
329 1355 441 1418 Nonne
472 1374 527 1416 eeu
556 1356 648 1416 inane
676 1355 793 1416 arboris
820 1355 926 1419 folium
954 1370 1062 1415 eorum

135 1439 231 1501 verba
260 1439 388 1501 deberes
415 1441 580 1507 aestimare
607 1458 681 1519 prae
710 1439 811 1501 verbis
841 1440 888 1501 his
917 1445 1064 1501 aeternae

135 1524 330 1585 maiestatis?
377 1522 470 1602 Nune
505 1542 572 1584 oum
606 1523 633 1584 ei
667 1522 868 1587 adversentur
905 1541 968 1585 non
1003 1518 1063 1582 nisi

135 1605 247 1668 foedae
268 1608 376 1668 simiae
398 1614 428 1668 et
448 1626 549 1668 merae
572 1606 674 1668 larvae
687 1607 856 1687 homiuum,
878 1626 939 1669 non
963 1605 1064 1666 minus

134 1689 280 1751 indootae
302 1709 393 1770 quam
415 1692 551 1770 impiae,
577 1689 804 1753 inutilissimum
827 1692 947 1753 soilieet
967 1689 1064 1750 homi·

136 1794 208 1834 num
240 1774 351 1851 ohaos,
386 1774 468 1855 quod
500 1776 551 1835 vix
585 1774 730 1835 idoneum
761 1782 808 1837 est
839 1777 922 1857 ipsas
962 1774 1064 1836 larvas

110 1857 334 1938 .episoopoles
357 1866 488 1938 gestare,
511 1858 581 1938 quid
605 1862 668 1935 est,
691 1859 773 1938 quod
797 1878 850 1921 eos
873 1866 926 1920 aut
946 1875 1064 1939 paveas

134 1947 190 2001 aut
211 1941 357 2001 miraris?
393 1961 430 2002 ao
452 1960 514 2002 non
542 1943 643 2022 potius
676 1961 732 2004 oeu
755 1942 842 2005 labes
874 1951 904 2004 et
927 1940 1066 2003 maculas

135 2023 218 2084 orbis
249 2031 396 2085 terrarum
431 2025 526 2086 duoas
561 2029 613 2101 (ut
640 2023 794 2109 Petrum)
826 2045 881 2088 eos
905 2021 1062 2106 appellat)

134 2126 205 2167 eum
227 2109 378 2169 universis
401 2111 463 2170 suis
486 2110 618 2190 pompis,
641 2110 772 2188 statutis,
794 2110 911 2191 ritibus,
935 2106 1061 2171 menda·

138 2189 225 2250 oibus
246 2198 278 2252 et
300 2192 478 2272 saerilegis?

223 2273 341 2336 Adeste
363 2293 437 2355 ergo
466 2295 532 2353 vos,
556 2273 778 2340 abominabilia
797 2283 934 2340 monstra
956 2282 1065 2354 terrae,

138 2363 170 2418 at
199 2360 350 2419 rationem
381 2358 518 2437 reddite,
552 2358 634 2419 uode
661 2366 693 2421 et
723 2380 784 2440 qua
817 2363 981 2424 autoritate
1011 2378 1067 2420 vos
1145 2373 1148 2377 '

138 2441 214 2502 estis
247 2443 459 2503 et'vooamini
487 2441 655 2522 episcopi?
699 2442 828 2523 Spiritus
862 2451 986 2507 sanetus
1014 2442 1068 2503 uni

140 2525 256 2612 civitati
279 2525 380 2603 plures
404 2526 563 2586 constituit
582 2526 764 2606 episeopus,
787 2546 843 2589 vos
866 2528 979 2606 singuli
1001 2526 1066 2606 plu·

138 2606 233 2668 ribus.
269 2607 309 2669 Et
331 2627 408 2668 unus
431 2609 515 2688 Papa
538 2607 680 2670 omnibus
703 2609 786 2671 orbis
813 2611 988 2672 civitatibus
1007 2610 1070 2690 epi·

138 2707 253 2770 soopus
275 2710 344 2753 esse
366 2693 477 2756 nititur.
522 2690 589 2767 Qua
612 2692 798 2759 autoritate?
825 2694 937 2756 Nonne
957 2693 1068 2774 ipsius-

140 2778 204 2834 met
232 2773 382 2849 Satanae‚
410 2775 603 2836 adversantis
632 2772 688 2856 per
719 2795 775 2840 vos
804 2777 934 2859 Spiritus
969 2776 1069 2838 sanati

139 2857 320 2918 autoritati?
355 2857 434 2934 Quid
455 2857 585 2938 habetis,
608 2860 691 2939 quod
713 2861 764 2924 hio
785 2863 931 2942 mutiatis,
954 2860 1069 2940 impiae

140 2947 173 3000 et
186 2941 357 3022 saerilegae
370 2941 496 3003 larvae?
515 2941 733 3005 Ooocludimus
747 2947 852 3028 itaque
863 2965 932 3007 oum
946 2943 1069 3024 iiduoia,

141 3041 198 3083 vos
220 3025 307 3085 iuxta
329 3024 448 3086 divinas
471 3026 575 3087 literas
599 3032 631 3087 et
648 3028 804 3092 decretum
819 3029 949 3111 Spiritus
971 3026 1070 3090 sanati

141 3124 242 3185 neque
265 3127 334 3168 esse
356 3115 456 3187 neque
479 3108 539 3169 dioi
562 3111 744 3193 episcopos,
767 3113 822 3175 sed
843 3115 941 3195 magis
963 3111 1070 3174 adver·

142 3191 242 3263 sorios
265 3196 297 3252 et
318 3198 490 3253 vastatores
514 3199 576 3253 tam
599 3196 815 3276 episcoporum
838 3216 930 3276 quam
953 3194 1069 3258 deoreti

142 3273 236 3332 divini
261 3274 299 3333 de
322 3276 477 3357 episeopis
515 3278 749 3342 constituendis.
793 3281 875 3341 Estis
903 3299 977 3342 vero
1007 3279 1070 3360 epi·

141 3358 232 3437 soopi
262 3359 429 3419 vocatione
458 3359 593 3421 Satanae
622 3367 654 3422 et
682 3365 901 3426 constitutione
935 3362 1070 3445 apostoli

141 3441 208 3501 eius
224 3441 337 3520 Papae,
358 3442 442 3502 unda
463 3448 494 3503 et
513 3449 598 3505 reete
620 3449 774 3508 vooamini
788 3456 946 3509 creaturae
957 3449 1070 3528 Papae,

140 3542 205 3585 non
227 3526 351 3605 spiritus
372 3527 486 3604 sanoti3
507 3527 606 3606 qualis
628 3537 769 3611 oreator,
801 3531 879 3594 tales
901 3537 1071 3594 ereaturaa

252 3733 285 3798 1)
314 3733 346 3786 In
377 3731 423 3787 ed.
455 3698 554 3804 origov
569 3727 691 3789 diffiniri.
743 3734 775 3802 2)
807 3731 901 3798 Ibida¹
932 3728 1069 3790 ufflntuu

146 3803 179 3876 ‘)
200 3804 226 3860 2.
248 3802 320 3859 Patr.
338 3805 365 3867 2.
904 3876 907 3880 ἡ
1112 3816 1114 3821 ’
