2392 4170
386 244 526 297 Ambrosii
545 243 658 297 Ostbsr.
675 261 700 298 a.
719 243 797 300 1521.
996 243 1061 310 369

138 397 228 474 perlis
260 396 306 455 his
336 397 457 456 subiicit
484 405 515 456 et
540 397 676 476 impellit.
720 396 817 472 Quem
845 415 918 459 varo
940 400 971 457 in
994 407 1061 462 toto

138 478 211 538 orbe
234 498 295 539 non
320 479 455 557 subiicit,
477 482 533 539 nisi
557 481 686 540 inientes
719 480 797 540 forte
830 491 861 541 et
894 480 1059 562 simplices,

137 563 296 640 incognito
320 563 448 623 consilio
472 562 531 623 Dei
555 563 714 624 servatos?
757 563 784 624 0
806 563 899 624 homo
929 567 1060 644 peccati,

136 663 153 704 o
178 643 220 703 flti
244 643 434 723 perditionis,
457 664 476 706 o
499 645 706 716 abominatio,
728 666 748 707 o
770 655 922 725 vastator,
947 666 966 708 ο
989 666 1060 709 con-

135 728 331 787 scientiarum
355 729 500 788 malarum
525 739 623 807 autor,
655 728 771 790 olalse
793 728 941 790 bonarum
966 735 1059 814 magi-

134 819 207 888 ster,
232 829 250 870 o
275 810 370 872 hostis
393 810 463 872 lidei
486 819 516 871 et
538 812 684 872 libertatis
708 812 909 874 Christianae.
934 813 974 873 Et
990 817 1059 895 quis

134 893 212 953 haec
235 892 353 953 infinita
377 897 470 954 marie
502 895 651 955 malorum
674 896 762 955 liuius
783 897 955 976 portentosi
978 901 1060 978 regis

134 975 358 1056 complectatur
380 987 492 1056 mente,
515 978 626 1050 nedum
649 979 809 1057 eloquatur
831 979 948 1039 verbo?

218 1059 279 1120 Sed
302 1061 438 1121 noudum
462 1059 529 1121 finis
554 1062 712 1121 malorum.
756 1059 788 1121 Si
810 1061 865 1122 has
888 1062 1057 1141 legessuas

134 1143 343 1202 statuissetis
365 1144 509 1224 operibns
531 1145 590 1204 illis
613 1146 766 1222 virtutum,
788 1145 895 1224 quales
917 1148 946 1205 in
961 1147 1058 1208 Deca-

135 1225 208 1304 logo
236 1228 473 1306 praecipiuntur,
507 1235 559 1291 aut
580 1227 686 1306 quales
709 1227 884 1308 philosophi
919 1238 950 1288 et
972 1238 1057 1291 natu·

134 1309 206 1368 ralis
230 1311 307 1370 ratio
332 1310 435 1386 dictat,
456 1316 489 1369 ut
510 1320 580 1370 sunt
609 1310 734 1386 iustitis,
756 1310 913 1388 fortitudo,
944 1321 1057 1392 tempe·

135 1393 244 1468 rantis,
268 1394 404 1469 castilas,
427 1393 644 1469 mansuetudo,
669 1395 790 1470 veritas,
813 1391 935 1455 bouitas
959 1403 990 1455 at
1011 1396 1059 1456 his

134 1475 254 1548 similia,
279 1475 358 1536 forte
386 1495 579 1556 synagogam
609 1476 708 1537 solum
731 1477 940 1537 constituisset
967 1487 998 1538 et
1020 1481 1057 1539 oi·

136 1559 226 1617 vilem
261 1559 414 1636 quandam
449 1560 593 1619 iustitiam
633 1561 663 1619 in
703 1559 808 1620 orbem
844 1570 1058 1640 propagasset.

134 1640 211 1700 Nam
234 1660 290 1720 per
312 1642 389 1701 haec
410 1644 500 1702 etiam
523 1640 600 1701 fides
622 1642 729 1705 fuisset
757 1649 895 1718 vastata,
927 1645 1005 1704 sicut
1026 1646 1056 1704 in

133 1723 254 1786 ludaeis
291 1725 474 1789 vastabatur.
519 1724 608 1784 Nunc
640 1745 712 1791 vero
744 1729 823 1785 intra
852 1725 910 1786 hos
947 1726 1057 1788 limites
1121 1786 1123 1790 .

134 1826 195 1867 non
219 1808 369 1887 consistit,
392 1809 453 1868 imo
477 1809 572 1867 rarius
595 1808 673 1869 haec
696 1814 792 1887 urget,
814 1816 844 1867 et
866 1808 952 1869 lateri
974 1813 1056 1890 cogi-

135 1909 199 1950 mur
222 1891 323 1951 mitius
345 1910 414 1950 eum
438 1910 560 1970 nocere,
583 1890 628 1951 his
651 1892 775 1951 infinitis
804 1891 953 1953 malorum
984 1900 1058 1952 tem-

133 1973 303 2051 pestatibus
336 1973 374 2034 ad
397 1994 444 2049 ea,
468 1993 548 2053 quae
570 1984 747 2055 sequnntur,
770 1976 968 2054 comparatis.
1009 1975 1056 2036 Ad

133 2058 325 2117 ceremonias
354 2057 434 2116 enim
467 2063 499 2117 et
518 2056 667 2138 figmenta
699 2077 754 2117 sua
784 2057 933 2137 impellit,
970 2059 1057 2134 locis,

132 2140 283 2219 personis,
307 2140 451 2215 vestibus,
475 2139 560 2219 cibis,
584 2141 705 2218 diebus,
729 2140 865 2221 gestibus
894 2161 952 2202 nos
974 2143 1056 2202 stoli·

133 2224 199 2299 dos,
222 2222 372 2303 stupidos,
395 2223 515 2300 stultos,
539 2225 600 2284 imo
615 2231 738 2285 truncos
761 2233 791 2284 et
804 2225 921 2303 stipites
939 2225 1056 2305 alligat,

133 2317 165 2365 ut
187 2325 236 2366 me
257 2307 343 2366 istius
366 2305 604 2367 abominationis
633 2316 664 2368 et
694 2326 827 2367 nauseae
856 2308 895 2367 ad
927 2320 1054 2369 mortem

133 2407 230 2468 usque
251 2408 332 2469 pene
362 2389 475 2469 pudeat
508 2399 538 2449 et
573 2392 685 2469 pigeat.
729 2389 866 2450 Christus
900 2393 980 2451 enim
1005 2393 1058 2474 (ut

133 2469 216 2549 dixi)
241 2479 273 2532 ut
306 2491 413 2532 omnes
450 2473 534 2553 leges
569 2493 623 2553 per
658 2473 828 2533 libertatem
863 2474 992 2550 sustulit,
1015 2477 1058 2536 ita

134 2555 229 2616 multo
253 2557 388 2615 maxime
411 2575 480 2631 eas,
514 2574 593 2634 quae
621 2557 708 2631 locis,
731 2556 885 2635 personis,
910 2558 1056 2635 vestibus,

132 2639 219 2715 cibis,
241 2637 347 2698 diebus
370 2645 401 2699 et
423 2638 570 2698 similibus
592 2638 705 2699 affixae
728 2643 807 2715 sunt,
822 2645 968 2699 utearum
983 2659 1055 2700 usus

133 2718 216 2781 esset
238 2720 380 2783 omnibus
404 2722 574 2782 liberrimus
596 2731 630 2780 et
648 2721 833 2798 indifferens,
856 2740 913 2780 neo
932 2723 971 2782 ad
984 2742 1056 2802 peo-
1154 2733 1156 2742 ¹

132 2813 234 2866 catum
249 2822 307 2864 nec
319 2805 358 2864 ad
376 2805 521 2865 iustitiam
535 2805 720 2866 formaturus
732 2806 963 2881 somniantium,
978 2825 1057 2885 quae

132 2888 200 2949 solo
235 2885 297 2948 fide
329 2888 358 2947 in
393 2890 492 2968 ipsum
525 2888 671 2948 subsistit.
716 2889 755 2947 At
783 2907 865 2967 papa
890 2906 952 2949 non
984 2907 1057 2949 oon·

132 2978 235 3032 tentus
257 2970 367 3032 saltem
388 2973 432 3031 eis
458 2971 544 3049 locis,
567 2971 654 3045 cibis,
677 2970 829 3049 vestibus,
851 2970 968 3050 diebus,
990 2973 1057 3052 qul-

132 3053 189 3115 bus
211 3053 264 3115 lex
287 3053 365 3114 Mosi
387 3054 573 3133 abundabat,
596 3052 650 3113 sed
673 3054 803 3134 propriis
826 3074 845 3113 a
866 3074 900 3115 se
916 3057 1056 3136 repertis,

133 3146 185 3199 ant
207 3136 247 3199 ab
268 3137 337 3197 aliis
359 3139 510 3218 acceptis,
533 3139 639 3217 eisque
661 3136 699 3197 de
728 3136 778 3197 die
805 3138 835 3196 in
859 3136 938 3198 diem
960 3140 1057 3198 auctis

132 3228 164 3281 et
184 3239 241 3303 pro
264 3239 349 3281 mera
383 3240 439 3281 sua
463 3222 586 3281 libidine
616 3220 823 3300 multiplicatis
857 3225 888 3280 et
922 3223 1057 3298 variatis,

133 3303 240 3367 orbern
276 3301 481 3365 Christianum
520 3305 637 3383 fatigat,
675 3304 843 3382 corrumpit
876 3310 906 3364 et
945 3312 1054 3366 vastat.

134 3385 225 3464 Quod
249 3395 282 3446 ut
304 3387 414 3447 clarius
438 3387 491 3447 fiat
513 3408 568 3469 per
581 3387 800 3464 inductionem,
823 3386 941 3467 aliquot
954 3407 1056 3448 exem·

132 3469 192 3552 plis
213 3471 423 3532 ostendemus.
833 3522 839 3535 .

190 3553 355 3616 .Cbristus
388 3554 509 3615 sublata
540 3553 675 3614 omnium
715 3551 851 3613 locorum
888 3552 1057 3614 differentis

133 3636 247 3718 ubique
268 3637 332 3696 snit
354 3637 424 3713 coli,
447 3656 505 3697 nso
526 3637 558 3696 in
587 3654 683 3716 reguo
706 3637 771 3695 eins
794 3636 872 3696 alius
895 3636 982 3696 locus
1010 3655 1057 3696 ss·

132 3738 195 3800 aar,
216 3719 296 3784 alius
320 3720 464 3801 profanus
487 3727 557 3798 est,
570 3718 625 3780 aed
647 3719 760 3798 ubique
794 3721 899 3780 omnia
931 3719 1057 3800 eadem3

177 3838 272 3883 mart
285 3847 337 3888 opp.
352 3838 379 3879 V·
393 3836 421 3876 t.
435 3837 472 3880 ad.
488 3810 529 3877 rat.
543 3838 594 3880 hist.
608 3839 624 3878 t.
637 3848 659 3888 p.
673 3837 723 3880 Vol.
737 3838 765 3881 V·
849 3806 889 3868 24
924 3885 932 3890 ,

631 4064 694 4141 ffls'
