2392 4170
138 262 202 334 398
427 267 588 324 eom
605 268 773 324 mosem

222 423 362 502 Denique
390 422 563 504 pessnsdeo
591 423 679 498 mihi,
710 442 773 482 non
804 424 898 483 tuisse
928 440 1063 503 nuqusm

138 504 326 588 prodituram
349 505 429 567 hsno
440 509 596 587 egregium
608 507 781 579 Rationem,
804 507 863 567 uisi
877 506 965 567 suits
987 504 1063 566 ildu-

139 591 218 651 oism
249 590 313 651 eius
342 587 495 668 inflessst,
532 608 595 670 que
627 590 776 670 glorietur
798 589 946 651 Lutosrns
974 604 1062 650 suen

137 673 252 734 ieotnm
287 671 539 752 eomprobotum,
577 673 736 733 somnisns
769 673 870 734 sdhuo
906 670 1062 733 Bellorum

138 757 282 835 antiquos
304 757 542 835 antiquatosque
563 765 710 832 terrores,
742 763 835 835 etque
859 755 932 816 hino
954 754 1062 836 orben

138 858 195 900 suo
216 838 320 900 libello
342 839 536 919 peveiootum
559 838 698 915 eonfldit,
726 844 759 899 ut
778 838 894 900 sudent
911 839 975 900 ism
996 839 1064 899 sins

118 924 247 984 ‘timore
269 922 300 982 iu
323 921 486 982 Lutherum
509 922 675 983 tremendis
696 922 754 982 Dei
777 920 1063 1003 seripturisindsre.

137 1005 179 1066 At
201 1024 260 1085 ego
273 1004 386 1066 nollem
411 1023 472 1066 non
494 1004 656 1087 probatum
680 1006 740 1065 tels
761 1006 875 1066 festum
899 1003 1061 1065 teliBulls.

136 1088 268 1149 Rursum
290 1088 404 1149 nollem
416 1107 464 1149 me
487 1108 549 1149 non
562 1088 739 1149 demnatum
763 1089 816 1149 tali
833 1088 936 1166 Bulla,
958 1089 1063 1149 omnis

136 1170 217 1236 belle
238 1172 427 1252 oongruunt,
451 1170 556 1249 Bulla,
585 1191 692 1254 oense,
720 1171 831 1250 iudex,
853 1179 1018 1253 petronus,
1042 1190 1062 1232 s

136 1271 267 1334 quorum
298 1255 454 1317 eontentio
475 1263 507 1317 et
535 1256 681 1335 eontsgio
708 1262 811 1316 servet
836 1272 888 1321 snt
908 1254 1062 1321 Domum

136 1336 235 1416 Iesus,
256 1346 287 1400 et
308 1357 416 1401 omnes
438 1339 505 1418 pies
528 1339 656 1404 enimse.
699 1340 807 1400 Amen.

217 1419 287 1481 Non
307 1421 398 1483 iuoile
420 1439 495 1481 vero
518 1420 643 1500 orodes,
672 1440 763 1500 quem
786 1422 898 1481 invitus
921 1419 1057 1480 olitoris

136 1502 272 1585 peoiflois
286 1504 407 1579 Christi,
431 1503 540 1583 quibus
556 1522 605 1566 me
625 1505 656 1565 in
679 1504 739 1568 hee
752 1502 881 1565 Pethmo
904 1501 1060 1581 dederam,

136 1587 260 1648 evulsus
282 1588 434 1668 veprioosi
455 1594 485 1646 et
506 1584 829 1668 sentioosiSophistee
850 1588 939 1668 ungis
957 1587 1061 1667 legen·

135 1670 182 1731 dis
204 1678 326 1751 tempus
347 1669 499 1751 impendi,
529 1670 636 1732 videns
655 1671 814 1734 hominem
838 1685 856 1729 a
878 1669 985 1750 plante
1006 1687 1061 1750 po-

134 1753 182 1814 dis
201 1754 242 1814 sd
265 1754 409 1815 verticem
422 1771 520 1833 usque
529 1753 743 1835 sophisticum,
764 1763 829 1819 tum
840 1752 948 1816 Bullee
958 1753 1063 1823 vestes

134 1843 306 1917 turgentem
329 1855 368 1897 eo
388 1835 576 1899 confidentis
597 1837 773 1917 sumpsisse,
796 1846 829 1900 nt
852 1837 993 1901 iamnes
1016 1835 1062 1896 di·

134 1920 260 2001 ligentie
281 1939 340 1980 neo
360 1919 474 1981 iudioio
494 1918 551 1980 sibi
575 1939 652 2000 opus
674 1921 769 1980 fuisse
792 1921 912 2000 putarit,
934 1926 1061 1981 eonten-

135 2014 185 2064 tus
209 2002 337 2081 effutire,
360 2001 507 2083 quidquid
528 2003 577 2063 vel
604 2003 713 2084 legerit
734 2003 782 2066 vet
803 2002 988 2063 intrusorem
1011 2021 1061 2063 ve·

134 2087 228 2164 nerit3
258 2087 369 2166 quibus
399 2085 646 2148 molestissimum
670 2097 717 2147 est
739 2086 942 2166 respondere,
976 2094 1009 2146 ut
1028 2087 1060 2146 is

134 2169 244 2252 quibus
265 2187 325 2231 neo
337 2169 494 2249 ingenium
506 2187 662 2247 eusroere,
684 2189 743 2230 nso
755 2168 960 2229 eruditionem
976 2170 1059 2229 olere

133 2254 255 2334 possis,
290 2260 321 2313 et
352 2259 455 2313 temen
483 2254 617 2333 optimos
650 2253 741 2314 horse
769 2253 897 2333 perdere
925 2253 1060 2332 cogetis.

133 2335 281 2416 Suspicor
302 2336 457 2396 hominem
471 2336 645 2416 credidisse,
669 2337 830 2396 Lutherum
853 2343 906 2396 eut
928 2334 1061 2397 emedio

132 2418 287 2480 sublatum
325 2426 378 2479 ent
407 2427 556 2500 perpetuo
595 2419 717 2480 silentio
759 2419 937 2479 demnatum
981 2438 1060 2498 esse,

134 2519 196 2584 quo
229 2521 348 2562 rursum
377 2501 472 2562 iibere
500 2503 654 2583 pubiicum
685 2511 874 2583 oeenpereut
896 2501 1059 2583 tyrannide

133 2586 310 2668 sophistioe‚
333 2587 608 2647 oninsimminutee
629 2587 747 2647 ruinom
763 2604 822 2645 non
845 2586 944 2646 issem
959 2605 1058 2646 susem

133 2671 255 2751 uulpem
277 2671 409 2748 feeiunt,
430 2676 523 2749 etque
544 2670 659 2730 utinum
682 2670 774 2753 piens
795 2679 877 2729 esset
900 2671 1003 2744 ruine,
1026 2674 1061 2730 ut

132 2753 224 2834 piena
246 2753 306 2815 heo
320 2753 421 2834 onips,
443 2753 557 2833 septies
579 2753 762 2817 irremisibs'ii
784 2755 831 2828 tsi
854 2752 1057 2813 sanctissimis

132 2836 287 2899 Bniisrum
309 2835 507 2917 pontitioibus
527 2834 720 2919 oredimus),
741 2854 872 2917 peousre
892 2836 1000 2896 liueret
1025 2836 1058 2895 in

137 2926 268 2981 mortem
292 2937 399 3000 nsque.

214 3003 333 3064 Vereor
352 3009 474 3081 eutem,
496 3020 551 3079 ne,
580 3002 651 3063 dum
674 3001 714 3063 de
735 3003 834 3084 gratis
855 3009 888 3062 st
909 3001 1057 3082 operibns

135 3087 226 3148 bonis
247 3086 366 3146 fortiter
386 3103 572 3182 pugnemus,
594 3087 714 3147 interius
737 3095 768 3147 st
788 3087 887 3165 gretie
909 3093 940 3146 et
955 3086 1057 3166 opeti-

132 3168 190 3230 bus
212 3188 269 3231 nos
292 3171 377 3251 ipsos
399 3187 565 3251 privemus.
609 3170 676 3249 ligo
706 3168 829 3248 quidem
852 3171 966 3231 intutus
989 3169 1058 3229 hor·

131 3253 227 3316 rende
245 3255 306 3315 ists
325 3255 390 3315 ires
414 3259 557 3333 tempore
590 3253 672 3314 eliud
695 3272 756 3313 non
780 3261 870 3332 peto,
908 3271 1002 3332 quem
1023 3259 1060 3312 ut

132 3335 241 3399 deutur
261 3337 361 3398 fontes
388 3355 538 3416 equarum
562 3337 653 3417 ospiti
677 3356 761 3413 meo,
791 3344 823 3395 ut
844 3334 917 3395 itere
940 3336 1056 3416 possin

133 3421 437 3483 vestutionemistsm
460 3421 658 3481 novissimam
672 3420 853 3497 animorum,
875 3437 966 3498 quem
985 3437 1057 3498 ope·

131 3511 215 3566 retur
245 3523 373 3586 regnum
405 3502 486 3564 istud
514 3505 635 3584 pseusti
664 3511 695 3563 et
721 3500 911 3583 perditionis.
963 3500 1058 3563 Sedet

130 3596 306 3668 portentum
333 3587 452 3649 Romsw
482 3587 513 3647 in
535 3585 638 3647 medio
661 3587 827 3666 sediminis,
860 3591 892 3645 st
919 3584 1057 3647 vessitst

131 3688 166 3732 se
185 3691 242 3754 pso
264 3672 349 3751 Deo,
375 3669 540 3732 sdnlsntur
560 3668 739 3751 pontifices,
768 3667 978 3749 obsequuntur
1000 3666 1056 3732 So·
