2392 4170
345 251 485 307 Ambrosii
505 250 617 308 Gathar.
635 267 659 306 s
679 250 756 309 1521.
956 244 1018 314 329

92 407 143 482 ris,
164 405 214 467 bic
236 406 331 487 loges,
352 412 476 486 statuta,
498 425 600 467 mores
623 413 654 467 et
676 403 931 483 consuetudines,
955 403 1016 464 dis-

93 488 308 569 pensationes,
336 490 575 572 irregularitates
597 500 628 550 et
651 490 716 550 eius
739 489 859 568 generis
881 487 1017 548 infinitae

94 578 191 653 (ques
213 592 329 633 nausea
351 583 395 633 est
427 575 618 649 meminisse)
651 573 898 634 abominationes
929 590 1016 631 suum

92 673 221 736 regnum
245 664 382 736 regnant.
426 657 457 715 ln
489 656 534 715 bis
564 659 622 717 sita
643 663 691 716 est
712 657 810 735 pietas
833 655 1016 734 Christiane,

92 739 123 798 hi
147 746 217 798 sunt
239 739 371 800 ecclesia
384 739 439 798 Dei
462 745 567 800 sancte
592 739 755 814 catholica,
777 741 807 798 in
825 738 871 797 his
895 739 1017 817 spiritus

93 817 229 895 habitat,
260 823 316 882 bos
340 841 400 882 non
424 841 516 901 posse
539 842 640 883 errare
662 822 847 882 credendum
871 829 926 880 est.
970 819 1018 883 Ob

92 904 208 965 nullam
232 904 322 964 eliam
346 924 488 982 causam,
517 924 609 984 quem
637 905 709 985 quie
739 906 783 965 sic
804 904 880 981 rasi,
912 911 942 962 et
974 905 1019 963 sic

92 988 194 1047 restiti
215 994 295 1063 sunt,
318 999 348 1048 et
369 988 457 1056 mulis
481 996 510 1047 et
532 988 646 1048 lecticis
664 986 732 1047 vehi
756 1006 825 1047 sese
849 987 1016 1066 patiuntur,

94 1071 214 1130 etiamsi
237 1090 298 1130 non
324 1071 417 1131 modo
439 1073 498 1130 sint
520 1072 603 1152 impii
628 1079 658 1131 et
682 1071 711 1130 in
730 1069 892 1150 scripturis
909 1069 1017 1149 ignari,

94 1153 149 1214 sed
172 1160 203 1214 et
225 1154 305 1213 civiti
338 1156 553 1232 communique
585 1173 677 1213 sensu
706 1154 831 1232 privati,
859 1152 1021 1213 Arcadicis

93 1237 187 1296 seinis
209 1236 354 1298 rudiores.
401 1236 519 1297 sufficit
541 1238 620 1296 enim
644 1238 701 1296 ista
724 1236 833 1314 facies,
859 1243 892 1295 ut
914 1236 1018 1295 omnia

95 1319 216 1398 possint
238 1327 269 1378 et
291 1319 435 1398 audeant,
457 1321 501 1378 sic
523 1320 633 1380 tollunt
657 1323 776 1379 crucem
800 1337 897 1398 suom,
920 1323 951 1378 et
974 1337 1020 1377 se·

96 1409 228 1481 quuntur
259 1402 411 1463 Christum
444 1421 640 1464 successores
673 1401 714 1461 itti
748 1400 958 1482 apostolorum
988 1406 1019 1461 et

95 1485 199 1544 vicarii
223 1485 278 1544 Dei
303 1486 332 1545 in
356 1485 452 1565 terris.

178 1565 291 1642 Quinto
312 1574 360 1627 est
381 1568 455 1627 iliud
478 1570 632 1648 egregium
663 1565 838 1647 perdendae
870 1567 1020 1646 pecuniae

98 1648 310 1721 artificiumsin
334 1651 496 1723 struendis,
519 1649 681 1730 erigendis,
706 1648 861 1724 ornandis,
885 1648 1018 1728 locuple-

92 1732 193 1792 tandis
215 1734 351 1813 templis,
380 1733 590 1810 monasteriis,
626 1732 763 1808 sacellis,
795 1730 959 1808 altaribus,
989 1739 1020 1790 et

94 1816 160 1875 eius
189 1817 310 1895 generis
340 1816 491 1895 operibus.
536 1815 593 1874 Hic
622 1816 702 1874 enim
732 1815 939 1874 sacratissima
965 1813 1019 1873 ills

94 1899 160 1958 iurs
183 1917 292 1978 papae,
316 1898 421 1959 Butlae
444 1898 607 1978 etsigilta,
629 1917 690 1957 non
706 1915 766 1957 uno
779 1896 873 1958 modo
897 1896 1016 1956 coelum

93 1980 260 2060 largiuntur
284 1980 423 2041 manibus
445 1982 503 2041 illis
525 1980 722 2041 adiutricibus
745 1985 776 2040 et
796 1979 1016 2041 fundatoribus.

94 2063 151 2123 Hic
172 2063 289 2124 fervent
312 2064 393 2124 bona
417 2082 527 2145 opera,
550 2064 599 2123 bic
622 2063 754 2123 thesauri
778 2060 1018 2122 inaestimabiles

95 2165 151 2226 pro
175 2145 267 2206 domo
282 2147 338 2206 Dei
361 2147 555 2225 colliguntur,
578 2146 628 2206 hic
642 2165 703 2224 quo
717 2146 892 2225 ampliores,
915 2163 1018 2223 super-

96 2229 213 2306 biores,
242 2229 376 2303 ditiores,
399 2231 568 2290 ornatiores
591 2228 798 2289 exstruxerint
820 2227 929 2304 aedes,
958 2227 1018 2287 hoc

97 2317 169 2370 sunt
191 2312 434 2373 Christianiores.
479 2312 586 2371 Melius
609 2312 724 2377 fuciunt
745 2311 805 2370 huc
827 2310 1018 2371 contribuen-

95 2401 156 2471 tes‚
184 2413 274 2473 quam
297 2396 321 2454 si
345 2393 528 2474 pauperibus
551 2394 750 2473 impartirent.
795 2393 860 2453 Nec
882 2394 962 2453 enim
985 2393 1015 2452 in

95 2476 155 2537 boc
177 2476 350 2552 aedificent,
374 2484 406 2537 ut
429 2476 523 2537 verbo
537 2475 690 2538 audiendo
712 2476 799 2536 locus
823 2477 861 2536 sit
877 2475 1018 2554 idoneus,

95 2559 148 2619 sed
179 2568 213 2619 ut
240 2567 415 2638 spectentur
443 2576 546 2619 coram
570 2558 637 2619 Deo
666 2565 697 2619 et
724 2558 907 2619 hominibus.
950 2558 1017 2618 Deo

96 2643 176 2702 enim
200 2641 363 2702 aedificant
386 2643 525 2716 domum,
548 2642 615 2720 qui,
638 2660 705 2702 cum
729 2641 800 2700 olim
823 2660 877 2720 per
900 2640 930 2701 S.
954 2640 1017 2701 Ste-

96 2724 230 2804 phanum
254 2727 322 2787 Act.
345 2729 374 2789 7.
398 2732 427 2784 et
450 2724 542 2803 longe
570 2732 642 2783 aute
668 2743 737 2784 eum
767 2743 822 2802 per
843 2722 964 2783 Nathan
988 2728 1019 2783 et

96 2806 194 2867 David
218 2809 337 2886 negarit
357 2809 387 2867 iu
418 2807 599 2867 manufactis
629 2824 698 2867 sese
726 2806 880 2882 habitere,
914 2810 1016 2866 tamen

95 2907 178 2948 nuuc
199 2889 287 2949 exsul
310 2890 407 2949 factus
435 2888 492 2950 sibi
515 2894 546 2949 et
566 2888 685 2949 Sanctis
708 2891 770 2948 suis
794 2889 903 2948 domos
925 2907 944 2947 a
966 2906 1018 2960 no-

96 2972 141 3030 bis
165 2972 327 3032 mendicat.
401 3014 407 3024 -

178 3054 218 3114 Et
246 3054 462 3115 sanctissimus
489 3054 540 3114 itte
568 3073 636 3114 cum
665 3054 819 3134 episcopis
850 3053 913 3112 suis
941 3052 1018 3113 haec

95 3134 197 3199 studia
218 3138 300 3216 vulgi
323 3139 432 3197 insana
454 3137 746 3210 consecrationibus,
769 3134 1030 3196 sanctificationi-⁸

96 3220 425 3299 bus,·immunitatibus
447 3221 519 3296 suis,
542 3239 644 3279 rursus
666 3217 944 3299 imprecationibus,
968 3218 1017 3278 de-

96 3302 286 3380 votionibus,
324 3303 395 3364 diris
428 3310 458 3362 et
493 3304 628 3362 censuris
660 3299 783 3374 eniel),
819 3301 927 3379 qujbus
953 3302 1017 3360 vio·

95 3386 219 3463 latores,
242 3392 479 3466 contemptores,
502 3385 663 3445 abutentes
689 3386 785 3458 (sicut
815 3383 903 3444 decet
923 3384 1015 3444 facie·
1115 3388 1132 3410 ·

95 3489 162 3530 rum
175 3469 338 3549 pietatem)
354 3468 553 3548 persequitur,
576 3487 638 3527 non
662 3467 754 3527 modo
770 3464 940 3542 confirmat,
962 3465 1015 3526 sed

153 3737 185 3804 t)
206 3737 237 3789 ln
256 3735 300 3791 sd.
321 3737 395 3792 tem:
416 3742 443 3791 et
461 3735 528 3791 diris
547 3739 671 3792 censuris
690 3740 756 3793 suis.
