2392 4170
40 3840 88 3904 Ι.

140 259 206 327 ,ιω
494 256 732 314 mammam

143 443 244 504 neque
266 423 406 501 angelos,
429 441 531 500 neque
551 424 699 503 virginem
720 434 852 481 matrem
864 421 926 482 oet
946 421 1072 485 hahere.

142 510 201 588 ipsi
224 508 316 566 etiam
340 508 500 566 lenonibus
523 520 553 565 et
576 506 744 566 latronibus
764 506 962 585 impuriores.
996 506 1072 566 Item

143 610 213 649 cunr
241 590 300 649 illis
330 604 529 649 sacrosancto
563 592 708 669 mysterio
741 592 882 668 spiritum
916 591 950 648 in
981 610 1073 649 aures

142 673 227 733 inflat
249 686 279 731 et
300 672 503 732 confessores
530 673 603 732 lacit
629 673 751 731 dicens:
783 676 902 752 Accipe
924 672 1072 753 Spiritum

142 770 292 815 sanctum.
341 755 427 815 Haec
456 766 503 814 est
536 756 590 816 itta
623 770 762 836 potestas
801 757 1012 816 consecrandi
1042 768 1072 816 et

140 840 323 898 absolvendi
344 839 582 918 gloriosissima.

226 922 283 981 Dic
305 941 398 1001 rogo,
426 941 476 980 me
497 941 634 982 crassum
656 921 774 1000 fingere
795 937 849 980 aut
870 924 1016 991 mentiri,
1046 924 1071 981 si

142 1006 281 1063 invenias
305 1025 397 1063 unum
420 1005 594 1065 ordinatum
610 1008 674 1064 istis
689 1004 858 1079 ordinibus,
880 1007 936 1083 qni
957 1006 1071 1066 audeat

143 1088 266 1167 dicere,
297 1090 355 1148 sibi
377 1089 456 1147 inter
477 1089 680 1147 ordinandum
703 1108 772 1146 esse
804 1088 1007 1155 mandatum.
1039 1100 1070 1148 ut

143 1172 289 1249 mysteria
318 1168 430 1232 Christi
465 1171 623 1251 dispenset
656 1183 686 1230 et
718 1171 925 1249 Euangelium
948 1172 1070 1249 doceat,

1178 39 1189 393 l

1174 654 1180 817 ι

1173 908 1177 1025 l

142 1264 174 1313 et
195 1256 359 1313 ecelesiam
382 1254 439 1313 oet
462 1272 566 1333 regat,
602 1274 692 1334 quarn
723 1256 888 1332 acquisivit
918 1260 1070 1336 sanguine
1169 1330 1173 1337 Ι

142 1355 209 1396 suo.
253 1338 349 1396 Plane
370 1338 470 1396 nullus
493 1340 553 1398 hoc
574 1339 658 1397 audit
687 1356 838 1416 unquam,
871 1357 934 1396 nec
967 1338 1009 1398 ad
1037 1358 1070 1398 sc

141 1421 296 1499 pertinere
316 1432 418 1500 putat,
451 1422 579 1480 calicem
602 1441 676 1481 rero
698 1423 811 1500 accipit
832 1430 863 1479 et
884 1420 950 1480 hoc
972 1432 1069 1482 totum

142 1522 211 1562 esse
231 1514 333 1583 putat,
357 1504 440 1582 qood
462 1505 635 1585 ordinatur,
668 1514 702 1563 nt
734 1504 825 1564 liceat
844 1504 1007 1564 Christum
1041 1507 1068 1564 in

141 1586 235 1645 Missa
256 1606 441 1647 consecrare
463 1600 493 1647 et
516 1587 698 1661 sacrificare,
721 1586 832 1646 deinde
851 1587 1069 1648 confessiones

141 1670 257 1729 audire.
300 1670 380 1745 Quin
405 1671 465 1730 hoc
487 1682 604 1730 tantum
627 1672 793 1750 quaeritur.
815 1690 855 1729 an
872 1670 997 1730 titulum
1020 1672 1067 1731 he
1168 1704 1171 1713 ·

142 1751 243 1812 nclicii
264 1753 394 1829 habeat,
423 1774 486 1833 quo
508 1768 645 1814 ventrem
668 1754 747 1833 alat,
781 1762 813 1812 ut
846 1754 910 1813 alio
944 1774 1069 1834 prorsus
1167 1770 1171 1779 ·

143 1854 205 1894 non
230 1846 389 1918 spectent,
413 1856 505 1916 quam
527 1838 567 1898 ad
589 1838 750 1897 Missurum
783 1835 991 1915 sacrificium,
1026 1838 1070 1898 his
1167 1868 1170 1917 3

141 1918 310 1979 absolvitur
331 1930 398 1980 tota
419 1921 582 1983 ordinatio.
625 1920 685 1996 Qui
707 1920 768 1983 hoc
789 1921 876 1999 tulit,
907 1921 960 1980 hic
989 1922 1069 1981 ordi·

140 2012 230 2060 natus
257 2014 304 2062 est
335 2005 374 2064 ab
402 2005 535 2064 ecclesia
569 2004 732 2079 sacerdos,
765 2003 846 2063 hanc
878 2013 1067 2101 potestatem
1168 2032 1171 2039 ·

141 2093 205 2143 tum
226 2086 301 2143 nulli
324 2088 376 2147 alii
399 2087 532 2166 hahent,
554 2089 616 2147 hoc
644 2087 763 2147 scilicet
798 2094 934 2147 testatur
965 2090 1069 2148 unctio
1168 2140 1171 2149 .

139 2165 303 2247 digitorum
330 2180 360 2228 et
381 2189 489 2232 rasura
511 2173 641 2232 verticis

223 2250 365 2311 Ceterum
406 2255 444 2312 ad
469 2256 668 2313 ministerium
704 2254 788 2314 verbi
818 2253 880 2313 alia
914 2274 1001 2314 nova
1023 2276 1064 2315 re·

139 2335 265 2412 quiritur
287 2336 366 2414 apud
390 2356 445 2396 eos
468 2340 609 2411 vocatio,
647 2356 758 2417 nempe
786 2337 834 2395 vel
862 2339 996 2415 parochi
1020 2340 1064 2397 rel

138 2419 343 2495 magistratus,
367 2432 511 2500 tanquam
534 2421 816 2498 incomparabiliter
838 2421 950 2500 minor,
974 2441 1065 2500 quam

138 2500 190 2558 illa
213 2503 289 2560 sacri
320 2503 434 2562 ordinis
463 2512 493 2563 et
522 2505 706 2563 characteris
739 2504 881 2581 collatio,
921 2514 954 2563 ut
988 2524 1065 2584 quae

140 2603 199 2643 non
224 2588 397 2663 pastoribus
420 2596 472 2646 aut
497 2588 676 2666 Episcopis,
707 2587 832 2647 summis
862 2585 923 2645 illis
946 2590 1064 2648 vertici·

140 2667 212 2743 bus,
245 2668 298 2727 scd
321 2671 413 2748 plane
435 2670 561 2745 infimis,
584 2670 755 2749 vilissimis,
790 2670 934 2749 pessimis
967 2680 1001 2730 et
1021 2673 1064 2730 in·

137 2751 322 2810 doctissimis
344 2756 458 2833 passim
481 2755 629 2812 committi
652 2753 779 2823 debeat,
805 2771 861 2811 ceu
889 2772 940 2812 res
971 2753 1063 2834 longe

138 2836 272 2893 omnium
306 2837 453 2896 vilissima
474 2848 504 2895 et
537 2837 696 2913 facillima,
727 2839 798 2916 quia
836 2838 985 2914 mysteria
1009 2838 1063 2898 Dei

137 2916 315 2996 dispensare
342 2932 372 2979 et
400 2923 517 2980 animas
549 2941 677 2999 pascere
708 2920 841 2980 officium
865 2928 913 2978 cst
936 2939 1062 2999 prorsus

137 3002 203 3059 sine
226 3003 403 3063 charactere
425 3004 583 3084 indelibili,
607 3024 664 3064 nec
687 3012 736 3064 est
758 3003 994 3064 Sacramentum
1019 3024 1062 3065 or·

138 3085 231 3161 dinis,
260 3096 290 3145 at
312 3087 465 3147 Christum
500 3105 683 3148 consecrare
717 3096 747 3147 et
775 3084 968 3167 sacrificare,
1004 3090 1063 3148 hoc

135 3166 229 3227 habet
261 3170 486 3248 characterem,
528 3173 587 3231 hoc
635 3178 682 3231 est
717 3190 788 3231 vere
832 3181 1060 3233 sacramentum

136 3250 262 3315 ordinis

217 3334 291 3395 Post
314 3336 391 3397 haec
416 3342 498 3398 rotat
529 3339 572 3396 ira
596 3340 654 3399 Dei
687 3339 742 3397 has
776 3336 924 3397 ridiculas
959 3338 1061 3401 larvas

135 3415 370 3500 Episcoporum,
394 3430 426 3480 ot
448 3441 508 3480 non
524 3421 622 3482 solum
640 3429 841 3482 contemnant
857 3421 1061 3484 ministerium

136 3501 219 3560 verbi
242 3515 273 3562 et
292 3502 362 3563 loco
385 3507 449 3565 eins
467 3504 599 3565 officium
617 3505 809 3566 sacrificandi
827 3504 985 3587 ordinent,
1009 3510 1062 3569 sed

134 3590 164 3643 et
186 3583 370 3683 baptismum
394 3588 564 3664 vivificum,
597 3610 658 3670 quo
688 3590 826 3649 viventes
864 3554 1012 3653 homines
1034 3604 1063 3655 et

132 3670 298 3731 rationales
321 3672 442 3732 animae
465 3674 724 3735 sanctificantur
717 3694 747 3733 tn
771 3673 864 3733 vitam
888 3682 1060 3761 aeternam,

131 3772 205 3816 ose
226 3754 374 3835 relegant,
398 3764 542 3836 tanquam
566 3759 698 3818 olfioium
722 3758 818 3816 mitris
841 3757 901 3816 illis
925 3780 1061 3840 gemma-
