2392 4170
187 260 249 339 1oe
535 268 579 323 ¹¹⁸
596 263 762 335 rerer-h

185 438 299 519 inpl-
319 435 373 497 ille
392 454 493 519 eust,
520 442 573 519 qni
594 454 683 499 retus
707 437 962 499 Tmmln.
987 433 1110 494 sebi

187 518 1110 605 legendstemetneeepumdieereteeerifieinmene.

182 602 260 666 Tem
281 603 393 665 stultns
412 610 621 688 etqnemegis
642 607 740 667 ulto
762 618 819 677 ert,
840 606 894 683 qni
915 620 1029 663 nors·
1048 600 1110 661 Τι-

184 696 382 763 mrum,
395 691 514 753 scilieet
520 694 757 773 promissionem
769 690 874 748 datam
890 700 922 748 et
935 696 1111 765 neptem,

184 770 259 833 distr
277 770 461 834 rmitteiu·
482 795 561 839 esse.
595 776 697 854 Atque
718 788 752 833 nt
762 786 852 833 verns
866 771 1112 843 Testamentum,

184 855 237 918 lex
257 854 461 918 numesius
477 860 711 939 diligentissime
741 858 864 919 doceri.
884 854 1032 914 inenlenri
1044 900 1055 931 ,
1077 862 1114 912 et

185 936 301 1019 ubique
335 946 519 1017 memoreri,
545 946 589 1004 ite
608 954 640 1003 et
659 943 720 1002 lroe
742 960 857 1001 norum
875 938 1111 999 Testementnm

184 1020 312 1084 Ιωᾶιί
331 1021 470 1086 ssiristns
491 1026 613 1105 publioe
634 1024 749 1101 doceri,
771 1038 801 1084 et
823 1022 965 1085 omnibus
984 1034 1016 1080 et
1038 1019 1112 1079 ulri-

185 1124 247 1186 qne
266 1110 441 1170 memorari.
483 1110 540 1170 sar
560 1112 642 1170 enim
663 1112 696 1170 in
718 1128 758 1169 eo
779 1126 899 1167 summe
921 1116 988 1165 tote
1006 1103 1111 1163 Even-

188 1188 275 1271 geli,
295 1190 376 1251 siout
386 1190 499 1254 Peulns
508 1195 577 1273 ipse
588 1194 738 1274 explieat:
760 1191 1013 1268 Quotiescunque
1026 1189 1111 1248 enirn

190 1270 414 1335 mendnenbitis
435 1296 548 1356 penem
569 1279 661 1356 hune,
682 1288 715 1337 et
736 1276 864 1336 eslieem
887 1274 1008 1349 bipede,
1030 1290 1112 1333 mor·

186 1363 252 1418 tem
275 1354 399 1418 Domini
420 1361 654 1422 annunciabitis.
697 1360 730 1421 Si
752 1363 834 1420 enim
856 1375 1004 1436 queens.
1036 1353 1112 1435 qnid

185 1440 226 1500 rit
245 1437 459 1521 Emgelium,
479 1454 564 1506 reete
579 1444 792 1524 respondebis,
814 1442 887 1503 nihil
901 1439 996 1503 eliud.
1017 1458 1112 1518 quem

186 1520 270 1603 qnod
292 1524 386 1586 verb·
405 1526 497 1588 huius
531 1531 706 1590 testamenti
727 1526 863 1603 hebent,
886 1524 1007 1585 scilieet
1026 1522 1113 1584 Glrri·

186 1614 268 1667 stom
293 1605 417 1670 dedisse
449 1631 563 1692 eorpus
590 1632 696 1688 suurn,
725 1620 757 1671 et
785 1609 900 1670 fudisse
929 1608 1113 1687 sanguinem

186 1708 276 1750 ruem
297 1709 355 1771 pro
375 1693 466 1754 nobis
486 1697 518 1756 in
539 1697 753 1757 remissionem
774 1704 984 1775 peeeetomm.
1026 1690 1114 1751 lleee

187 1782 235 1834 est
254 1774 461 1859 prudieetio,
488 1799 569 1860 quse
597 1782 627 1840 in
657 1778 791 1840 eeclesia
813 1779 919 1857 rigere
940 1774 1053 1851 debet,
1082 1780 1115 1833 et

187 1857 274 1937 impii
294 1858 338 1919 illi
359 1861 451 1921 nobis
472 1862 566 1924 rerba
578 1863 821 1924 oonseerstionis
843 1861 945 1920 exeis
964 1858 1116 1925 fecerunt,

187 1946 221 2001 et
239 1940 286 1999 rie
305 1942 454 2020 oelende,
481 1954 514 2006 ut
535 1947 651 2008 nullum
673 1946 892 2019 christinam,
912 1941 1112 2022 quantumvis

187 2032 339 2105 anetum,
361 2028 458 2089 velint
478 2049 518 2091 es
537 2050 641 2092 nosse.
684 2030 723 2089 Et
740 2028 833 2108 digne
853 2045 911 2108 pro
932 2046 991 2087 suo
1012 2043 1115 2085 snser-

188 2104 287 2184 dotio‚
308 2126 371 2187 quo
392 2109 485 2171 tidem
511 2118 544 2174 ei
564 2114 690 2174 verbnm
717 2114 914 2190 exstinguere
944 2109 1117 2170 debuerunt

189 2194 256 2250 toto
277 2191 363 2268 orbe,
385 2200 419 2254 ut
436 2195 499 2256 hoe
515 2199 657 2277 privatim
680 2199 710 2257 in
724 2196 825 2256 llissis
842 2196 1008 2275 signarent.
1031 2189 1116 2270 quod

189 2271 313 2353 poblioe
334 2294 391 2356 per
410 2279 556 2340 mnndum
578 2290 753 2361 operentur.

272 2354 481 2439 Imprimende
501 2366 605 2443 itaque
626 2370 697 2423 suot
717 2363 794 2423 haee
816 2360 910 2421 verbs
933 2360 1016 2420 omni
1031 2358 1116 2419 Chri·

189 2439 291 2500 rtieno
313 2443 399 2504 sordi
428 2465 484 2506 oen
518 2447 735 2527 compendium
762 2448 855 2507 totius
878 2442 1054 2522 Evangelii,
1084 2450 1116 2501 et

189 2523 394 2587 instituendus
415 2529 494 2608 ipse,
516 2537 549 2590 ut
570 2531 679 2591 horum
709 2530 857 2589 memorie
884 2527 1006 2588 assidue
1029 2544 1116 2584 exer·

190 2612 269 2684 cest,
290 2608 354 2670 olet
374 2620 406 2671 et
427 2613 553 2674 roboret
573 2613 665 2675 tidem
688 2633 774 2673 suero
797 2615 827 2673 in
851 2611 1003 2672 Christum
1023 2654 1033 2683 ,
1055 2627 1117 2667 ms·

192 2688 276 2751 xime
307 2711 383 2754 vero
413 2701 497 2773 tum,
531 2717 601 2758 oum
635 2699 763 2777 percipit
801 2694 1034 2754 Eucharistiem.
1085 2690 1115 2750 ld

190 2773 274 2852 quod
297 2775 362 2836 vult
382 2779 529 2857 minister,
553 2782 624 2840 dum
647 2781 749 2841 elevet
769 2779 901 2839 hostism
925 2785 954 2836 et
976 2775 1116 2837 oelieem.

191 2854 285 2920 llullo
306 2860 387 2919 enim
409 2862 503 2924 verbo
516 2865 655 2925 meminit
665 2862 807 2924 sseritioii
830 2864 908 2922 inter
922 2858 1118 2930 elevandum,

191 2940 274 3018 qood
312 2950 414 3004 temen
447 2949 582 3027 oportuit
615 2967 706 3028 quem
739 2946 882 3007 maxime.
932 2943 1117 3022 Quanqusm

191 3022 264 3102 qoid
293 3024 442 3109 referret,
472 3032 497 3090 si
528 3031 602 3092 nihil
624 3029 817 3093 elevaretur?
859 3028 908 3088 Ex
941 3025 1118 3086 hominibus

192 3108 274 3167 enim
296 3126 334 3168 ee
356 3116 404 3172 est
424 3111 568 3190 elevatio,
589 3134 650 3177 non
674 3135 714 3175 ex
736 3114 876 3174 instituto
896 3110 1017 3171 Christi.
1062 3108 1119 3170 Po·

192 3196 252 3250 test
273 3197 377 3256 temen
398 3192 583 3277 significare,
606 3205 640 3259 ut
660 3200 738 3259 sieut
753 3197 863 3276 pignus
885 3192 964 3255 istud
987 3192 1118 3270 promis·

193 3273 289 3333 sionis
311 3274 450 3339 elevetur
482 3280 521 3341 sd
544 3280 776 3363 provoonndsm
800 3278 891 3339 fldem
913 3276 1038 3358 populi,
1076 3276 1120 3336 its

192 3362 223 3416 et
243 3356 370 3421 verbum
399 3364 614 3441 promissionis
641 3384 694 3425 seu
730 3362 907 3424 testamenti
933 3358 1119 3421 elevandum

193 3457 263 3501 esse
285 3441 324 3502 ed
346 3444 502 3524 publicum
526 3447 662 3509 auditum
686 3447 810 3529 populi,
833 3453 866 3507 ut
890 3463 997 3506 omnes
1020 3451 1052 3502 et
1075 3452 1119 3502 te·

191 3530 377 3587 stomentum
407 3528 535 3592 audient
561 3538 593 3592 et
620 3532 731 3611 pignus
752 3528 895 3603 videant,
926 3535 1057 3605 utroque
1079 3524 1120 3586 nd

191 3604 283 3669 fldem
305 3610 477 3673 excitentur
498 3621 529 3675 et
549 3613 777 3675 oonflrmentur.

275 3690 370 3754 liiror
385 3699 488 3757 sutem
510 3698 593 3758 viros
613 3699 691 3759 istos
707 3696 873 3777 prudentes
886 3710 948 3753 non
969 3693 1120 3772 oogitere,

192 3773 275 3867 quod
305 3776 443 3851 obustus
473 3799 535 3845 oon
564 3782 596 3857 io
630 3781 763 3876 templo,
791 3776 844 3840 sed
872 3778 903 3842 io
934 3773 1120 3859 eoensoulo,
