2392 4170
183 257 247 327 110
581 255 726 330 Aroloo'a

183 422 256 487 fidei
283 423 434 485 rationem
459 422 657 486 Christianos.
701 423 838 502 Optarim
868 420 1008 502 equidem
1044 421 1106 503 epi-

188 508 292 588 scopis
328 508 517 567 satisfactum
550 509 642 566 etiam
675 506 722 566 his
745 509 953 585 argumentis,
974 507 1107 585 optarim

183 590 254 653 ilios
291 588 474 651 infirmitatis
502 609 591 649 meae
621 591 834 668 miserescere,
870 590 1002 670 optarim
1030 587 1106 649 nihii

184 679 300 735 temere
322 675 413 734 statui
442 673 588 733 adversus
611 675 677 753 pias
699 675 853 748 rationes,
875 671 1000 751 utquid
1024 673 1106 730 enim

184 757 471 818 iudicaturiihertas
490 776 559 816 mea
581 756 620 817 ab
633 758 733 816 aliena
754 754 966 815 conscientie?
987 755 1106 815 Tamen

183 841 211 901 si
231 842 275 901 ita
296 841 394 900 visum
417 847 465 900 est
488 840 566 916 iliis,
597 841 699 920 potius
731 840 901 899 secundum
924 839 1106 899 traditiones

184 922 383 1006 Pontificum,
412 942 504 1003 quem
527 924 646 983 divinos
670 924 773 983 literas
797 930 828 982 et
849 930 985 983 veterum
1008 922 1106 1002 Syno-

183 1006 241 1068 dos
262 1007 408 1084 iudicare,
428 1027 490 1066 non
505 1025 614 1067 recuso
637 1009 712 1066 iram
731 1007 863 1066 'Domini
885 1013 1020 1086 portare,
1035 1023 1106 1064 cum

183 1092 278 1151 sciam
311 1108 374 1150 non
408 1089 578 1150 defuturam
611 1091 711 1149 lucem
747 1089 866 1149 sedenti
899 1092 929 1147 in
959 1089 1106 1149 tenebris.

162 1171 237 1243 ‚Sic
265 1176 348 1233 enim
378 1192 427 1233 mc
458 1175 608 1253 propheta
634 1173 770 1233 Micheas
803 1173 990 1232 consolatur.
1041 1173 1106 1251 lpsi

184 1255 333 1336 viderint,
356 1276 397 1317 ne
418 1258 590 1336 impingant
611 1257 642 1315 in
666 1255 818 1316 Christum
843 1266 874 1315 et
904 1259 969 1316 eius
992 1274 1105 1333 parvu-

182 1339 243 1420 los,
264 1357 343 1418 quos
365 1342 444 1400 siont
466 1340 612 1419 pupillam
637 1339 718 1398 oculi
740 1358 832 1399 curae
855 1339 956 1400 habet.

266 1423 356 1483 Hanc
377 1442 476 1483 meam
489 1424 677 1503 apologiam,
701 1442 827 1503 quaeso,
851 1423 1006 1483 eximiii).
1025 1421 1107 1482 Doc-

183 1508 277 1588 tores,
290 1507 363 1567 boni
376 1507 538 1586 consulite,
560 1525 679 1587 proque
698 1506 871 1566 Christiana
890 1508 1018 1566 caritate
1034 1523 1106 1565 oau-

182 1608 249 1652 sam
271 1591 354 1671 piam
377 1589 536 1670 adiuvate,
566 1598 597 1650 et
618 1591 766 1649 adversus
789 1591 848 1649 vim
872 1589 1041 1665 defendite,
1064 1606 1107 1650 ne

183 1673 223 1735 de
244 1673 333 1736 vobis
353 1672 450 1734 videri
471 1675 571 1753 possit
581 1673 763 1733 vaticinatus
778 1675 939 1754 propheta,
963 1691 1030 1732 oum
1047 1673 1106 1732 ait:

182 1757 328 1837 Princeps
350 1757 495 1839 postulat,
518 1763 549 1816 et
568 1755 663 1817 iudex
684 1759 715 1817 in
737 1757 895 1819 reddendo
920 1764 976 1818 est.
1019 1753 1106 1817 Dixi.

182 1928 274 1997 Alio
298 1927 486 1994 defensio
508 1928 556 1992 ad
584 1927 838 2026 Friuderioum
866 1929 1016 1993 Ducem
1039 1928 1105 1992 Sa·

561 2031 719 2078 xonlae.

265 2164 472 2226 illustrissime
495 2165 639 2247 Princeps
663 2166 845 2227 acDomine
866 2167 1105 2251 gratiosissime,

183 2248 267 2330 quod
299 2249 520 2310 illustrissimos
558 2270 595 2311 ac
639 2250 910 2310 reverendissimus
951 2253 1104 2316 Dominus

181 2333 352 2396 Gordinoiis
374 2342 466 2412 neget
488 2353 587 2394 meam
606 2334 781 2414 apologiam
805 2354 875 2395 esse
887 2334 1103 2420 sufficientem,

179 2423 211 2478 et
233 2416 334 2477 adhuc
361 2436 461 2477 meum
484 2418 598 2478 factum
628 2425 788 2478 accusatur
814 2419 1003 2498 impietatis,
1040 2442 1103 2484 nou

179 2518 306 2581 possum
329 2499 417 2561 aliter
428 2503 626 2582 respondere,
649 2502 798 2580 siquidem
812 2521 900 2563 meae
915 2500 1104 2566 defensionis

181 2593 363 2665 argumenta
383 2603 446 2645 non
468 2595 538 2645 sunt
559 2585 697 2646 refutata.
1180 2658 1183 2663 ¹

220 2669 222 2673 ’
262 2668 408 2745 Primum,
430 2669 513 2747 quod
536 2670 574 2729 ad
598 2670 762 2748 periurium
797 2671 919 2749 attinet,
944 2690 1005 2730 non
1031 2673 1105 2734 mihi

181 2753 324 2814 conscius
347 2772 413 2811 sum
436 2753 523 2812 aliter
545 2756 681 2831 iurasse,
711 2771 801 2831 quam
823 2773 945 2813 servare
967 2773 1105 2816 conones

179 2835 313 2913 Petrum,
335 2853 414 2913 quae
435 2835 535 2896 torma
556 2837 709 2916 generalis
731 2838 893 2897 iuramenti
906 2836 977 2915 quid
992 2838 1105 2920 valeat,

180 2938 243 2980 non
266 2922 421 3001 ignorant,
444 2938 483 2979 ne
506 2920 583 2980 fabri
606 2920 749 2998 quidem,
777 2919 888 2979 deinde
912 2928 944 2980 ut
969 2925 1106 2984 maxime

178 3003 311 3065 iuratum
338 3011 422 3064 esset
448 3002 487 3062 de
515 3003 685 3082 coelibatu,
715 3024 777 3064 non
807 3003 1001 3083 obstringunt
1023 3009 1104 3068 iura-

181 3094 300 3168 mento,
328 3106 408 3167 quae
441 3089 507 3146 sine
531 3095 660 3167 peccato
693 3089 839 3167 praestari
868 3107 930 3147 oon
961 3100 1104 3167 possunt,

180 3171 259 3231 siout
283 3191 322 3232 ex
344 3171 469 3231 Davidis
492 3171 636 3250 exemplo
660 3172 798 3249 probavi.
835 3171 873 3229 Et
898 3172 1010 3231 docent
1032 3173 1104 3234 Pro·

179 3253 340 3333 phetorum
363 3256 516 3334 exempla,
540 3272 619 3333 quae
652 3256 779 3314 foedera
807 3274 910 3334 regom
934 3254 1104 3316 Iudaeum

179 3338 302 3418 regibus
336 3339 437 3418 impiis
467 3341 556 3398 toties
584 3340 741 3398 damnant.
791 3340 898 3416 Neque
928 3342 999 3397 item
1031 3340 1106 3420 ligat

179 3420 242 3481 ulia
264 3422 398 3482 humana
425 3424 561 3501 traditio,
594 3441 673 3502 quae
696 3423 853 3481 observari
879 3424 945 3480 sine
973 3434 1104 3501 peccato

178 3523 243 3566 non
265 3506 372 3584 possit.
415 3507 521 3573 Matth.
545 3511 599 3570 to:
628 3506 747 3565 irritum
774 3507 888 3565 fecistis
926 3506 1104 3567 mandatum

177 3587 239 3660 Dei
261 3595 386 3669 propter
409 3591 604 3651 traditionem
628 3597 771 3650 vestram.
806 3590 909 3668 Atque
944 3590 1022 3649 haec
1042 3591 1104 3651 ianr

179 3679 251 3733 ante
279 3672 323 3732 ita
351 3675 464 3753 certis,
486 3675 528 3733 ita
558 3673 708 3754 appositis
736 3673 899 3754 scripturis
922 3675 1103 3753 communit,

178 3763 210 3821 ut
238 3776 358 3841 sperem
386 3759 540 3821 nerninem
570 3768 630 3820 tam
661 3756 902 3819 inverecundum
927 3778 1013 3841 csso,
1052 3759 1103 3840 qui
