<?xml version="1.0" encoding="UTF-8"?>
<!DOCTYPE html PUBLIC "-//W3C//DTD XHTML 1.0 Transitional//EN"
    "http://www.w3.org/TR/xhtml1/DTD/xhtml1-transitional.dtd">
<html xmlns="http://www.w3.org/1999/xhtml" xml:lang="en" lang="en">
 <head>
  <title>
</title>
<meta http-equiv="Content-Type" content="text/html;charset=utf-8" />
  <meta name='ocr-system' content='tesseract 3.04.00' />
  <meta name='ocr-capabilities' content='ocr_page ocr_carea ocr_par ocr_line ocrx_word'/>
</head>
<body>
  <div class='ocr_page' id='page_1' title='image "./dmartinilutheri03luthgoog_0951.png"; bbox 0 0 2392 4170; ppageno 0'>
   <div class='ocr_carea' id='block_1_1' title="bbox 133 240 852 318">
    <p class='ocr_par' dir='ltr' id='par_1_1' title="bbox 133 240 852 318">
     <span class='ocr_line' id='line_1_1' title="bbox 133 240 852 318; baseline -0.013 -9"><span class='ocrx_word' id='word_1_1' title='bbox 133 247 197 318; x_wconf 75' lang='lat'>408</span> <span class='ocrx_word' id='word_1_2' title='bbox 324 248 428 306; x_wconf 81' lang='lat' dir='ltr'><strong>Contra</strong></span> <span class='ocrx_word' id='word_1_3' title='bbox 447 245 595 305; x_wconf 81' lang='lat' dir='ltr'>Hauricnm</span> <span class='ocrx_word' id='word_1_4' title='bbox 616 259 710 316; x_wconf 81' lang='lat' dir='ltr'>regem</span> <span class='ocrx_word' id='word_1_5' title='bbox 730 240 852 314; x_wconf 80' lang='lat' dir='ltr'>Angllse</span> 
     </span>
    </p>
   </div>
   <div class='ocr_carea' id='block_1_2' title="bbox 134 403 1056 493">
    <p class='ocr_par' dir='ltr' id='par_1_2' title="bbox 134 403 1056 493">
     <span class='ocr_line' id='line_1_2' title="bbox 134 403 1056 493; baseline -0.011 -20"><span class='ocrx_word' id='word_1_6' title='bbox 134 411 189 475; x_wconf 91' lang='lat' dir='ltr'>ssd</span> <span class='ocrx_word' id='word_1_7' title='bbox 211 413 309 493; x_wconf 90' lang='lat' dir='ltr'>ipsum</span> <span class='ocrx_word' id='word_1_8' title='bbox 333 412 479 476; x_wconf 88' lang='lat' dir='ltr'>iudicare.</span> <span class='ocrx_word' id='word_1_9' title='bbox 526 408 739 492; x_wconf 68' lang='lat' dir='ltr'>spiritualis*)</span> <span class='ocrx_word' id='word_1_10' title='bbox 774 409 855 470; x_wconf 88' lang='lat' dir='ltr'>enim</span> <span class='ocrx_word' id='word_1_11' title='bbox 893 403 1056 468; x_wconf 86' lang='lat' dir='ltr'>anemius</span> 
     </span>
    </p>
   </div>
   <div class='ocr_carea' id='block_1_3' title="bbox 132 494 1110 3654">
    <p class='ocr_par' dir='ltr' id='par_1_3' title="bbox 134 494 1057 727">
     <span class='ocr_line' id='line_1_3' title="bbox 134 494 1057 577; baseline -0.01 -20"><span class='ocrx_word' id='word_1_12' title='bbox 134 497 300 576; x_wconf 88' lang='lat' dir='ltr'>iudicetur,</span> <span class='ocrx_word' id='word_1_13' title='bbox 330 501 361 556; x_wconf 91' lang='lat' dir='ltr'>et</span> <span class='ocrx_word' id='word_1_14' title='bbox 387 499 454 577; x_wconf 91' lang='lat' dir='ltr'>ipse</span> <span class='ocrx_word' id='word_1_15' title='bbox 480 495 595 556; x_wconf 81' lang='lat' dir='ltr'>iudicet</span> <span class='ocrx_word' id='word_1_16' title='bbox 615 513 748 573; x_wconf 85' lang='lat' dir='ltr'>omnes,</span> <span class='ocrx_word' id='word_1_17' title='bbox 776 494 849 574; x_wconf 86' lang='lat' dir='ltr'>quia</span> <span class='ocrx_word' id='word_1_18' title='bbox 872 509 977 552; x_wconf 86' lang='lat' dir='ltr'>verum</span> <span class='ocrx_word' id='word_1_19' title='bbox 1000 495 1057 549; x_wconf 84' lang='lat' dir='ltr'>est.</span> 
     </span>
     <span class='ocr_line' id='line_1_4' title="bbox 134 571 1057 658; baseline -0.01 -17"><span class='ocrx_word' id='word_1_20' title='bbox 134 579 246 641; x_wconf 87' lang='lat' dir='ltr'>Omnia</span> <span class='ocrx_word' id='word_1_21' title='bbox 271 587 395 656; x_wconf 87' lang='lat' dir='ltr'>vestra,</span> <span class='ocrx_word' id='word_1_22' title='bbox 425 581 518 640; x_wconf 89' lang='lat' dir='ltr'>etiam</span> <span class='ocrx_word' id='word_1_23' title='bbox 540 578 647 658; x_wconf 90' lang='lat' dir='ltr'>Papa,</span> <span class='ocrx_word' id='word_1_24' title='bbox 678 585 792 658; x_wconf 91' lang='lat' dir='ltr'>quanto</span> <span class='ocrx_word' id='word_1_25' title='bbox 822 577 921 656; x_wconf 83' lang='lat' dir='ltr'>megia</span> <span class='ocrx_word' id='word_1_26' title='bbox 949 571 1057 635; x_wconf 90' lang='lat' dir='ltr'>sordes</span> 
     </span>
     <span class='ocr_line' id='line_1_5' title="bbox 135 659 962 727; baseline -0.001 -5"><span class='ocrx_word' id='word_1_27' title='bbox 135 666 213 725; x_wconf 88' lang='lat' dir='ltr'>istos</span> <span class='ocrx_word' id='word_1_28' title='bbox 235 670 266 724; x_wconf 90' lang='lat' dir='ltr'>et</span> <span class='ocrx_word' id='word_1_29' title='bbox 289 662 373 725; x_wconf 87' lang='lat' dir='ltr'>labes</span> <span class='ocrx_word' id='word_1_30' title='bbox 394 662 552 727; x_wconf 90' lang='lat' dir='ltr'>hominum</span> <span class='ocrx_word' id='word_1_31' title='bbox 573 662 752 724; x_wconf 73' lang='lat' dir='ltr'>&#39;l&#39;homistse</span> <span class='ocrx_word' id='word_1_32' title='bbox 773 669 805 723; x_wconf 91' lang='lat' dir='ltr'>et</span> <span class='ocrx_word' id='word_1_33' title='bbox 827 659 962 722; x_wconf 89' lang='lat' dir='ltr'>Henrici.</span> 
     </span>
    </p>

    <p class='ocr_par' dir='ltr' id='par_1_4' title="bbox 134 743 1110 1725">
     <span class='ocr_line' id='line_1_6' title="bbox 218 743 1057 827; baseline -0.007 -20"><span class='ocrx_word' id='word_1_34' title='bbox 218 746 400 826; x_wconf 78' lang='lat' dir='ltr'><strong>Quanquam</strong></span> <span class='ocrx_word' id='word_1_35' title='bbox 430 766 489 827; x_wconf 90' lang='lat' dir='ltr'>ego</span> <span class='ocrx_word' id='word_1_36' title='bbox 523 764 646 826; x_wconf 88' lang='lat' dir='ltr'>quoque</span> <span class='ocrx_word' id='word_1_37' title='bbox 680 746 789 807; x_wconf 89' lang='lat' dir='ltr'>stultus</span> <span class='ocrx_word' id='word_1_38' title='bbox 817 764 883 805; x_wconf 90' lang='lat' dir='ltr'>sum</span> <span class='ocrx_word' id='word_1_39' title='bbox 920 752 951 804; x_wconf 90' lang='lat' dir='ltr'>et</span> <span class='ocrx_word' id='word_1_40' title='bbox 982 743 1057 804; x_wconf 84' lang='lat' dir='ltr'>satis</span> 
     </span>
     <span class='ocr_line' id='line_1_7' title="bbox 134 824 1057 910; baseline -0.004 -20"><span class='ocrx_word' id='word_1_41' title='bbox 134 831 255 910; x_wconf 88' lang='lat' dir='ltr'>ineptus</span> <span class='ocrx_word' id='word_1_42' title='bbox 267 877 278 910; x_wconf 84' lang='lat'>,</span> <span class='ocrx_word' id='word_1_43' title='bbox 309 832 359 909; x_wconf 90' lang='lat' dir='ltr'>qui</span> <span class='ocrx_word' id='word_1_44' title='bbox 382 830 555 891; x_wconf 86' lang='lat' dir='ltr'>amentibus</span> <span class='ocrx_word' id='word_1_45' title='bbox 575 830 641 889; x_wconf 91' lang='lat' dir='ltr'>istis</span> <span class='ocrx_word' id='word_1_46' title='bbox 674 837 706 890; x_wconf 90' lang='lat' dir='ltr'>et</span> <span class='ocrx_word' id='word_1_47' title='bbox 732 828 899 909; x_wconf 79' lang='lat' dir='ltr'>deploratis</span> <span class='ocrx_word' id='word_1_48' title='bbox 923 824 1057 888; x_wconf 77' lang='lat' dir='ltr'>cerebris</span> 
     </span>
     <span class='ocr_line' id='line_1_8' title="bbox 135 910 1056 991; baseline -0.004 -17"><span class='ocrx_word' id='word_1_49' title='bbox 135 916 226 975; x_wconf 88' lang='lat' dir='ltr'>toties</span> <span class='ocrx_word' id='word_1_50' title='bbox 248 914 358 974; x_wconf 83' lang='lat' dir='ltr'>frustra</span> <span class='ocrx_word' id='word_1_51' title='bbox 379 914 517 991; x_wconf 89' lang='lat' dir='ltr'>inculco,</span> <span class='ocrx_word' id='word_1_52' title='bbox 545 920 575 973; x_wconf 91' lang='lat' dir='ltr'>et</span> <span class='ocrx_word' id='word_1_53' title='bbox 596 911 695 973; x_wconf 89' lang='lat' dir='ltr'>surdis</span> <span class='ocrx_word' id='word_1_54' title='bbox 716 912 927 991; x_wconf 87' lang='lat' dir='ltr'>induratisque</span> <span class='ocrx_word' id='word_1_55' title='bbox 950 910 1056 990; x_wconf 89' lang='lat' dir='ltr'>capiti·</span> 
     </span>
     <span class='ocr_line' id='line_1_9' title="bbox 135 995 1055 1077; baseline -0.004 -19"><span class='ocrx_word' id='word_1_56' title='bbox 135 997 191 1058; x_wconf 89' lang='lat' dir='ltr'>bns</span> <span class='ocrx_word' id='word_1_57' title='bbox 214 997 281 1059; x_wconf 90' lang='lat' dir='ltr'>sine</span> <span class='ocrx_word' id='word_1_58' title='bbox 302 997 400 1057; x_wconf 85' lang='lat' dir='ltr'>fructu</span> <span class='ocrx_word' id='word_1_59' title='bbox 422 1016 543 1077; x_wconf 81' lang='lat' dir='ltr'>semper</span> <span class='ocrx_word' id='word_1_60' title='bbox 565 1004 674 1072; x_wconf 90' lang='lat' dir='ltr'>canto,</span> <span class='ocrx_word' id='word_1_61' title='bbox 697 995 875 1058; x_wconf 80' lang='lat' dir='ltr'>traditiones</span> <span class='ocrx_word' id='word_1_62' title='bbox 898 995 1055 1058; x_wconf 90' lang='lat' dir='ltr'>bominum</span> 
     </span>
     <span class='ocr_line' id='line_1_10' title="bbox 135 1079 1057 1141; baseline 0 -3"><span class='ocrx_word' id='word_1_63' title='bbox 135 1100 189 1140; x_wconf 92' lang='lat' dir='ltr'>ssu</span> <span class='ocrx_word' id='word_1_64' title='bbox 222 1081 395 1141; x_wconf 90' lang='lat' dir='ltr'>diuturnum</span> <span class='ocrx_word' id='word_1_65' title='bbox 434 1100 521 1140; x_wconf 92' lang='lat' dir='ltr'>usum</span> <span class='ocrx_word' id='word_1_66' title='bbox 554 1081 584 1139; x_wconf 91' lang='lat' dir='ltr'>in</span> <span class='ocrx_word' id='word_1_67' title='bbox 609 1079 698 1141; x_wconf 91' lang='lat' dir='ltr'>rebus</span> <span class='ocrx_word' id='word_1_68' title='bbox 736 1080 806 1141; x_wconf 84' lang='lat' dir='ltr'>fidei</span> <span class='ocrx_word' id='word_1_69' title='bbox 839 1079 914 1139; x_wconf 94' lang='lat' dir='ltr'>nihil</span> <span class='ocrx_word' id='word_1_70' title='bbox 944 1079 1057 1138; x_wconf 83' lang='lat' dir='ltr'>valere.</span> 
     </span>
     <span class='ocr_line' id='line_1_11' title="bbox 135 1160 1057 1244; baseline -0.005 -20"><span class='ocrx_word' id='word_1_71' title='bbox 135 1162 264 1238; x_wconf 79' lang='lat' dir='ltr'>Quoties</span> <span class='ocrx_word' id='word_1_72' title='bbox 287 1164 366 1224; x_wconf 88' lang='lat' dir='ltr'>enim</span> <span class='ocrx_word' id='word_1_73' title='bbox 390 1163 471 1241; x_wconf 85' lang='lat' dir='ltr'>dixi,</span> <span class='ocrx_word' id='word_1_74' title='bbox 501 1165 593 1226; x_wconf 89' lang='lat' dir='ltr'>etism</span> <span class='ocrx_word' id='word_1_75' title='bbox 616 1165 780 1244; x_wconf 83' lang='lat' dir='ltr'>Augustini</span> <span class='ocrx_word' id='word_1_76' title='bbox 807 1163 961 1223; x_wconf 88' lang='lat' dir='ltr'>sententia</span> <span class='ocrx_word' id='word_1_77' title='bbox 984 1160 1057 1223; x_wconf 90' lang='lat' dir='ltr'>solis</span> 
     </span>
     <span class='ocr_line' id='line_1_12' title="bbox 135 1245 1056 1327; baseline -0.004 -21"><span class='ocrx_word' id='word_1_78' title='bbox 135 1246 300 1307; x_wconf 75' lang='lat' dir='ltr'>(laconicis</span> <span class='ocrx_word' id='word_1_79' title='bbox 321 1247 405 1308; x_wconf 90' lang='lat' dir='ltr'>libris</span> <span class='ocrx_word' id='word_1_80' title='bbox 427 1267 496 1307; x_wconf 91' lang='lat' dir='ltr'>eum</span> <span class='ocrx_word' id='word_1_81' title='bbox 519 1246 623 1309; x_wconf 89' lang='lat' dir='ltr'>deberi</span> <span class='ocrx_word' id='word_1_82' title='bbox 642 1246 803 1327; x_wconf 83' lang='lat' dir='ltr'>honorem,</span> <span class='ocrx_word' id='word_1_83' title='bbox 826 1253 860 1307; x_wconf 93' lang='lat' dir='ltr'>ut</span> <span class='ocrx_word' id='word_1_84' title='bbox 882 1245 1056 1306; x_wconf 82' lang='lat' dir='ltr'>firmissime</span> 
     </span>
     <span class='ocr_line' id='line_1_13' title="bbox 135 1329 1056 1409; baseline -0.002 -19"><span class='ocrx_word' id='word_1_85' title='bbox 135 1330 286 1408; x_wconf 85' lang='lat' dir='ltr'>credatur,</span> <span class='ocrx_word' id='word_1_86' title='bbox 311 1331 383 1391; x_wconf 91' lang='lat' dir='ltr'>nihil</span> <span class='ocrx_word' id='word_1_87' title='bbox 405 1332 516 1392; x_wconf 86' lang='lat' dir='ltr'>erroris</span> <span class='ocrx_word' id='word_1_88' title='bbox 538 1332 569 1391; x_wconf 89' lang='lat' dir='ltr'>in</span> <span class='ocrx_word' id='word_1_89' title='bbox 590 1329 650 1390; x_wconf 87' lang='lat' dir='ltr'>illis</span> <span class='ocrx_word' id='word_1_90' title='bbox 665 1331 755 1392; x_wconf 83' lang='lat' dir='ltr'>esse?</span> <span class='ocrx_word' id='word_1_91' title='bbox 777 1337 909 1408; x_wconf 86' lang='lat' dir='ltr'>eeteros,</span> <span class='ocrx_word' id='word_1_92' title='bbox 932 1336 1056 1409; x_wconf 87' lang='lat' dir='ltr'>qusnts·</span> 
     </span>
     <span class='ocr_line' id='line_1_14' title="bbox 134 1412 1056 1496; baseline -0.001 -24"><span class='ocrx_word' id='word_1_93' title='bbox 134 1412 209 1474; x_wconf 91' lang='lat' dir='ltr'>libet</span> <span class='ocrx_word' id='word_1_94' title='bbox 230 1415 393 1474; x_wconf 76' lang='lat' dir='ltr'>sanctitate</span> <span class='ocrx_word' id='word_1_95' title='bbox 414 1414 614 1494; x_wconf 76' lang='lat' dir='ltr'>doctrinaque</span> <span class='ocrx_word' id='word_1_96' title='bbox 627 1413 847 1496; x_wconf 86' lang='lat' dir='ltr'>praepolleant,</span> <span class='ocrx_word' id='word_1_97' title='bbox 871 1431 935 1474; x_wconf 92' lang='lat' dir='ltr'>non</span> <span class='ocrx_word' id='word_1_98' title='bbox 957 1431 1056 1492; x_wconf 85' lang='lat' dir='ltr'>aequo</span> 
     </span>
     <span class='ocr_line' id='line_1_15' title="bbox 135 1493 1110 1578; baseline -0.002 -22"><span class='ocrx_word' id='word_1_99' title='bbox 135 1496 254 1558; x_wconf 87' lang='lat' dir='ltr'>bonore</span> <span class='ocrx_word' id='word_1_100' title='bbox 283 1496 393 1578; x_wconf 88' lang='lat' dir='ltr'>dignos</span> <span class='ocrx_word' id='word_1_101' title='bbox 422 1497 511 1559; x_wconf 87' lang='lat' dir='ltr'>esse?</span> <span class='ocrx_word' id='word_1_102' title='bbox 561 1500 602 1558; x_wconf 89' lang='lat' dir='ltr'>At</span> <span class='ocrx_word' id='word_1_103' title='bbox 628 1499 652 1558; x_wconf 90' lang='lat' dir='ltr'>si</span> <span class='ocrx_word' id='word_1_104' title='bbox 686 1499 776 1559; x_wconf 90' lang='lat' dir='ltr'>etiam</span> <span class='ocrx_word' id='word_1_105' title='bbox 805 1497 999 1577; x_wconf 85' lang='lat' dir='ltr'>Augustinus</span> <span class='ocrx_word' id='word_1_106' title='bbox 1028 1493 1056 1555; x_wconf 92' lang='lat' dir='ltr'>id</span> <span class='ocrx_word' id='word_1_107' title='bbox 1106 1556 1110 1565; x_wconf 76' lang='grc'>,</span> 
     </span>
     <span class='ocr_line' id='line_1_16' title="bbox 136 1578 1055 1662; baseline -0.002 -23"><span class='ocrx_word' id='word_1_108' title='bbox 136 1599 197 1642; x_wconf 92' lang='lat' dir='ltr'>non</span> <span class='ocrx_word' id='word_1_109' title='bbox 222 1579 360 1660; x_wconf 85' lang='lat' dir='ltr'>dixisset,</span> <span class='ocrx_word' id='word_1_110' title='bbox 383 1581 539 1662; x_wconf 81' lang='lat' dir='ltr'>Scriptura</span> <span class='ocrx_word' id='word_1_111' title='bbox 562 1589 663 1642; x_wconf 87' lang='lat' dir='ltr'>tamen</span> <span class='ocrx_word' id='word_1_112' title='bbox 688 1583 799 1661; x_wconf 82' lang='lat' dir='ltr'>exigit,</span> <span class='ocrx_word' id='word_1_113' title='bbox 821 1580 895 1640; x_wconf 90' lang='lat' dir='ltr'>nulli</span> <span class='ocrx_word' id='word_1_114' title='bbox 919 1580 979 1640; x_wconf 89' lang='lat' dir='ltr'>nisi</span> <span class='ocrx_word' id='word_1_115' title='bbox 1002 1578 1055 1640; x_wconf 91' lang='lat' dir='ltr'>soli</span> 
     </span>
     <span class='ocr_line' id='line_1_17' title="bbox 135 1663 303 1725; baseline 0.018 -4"><span class='ocrx_word' id='word_1_116' title='bbox 135 1663 192 1722; x_wconf 88' lang='lat' dir='ltr'>sibi</span> <span class='ocrx_word' id='word_1_117' title='bbox 211 1663 303 1725; x_wconf 88' lang='lat' dir='ltr'>credi.</span> 
     </span>
    </p>

    <p class='ocr_par' dir='ltr' id='par_1_5' title="bbox 133 1745 1057 2921">
     <span class='ocr_line' id='line_1_18' title="bbox 218 1745 1056 1827; baseline -0.004 -21"><span class='ocrx_word' id='word_1_118' title='bbox 218 1747 356 1819; x_wconf 82' lang='lat' dir='ltr'>Frustra,</span> <span class='ocrx_word' id='word_1_119' title='bbox 378 1748 519 1826; x_wconf 87' lang='lat' dir='ltr'>inquam,</span> <span class='ocrx_word' id='word_1_120' title='bbox 549 1745 647 1807; x_wconf 88' lang='lat' dir='ltr'>surdis</span> <span class='ocrx_word' id='word_1_121' title='bbox 675 1745 832 1827; x_wconf 87' lang='lat' dir='ltr'>aspidibus</span> <span class='ocrx_word' id='word_1_122' title='bbox 859 1747 939 1807; x_wconf 86' lang='lat' dir='ltr'>haec</span> <span class='ocrx_word' id='word_1_123' title='bbox 960 1745 1056 1807; x_wconf 88' lang='lat' dir='ltr'>cecini</span> 
     </span>
     <span class='ocr_line' id='line_1_19' title="bbox 135 1830 1056 1910; baseline 0 -22"><span class='ocrx_word' id='word_1_124' title='bbox 135 1849 271 1910; x_wconf 86' lang='lat' dir='ltr'>semper,</span> <span class='ocrx_word' id='word_1_125' title='bbox 301 1831 350 1909; x_wconf 91' lang='lat' dir='ltr'>qni</span> <span class='ocrx_word' id='word_1_126' title='bbox 374 1831 440 1891; x_wconf 89' lang='lat' dir='ltr'>sine</span> <span class='ocrx_word' id='word_1_127' title='bbox 462 1830 522 1890; x_wconf 86' lang='lat' dir='ltr'>tine</span> <span class='ocrx_word' id='word_1_128' title='bbox 544 1850 615 1890; x_wconf 88' lang='lat' dir='ltr'>suas</span> <span class='ocrx_word' id='word_1_129' title='bbox 637 1832 765 1890; x_wconf 88' lang='lat' dir='ltr'>naenias</span> <span class='ocrx_word' id='word_1_130' title='bbox 784 1831 898 1890; x_wconf 89' lang='lat' dir='ltr'>iterant</span> <span class='ocrx_word' id='word_1_131' title='bbox 931 1836 963 1890; x_wconf 88' lang='lat' dir='ltr'>et</span> <span class='ocrx_word' id='word_1_132' title='bbox 995 1848 1056 1908; x_wconf 87' lang='lat' dir='ltr'>gar·</span> 
     </span>
     <span class='ocr_line' id='line_1_20' title="bbox 134 1911 1057 1994; baseline -0.001 -22"><span class='ocrx_word' id='word_1_133' title='bbox 134 1915 229 1976; x_wconf 85' lang='lat' dir='ltr'>riunt:</span> <span class='ocrx_word' id='word_1_134' title='bbox 244 1914 435 1994; x_wconf 87' lang='lat' dir='ltr'>Ambrosius,</span> <span class='ocrx_word' id='word_1_135' title='bbox 449 1915 648 1993; x_wconf 82' lang='lat' dir='ltr'>Augustinus,</span> <span class='ocrx_word' id='word_1_136' title='bbox 659 1913 864 1993; x_wconf 83' lang='lat' dir='ltr'>Hieronymus</span> <span class='ocrx_word' id='word_1_137' title='bbox 876 1913 923 1973; x_wconf 90' lang='lat' dir='ltr'>sio</span> <span class='ocrx_word' id='word_1_138' title='bbox 936 1911 1057 1994; x_wconf 79' lang='lat' dir='ltr'>dixit1),</span> 
     </span>
     <span class='ocr_line' id='line_1_21' title="bbox 135 1993 1056 2078; baseline -0.001 -22"><span class='ocrx_word' id='word_1_139' title='bbox 135 2014 209 2076; x_wconf 92' lang='lat' dir='ltr'>ergo</span> <span class='ocrx_word' id='word_1_140' title='bbox 232 1996 380 2056; x_wconf 87' lang='lat' dir='ltr'>Lutherus</span> <span class='ocrx_word' id='word_1_141' title='bbox 402 2003 450 2058; x_wconf 90' lang='lat' dir='ltr'>est</span> <span class='ocrx_word' id='word_1_142' title='bbox 470 1993 659 2078; x_wconf 84' lang='lat' dir='ltr'>haereticus,</span> <span class='ocrx_word' id='word_1_143' title='bbox 682 1997 754 2076; x_wconf 91' lang='lat' dir='ltr'>quia</span> <span class='ocrx_word' id='word_1_144' title='bbox 774 1997 961 2075; x_wconf 83' lang='lat' dir='ltr'>Augustini,</span> <span class='ocrx_word' id='word_1_145' title='bbox 984 1994 1056 2058; x_wconf 80' lang='lat' dir='ltr'>Am·</span> 
     </span>
     <span class='ocr_line' id='line_1_22' title="bbox 135 2077 1056 2155; baseline 0 -17"><span class='ocrx_word' id='word_1_146' title='bbox 135 2079 228 2140; x_wconf 91' lang='lat' dir='ltr'>brosii</span> <span class='ocrx_word' id='word_1_147' title='bbox 252 2079 426 2140; x_wconf 80' lang='lat' dir='ltr'>dictasunt</span> <span class='ocrx_word' id='word_1_148' title='bbox 447 2080 567 2140; x_wconf 76' lang='lat' dir='ltr'>articuli</span> <span class='ocrx_word' id='word_1_149' title='bbox 596 2077 690 2155; x_wconf 87' lang='lat' dir='ltr'>fidei,</span> <span class='ocrx_word' id='word_1_150' title='bbox 721 2098 789 2140; x_wconf 90' lang='lat' dir='ltr'>eum</span> <span class='ocrx_word' id='word_1_151' title='bbox 813 2081 912 2139; x_wconf 90' lang='lat' dir='ltr'>sancti</span> <span class='ocrx_word' id='word_1_152' title='bbox 936 2079 980 2139; x_wconf 92' lang='lat' dir='ltr'>illi</span> <span class='ocrx_word' id='word_1_153' title='bbox 1002 2077 1056 2138; x_wconf 85' lang='lat' dir='ltr'>viri</span> 
     </span>
     <span class='ocr_line' id='line_1_23' title="bbox 136 2162 1056 2243; baseline -0.001 -22"><span class='ocrx_word' id='word_1_154' title='bbox 136 2162 209 2221; x_wconf 89' lang='lat' dir='ltr'>nibil</span> <span class='ocrx_word' id='word_1_155' title='bbox 232 2164 332 2222; x_wconf 89' lang='lat' dir='ltr'>minus</span> <span class='ocrx_word' id='word_1_156' title='bbox 354 2163 524 2243; x_wconf 87' lang='lat' dir='ltr'>voluerint,</span> <span class='ocrx_word' id='word_1_157' title='bbox 548 2183 639 2242; x_wconf 90' lang='lat' dir='ltr'>quam</span> <span class='ocrx_word' id='word_1_158' title='bbox 667 2163 748 2223; x_wconf 90' lang='lat' dir='ltr'>hunc</span> <span class='ocrx_word' id='word_1_159' title='bbox 769 2163 955 2241; x_wconf 89' lang='lat' dir='ltr'>sacrilegum</span> <span class='ocrx_word' id='word_1_160' title='bbox 980 2162 1056 2221; x_wconf 40' lang='lat' dir='ltr'>Hans</span> 
     </span>
     <span class='ocr_line' id='line_1_24' title="bbox 133 2245 1056 2322; baseline 0 -18"><span class='ocrx_word' id='word_1_161' title='bbox 133 2246 265 2305; x_wconf 87' lang='lat' dir='ltr'>ricorum</span> <span class='ocrx_word' id='word_1_162' title='bbox 289 2253 320 2305; x_wconf 89' lang='lat' dir='ltr'>et</span> <span class='ocrx_word' id='word_1_163' title='bbox 340 2248 495 2307; x_wconf 90' lang='lat' dir='ltr'>asinorum</span> <span class='ocrx_word' id='word_1_164' title='bbox 515 2245 638 2322; x_wconf 87' lang='lat' dir='ltr'>cultum,</span> <span class='ocrx_word' id='word_1_165' title='bbox 662 2253 693 2305; x_wconf 92' lang='lat' dir='ltr'>nt</span> <span class='ocrx_word' id='word_1_166' title='bbox 715 2246 797 2306; x_wconf 90' lang='lat' dir='ltr'>diota</span> <span class='ocrx_word' id='word_1_167' title='bbox 819 2266 924 2305; x_wconf 89' lang='lat' dir='ltr'>eorum</span> <span class='ocrx_word' id='word_1_168' title='bbox 949 2246 1056 2305; x_wconf 89' lang='lat' dir='ltr'>articu-</span> 
     </span>
     <span class='ocr_line' id='line_1_25' title="bbox 135 2327 1054 2409; baseline -0.001 -22"><span class='ocrx_word' id='word_1_169' title='bbox 135 2329 172 2388; x_wconf 89' lang='lat' dir='ltr'>lis</span> <span class='ocrx_word' id='word_1_170' title='bbox 198 2327 268 2388; x_wconf 85' lang='lat' dir='ltr'>fidei</span> <span class='ocrx_word' id='word_1_171' title='bbox 296 2338 519 2409; x_wconf 87' lang='lat' dir='ltr'>aequarentur,</span> <span class='ocrx_word' id='word_1_172' title='bbox 543 2329 597 2390; x_wconf 92' lang='lat' dir='ltr'>sed</span> <span class='ocrx_word' id='word_1_173' title='bbox 631 2328 727 2389; x_wconf 90' lang='lat' dir='ltr'>libera</span> <span class='ocrx_word' id='word_1_174' title='bbox 761 2337 791 2388; x_wconf 87' lang='lat' dir='ltr'>et</span> <span class='ocrx_word' id='word_1_175' title='bbox 826 2328 881 2389; x_wconf 89' lang='lat' dir='ltr'>sub</span> <span class='ocrx_word' id='word_1_176' title='bbox 913 2327 1054 2388; x_wconf 87' lang='lat' dir='ltr'>iudicium</span> 
     </span>
     <span class='ocr_line' id='line_1_26' title="bbox 135 2410 1056 2490; baseline 0 -21"><span class='ocrx_word' id='word_1_177' title='bbox 135 2412 283 2490; x_wconf 87' lang='lat' dir='ltr'>cuiusque</span> <span class='ocrx_word' id='word_1_178' title='bbox 319 2411 416 2472; x_wconf 85' lang='lat' dir='ltr'>fidelis</span> <span class='ocrx_word' id='word_1_179' title='bbox 450 2411 611 2473; x_wconf 89' lang='lat' dir='ltr'>voluerunt</span> <span class='ocrx_word' id='word_1_180' title='bbox 652 2414 753 2490; x_wconf 90' lang='lat' dir='ltr'>posita</span> <span class='ocrx_word' id='word_1_181' title='bbox 775 2431 844 2471; x_wconf 90' lang='lat' dir='ltr'>esse</span> <span class='ocrx_word' id='word_1_182' title='bbox 884 2431 941 2471; x_wconf 91' lang='lat' dir='ltr'>sna</span> <span class='ocrx_word' id='word_1_183' title='bbox 976 2410 1056 2470; x_wconf 90' lang='lat' dir='ltr'>dicta</span> 
     </span>
     <span class='ocr_line' id='line_1_27' title="bbox 135 2493 1056 2575; baseline -0.001 -21"><span class='ocrx_word' id='word_1_184' title='bbox 135 2496 247 2556; x_wconf 85' lang='lat' dir='ltr'>omniu.</span> <span class='ocrx_word' id='word_1_185' title='bbox 303 2493 383 2569; x_wconf 79' lang='lat' dir='ltr'>Quin</span> <span class='ocrx_word' id='word_1_186' title='bbox 416 2504 446 2555; x_wconf 90' lang='lat' dir='ltr'>et</span> <span class='ocrx_word' id='word_1_187' title='bbox 480 2497 538 2575; x_wconf 91' lang='lat' dir='ltr'>ipsi</span> <span class='ocrx_word' id='word_1_188' title='bbox 571 2497 656 2574; x_wconf 90' lang='lat' dir='ltr'>porci</span> <span class='ocrx_word' id='word_1_189' title='bbox 689 2495 869 2556; x_wconf 85' lang='lat' dir='ltr'>Themistae</span> <span class='ocrx_word' id='word_1_190' title='bbox 903 2501 1056 2573; x_wconf 86' lang='lat' dir='ltr'>coguntur</span> 
     </span>
     <span class='ocr_line' id='line_1_28' title="bbox 135 2577 1054 2658; baseline -0.001 -22"><span class='ocrx_word' id='word_1_191' title='bbox 135 2577 317 2655; x_wconf 87' lang='lat' dir='ltr'>concedere,</span> <span class='ocrx_word' id='word_1_192' title='bbox 338 2580 461 2658; x_wconf 85' lang='lat' dir='ltr'>saepius</span> <span class='ocrx_word' id='word_1_193' title='bbox 483 2579 711 2640; x_wconf 87' lang='lat' dir='ltr'>sanctosviros</span> <span class='ocrx_word' id='word_1_194' title='bbox 734 2597 871 2656; x_wconf 83' lang='lat' dir='ltr'>errasse,</span> <span class='ocrx_word' id='word_1_195' title='bbox 894 2586 927 2637; x_wconf 91' lang='lat' dir='ltr'>nt</span> <span class='ocrx_word' id='word_1_196' title='bbox 949 2595 1054 2639; x_wconf 88' lang='lat' dir='ltr'>eorum</span> 
     </span>
     <span class='ocr_line' id='line_1_29' title="bbox 134 2659 1054 2740; baseline -0.003 -20"><span class='ocrx_word' id='word_1_197' title='bbox 134 2662 281 2722; x_wconf 87' lang='lat' dir='ltr'>autoritas</span> <span class='ocrx_word' id='word_1_198' title='bbox 304 2680 359 2740; x_wconf 89' lang='lat' dir='ltr'>pro</span> <span class='ocrx_word' id='word_1_199' title='bbox 388 2661 570 2722; x_wconf 81' lang='lat' dir='ltr'>stabilienda</span> <span class='ocrx_word' id='word_1_200' title='bbox 602 2661 662 2720; x_wconf 84' lang='lat' dir='ltr'>fide</span> <span class='ocrx_word' id='word_1_201' title='bbox 701 2669 730 2720; x_wconf 88' lang='lat' dir='ltr'>et</span> <span class='ocrx_word' id='word_1_202' title='bbox 758 2659 912 2720; x_wconf 87' lang='lat' dir='ltr'>fulcienda</span> <span class='ocrx_word' id='word_1_203' title='bbox 940 2661 1054 2720; x_wconf 88' lang='lat' dir='ltr'>consci-</span> 
     </span>
     <span class='ocr_line' id='line_1_30' title="bbox 134 2742 1055 2822; baseline -0.002 -19"><span class='ocrx_word' id='word_1_204' title='bbox 134 2746 239 2822; x_wconf 86' lang='lat' dir='ltr'>entia,</span> <span class='ocrx_word' id='word_1_205' title='bbox 272 2745 364 2803; x_wconf 86' lang='lat' dir='ltr'>etism</span> <span class='ocrx_word' id='word_1_206' title='bbox 397 2746 568 2805; x_wconf 88' lang='lat' dir='ltr'>eommunis</span> <span class='ocrx_word' id='word_1_207' title='bbox 596 2763 704 2803; x_wconf 90' lang='lat' dir='ltr'>sensus</span> <span class='ocrx_word' id='word_1_208' title='bbox 727 2742 860 2820; x_wconf 91' lang='lat' dir='ltr'>iudicio,</span> <span class='ocrx_word' id='word_1_209' title='bbox 891 2745 967 2804; x_wconf 88' lang='lat' dir='ltr'>satis</span> <span class='ocrx_word' id='word_1_210' title='bbox 990 2762 1055 2802; x_wconf 89' lang='lat' dir='ltr'>esse</span> 
     </span>
     <span class='ocr_line' id='line_1_31' title="bbox 133 2829 561 2921; baseline -0.002 -35"><span class='ocrx_word' id='word_1_211' title='bbox 133 2846 195 2888; x_wconf 88' lang='lat' dir='ltr'>non</span> <span class='ocrx_word' id='word_1_212' title='bbox 218 2829 324 2906; x_wconf 89' lang='lat' dir='ltr'>possit.</span> <span class='ocrx_word' id='word_1_213' title='bbox 543 2889 561 2921; x_wconf 71' lang='lat' dir='ltr'>o</span> 
     </span>
    </p>

    <p class='ocr_par' dir='ltr' id='par_1_6' title="bbox 132 2908 1055 3654">
     <span class='ocr_line' id='line_1_32' title="bbox 216 2908 1055 2989; baseline -0.005 -19"><span class='ocrx_word' id='word_1_214' title='bbox 216 2909 302 2970; x_wconf 89' lang='lat' dir='ltr'>Haec</span> <span class='ocrx_word' id='word_1_215' title='bbox 323 2911 362 2969; x_wconf 93' lang='lat' dir='ltr'>sit</span> <span class='ocrx_word' id='word_1_216' title='bbox 384 2911 488 2989; x_wconf 81' lang='lat' dir='ltr'>itaque</span> <span class='ocrx_word' id='word_1_217' title='bbox 505 2910 658 2988; x_wconf 89' lang='lat' dir='ltr'>generalis</span> <span class='ocrx_word' id='word_1_218' title='bbox 675 2928 745 2969; x_wconf 87' lang='lat' dir='ltr'>mea</span> <span class='ocrx_word' id='word_1_219' title='bbox 766 2910 928 2987; x_wconf 86' lang='lat' dir='ltr'>responsio</span> <span class='ocrx_word' id='word_1_220' title='bbox 952 2908 1055 2968; x_wconf 88' lang='lat' dir='ltr'>adver-</span> 
     </span>
     <span class='ocr_line' id='line_1_33' title="bbox 133 2990 1054 3074; baseline -0.007 -22"><span class='ocrx_word' id='word_1_221' title='bbox 133 3013 185 3053; x_wconf 91' lang='lat' dir='ltr'>sus</span> <span class='ocrx_word' id='word_1_222' title='bbox 207 2994 291 3074; x_wconf 85' lang='lat' dir='ltr'>regia</span> <span class='ocrx_word' id='word_1_223' title='bbox 312 2993 365 3052; x_wconf 89' lang='lat' dir='ltr'>illa</span> <span class='ocrx_word' id='word_1_224' title='bbox 384 2993 611 3053; x_wconf 83' lang='lat' dir='ltr'>Themistarum</span> <span class='ocrx_word' id='word_1_225' title='bbox 635 2993 795 3072; x_wconf 90' lang='lat' dir='ltr'>principia,</span> <span class='ocrx_word' id='word_1_226' title='bbox 818 2990 928 3070; x_wconf 84' lang='lat' dir='ltr'>quibus</span> <span class='ocrx_word' id='word_1_227' title='bbox 955 2993 1054 3069; x_wconf 82' lang='lat' dir='ltr'>regius</span> 
     </span>
     <span class='ocr_line' id='line_1_34' title="bbox 133 3074 1053 3154; baseline -0.003 -19"><span class='ocrx_word' id='word_1_228' title='bbox 133 3077 183 3136; x_wconf 90' lang='lat' dir='ltr'>hic</span> <span class='ocrx_word' id='word_1_229' title='bbox 204 3078 233 3136; x_wconf 92' lang='lat' dir='ltr'>in</span> <span class='ocrx_word' id='word_1_230' title='bbox 258 3083 353 3135; x_wconf 92' lang='lat' dir='ltr'>totum</span> <span class='ocrx_word' id='word_1_231' title='bbox 377 3075 497 3136; x_wconf 87' lang='lat' dir='ltr'>libellus</span> <span class='ocrx_word' id='word_1_232' title='bbox 519 3077 645 3152; x_wconf 89' lang='lat' dir='ltr'>nititur,</span> <span class='ocrx_word' id='word_1_233' title='bbox 677 3074 897 3154; x_wconf 87' lang='lat' dir='ltr'>longitudinem</span> <span class='ocrx_word' id='word_1_234' title='bbox 931 3076 1053 3152; x_wconf 88' lang='lat' dir='ltr'>inquam</span> 
     </span>
     <span class='ocr_line' id='line_1_35' title="bbox 134 3158 1055 3238; baseline -0.001 -21"><span class='ocrx_word' id='word_1_235' title='bbox 134 3169 305 3238; x_wconf 89' lang='lat' dir='ltr'>temporum</span> <span class='ocrx_word' id='word_1_236' title='bbox 330 3166 360 3218; x_wconf 89' lang='lat' dir='ltr'>st</span> <span class='ocrx_word' id='word_1_237' title='bbox 382 3158 603 3218; x_wconf 91' lang='lat' dir='ltr'>multitudinem</span> <span class='ocrx_word' id='word_1_238' title='bbox 626 3158 795 3220; x_wconf 89' lang='lat' dir='ltr'>hominum.</span> <span class='ocrx_word' id='word_1_239' title='bbox 840 3159 933 3218; x_wconf 85' lang='lat' dir='ltr'>Forte</span> <span class='ocrx_word' id='word_1_240' title='bbox 956 3158 1055 3218; x_wconf 85' lang='lat' dir='ltr'>adhue</span> 
     </span>
     <span class='ocr_line' id='line_1_36' title="bbox 132 3240 1054 3320; baseline -0.004 -19"><span class='ocrx_word' id='word_1_241' title='bbox 132 3240 261 3320; x_wconf 89' lang='lat' dir='ltr'>angelos</span> <span class='ocrx_word' id='word_1_242' title='bbox 283 3248 408 3301; x_wconf 89' lang='lat' dir='ltr'>sanctos</span> <span class='ocrx_word' id='word_1_243' title='bbox 432 3262 470 3301; x_wconf 85' lang='lat' dir='ltr'>ex</span> <span class='ocrx_word' id='word_1_244' title='bbox 499 3240 699 3302; x_wconf 80' lang='lat' dir='ltr'>daemonibus</span> <span class='ocrx_word' id='word_1_245' title='bbox 730 3241 844 3301; x_wconf 86' lang='lat' dir='ltr'>iaciant</span> <span class='ocrx_word' id='word_1_246' title='bbox 865 3240 1054 3300; x_wconf 80' lang='lat' dir='ltr'>subtilissimi</span> 
     </span>
     <span class='ocr_line' id='line_1_37' title="bbox 132 3322 1053 3403; baseline 0 -21"><span class='ocrx_word' id='word_1_247' title='bbox 132 3325 181 3382; x_wconf 89' lang='lat' dir='ltr'>isti</span> <span class='ocrx_word' id='word_1_248' title='bbox 195 3322 328 3402; x_wconf 88' lang='lat' dir='ltr'>Henrici,</span> <span class='ocrx_word' id='word_1_249' title='bbox 351 3344 419 3383; x_wconf 90' lang='lat' dir='ltr'>cum</span> <span class='ocrx_word' id='word_1_250' title='bbox 444 3324 604 3403; x_wconf 90' lang='lat' dir='ltr'>longitudo</span> <span class='ocrx_word' id='word_1_251' title='bbox 619 3324 767 3403; x_wconf 85' lang='lat' dir='ltr'>temporis</span> <span class='ocrx_word' id='word_1_252' title='bbox 790 3324 928 3384; x_wconf 89' lang='lat' dir='ltr'>abinitio</span> <span class='ocrx_word' id='word_1_253' title='bbox 951 3323 1053 3383; x_wconf 89' lang='lat' dir='ltr'>mundi</span> 
     </span>
     <span class='ocr_line' id='line_1_38' title="bbox 132 3405 1054 3488; baseline 0.001 -25"><span class='ocrx_word' id='word_1_254' title='bbox 132 3405 192 3464; x_wconf 90' lang='lat' dir='ltr'>illis</span> <span class='ocrx_word' id='word_1_255' title='bbox 203 3408 421 3487; x_wconf 89' lang='lat' dir='ltr'>patrocinetur,</span> <span class='ocrx_word' id='word_1_256' title='bbox 431 3416 462 3467; x_wconf 91' lang='lat' dir='ltr'>ut</span> <span class='ocrx_word' id='word_1_257' title='bbox 471 3408 651 3488; x_wconf 89' lang='lat' dir='ltr'>principium</span> <span class='ocrx_word' id='word_1_258' title='bbox 659 3407 969 3469; x_wconf 86' lang='lat' dir='ltr'>Thomistioissimum</span> <span class='ocrx_word' id='word_1_259' title='bbox 981 3409 1054 3465; x_wconf 85' lang='lat' dir='ltr'>veri-</span> 
     </span>
     <span class='ocr_line' id='line_1_39' title="bbox 133 3487 1054 3571; baseline 0.001 -23"><span class='ocrx_word' id='word_1_260' title='bbox 133 3489 212 3549; x_wconf 86' lang='lat' dir='ltr'>tatis.</span> <span class='ocrx_word' id='word_1_261' title='bbox 252 3487 371 3550; x_wconf 90' lang='lat' dir='ltr'>Deinde</span> <span class='ocrx_word' id='word_1_262' title='bbox 393 3491 472 3551; x_wconf 86' lang='lat' dir='ltr'>adeo</span> <span class='ocrx_word' id='word_1_263' title='bbox 497 3489 654 3571; x_wconf 89' lang='lat' dir='ltr'>praecellit</span> <span class='ocrx_word' id='word_1_264' title='bbox 676 3489 770 3551; x_wconf 79' lang='lat' dir='ltr'>Satan</span> <span class='ocrx_word' id='word_1_265' title='bbox 785 3490 979 3551; x_wconf 88' lang='lat' dir='ltr'>multitudine</span> <span class='ocrx_word' id='word_1_266' title='bbox 1001 3489 1054 3549; x_wconf 92' lang='lat' dir='ltr'>ho·</span> 
     </span>
     <span class='ocr_line' id='line_1_40' title="bbox 132 3571 1054 3654; baseline 0.001 -23"><span class='ocrx_word' id='word_1_267' title='bbox 132 3572 246 3631; x_wconf 90' lang='lat' dir='ltr'>minum</span> <span class='ocrx_word' id='word_1_268' title='bbox 269 3571 515 3651; x_wconf 87' lang='lat' dir='ltr'>adhaerentium,</span> <span class='ocrx_word' id='word_1_269' title='bbox 544 3580 576 3633; x_wconf 90' lang='lat' dir='ltr'>ut</span> <span class='ocrx_word' id='word_1_270' title='bbox 597 3575 688 3634; x_wconf 87' lang='lat' dir='ltr'>etiam</span> <span class='ocrx_word' id='word_1_271' title='bbox 712 3593 730 3633; x_wconf 87' lang='lat' dir='ltr'>a</span> <span class='ocrx_word' id='word_1_272' title='bbox 754 3573 876 3633; x_wconf 81' lang='lat' dir='ltr'>Christo</span> <span class='ocrx_word' id='word_1_273' title='bbox 911 3577 1054 3654; x_wconf 90' lang='lat' dir='ltr'>princeps</span> 
     </span>
    </p>
   </div>
   <div class='ocr_carea' id='block_1_4' title="bbox 207 3752 958 3832">
    <p class='ocr_par' dir='ltr' id='par_1_7' title="bbox 207 3752 958 3832">
     <span class='ocr_line' id='line_1_41' title="bbox 207 3752 958 3832; baseline 0.04 -43"><span class='ocrx_word' id='word_1_274' title='bbox 207 3756 235 3832; x_wconf 78' lang='lat' dir='ltr'>s)</span> <span class='ocrx_word' id='word_1_275' title='bbox 256 3754 280 3814; x_wconf 85' lang='lat'>1.</span> <span class='ocrx_word' id='word_1_276' title='bbox 299 3752 423 3815; x_wconf 70' lang='lat' dir='ltr'>Corinth.</span> <span class='ocrx_word' id='word_1_277' title='bbox 439 3756 469 3812; x_wconf 74' lang='lat'>2.</span> <span class='ocrx_word' id='word_1_278' title='bbox 504 3757 536 3829; x_wconf 71' lang='lat' dir='ltr'>l]</span> <span class='ocrx_word' id='word_1_279' title='bbox 558 3755 587 3811; x_wconf 88' lang='lat' dir='ltr'>Iu</span> <span class='ocrx_word' id='word_1_280' title='bbox 607 3753 652 3812; x_wconf 82' lang='lat' dir='ltr'>ed.</span> <span class='ocrx_word' id='word_1_281' title='bbox 671 3756 741 3812; x_wconf 79' lang='lat' dir='ltr'>lem:</span> <span class='ocrx_word' id='word_1_282' title='bbox 760 3754 802 3815; x_wconf 77' lang='lat' dir='ltr'>tle</span> <span class='ocrx_word' id='word_1_283' title='bbox 820 3753 958 3819; x_wconf 64' lang='lat' dir='ltr'>dixerunt·</span> 
     </span>
    </p>
   </div>
   <div class='ocr_carea' id='block_1_5' title="bbox 0 0 1200 4170">
    <p class='ocr_par' dir='ltr' id='par_1_8' title="bbox 0 0 1200 4170">
     <span class='ocr_line' id='line_1_42' title="bbox 0 0 1200 4170; baseline 0 0"><span class='ocrx_word' id='word_1_284' title='bbox 0 0 1200 4170; x_wconf 95' lang='lat' dir='ltr'> </span> 
     </span>
    </p>
   </div>
  </div>
 </body>
</html>
