2392 4170
128 227 171 296 48
318 227 520 286 condemnatio
539 224 682 283 Librorum
700 222 735 283 l).
755 222 792 285 al.
812 223 841 280 L.

199 395 256 462 De
277 397 571 462 accedentibus
593 394 641 458 ad
663 394 980 475 Eucharistiam.

216 548 248 628 1)
270 548 399 629 Magnus
432 559 463 609 et
494 549 684 629 perniciosus
712 569 797 611 error
829 557 891 628 est,
932 549 957 608 ai
985 547 1052 627 quis

132 629 263 693 accedat
295 631 335 692 ad
366 639 590 692 sacramentnm
624 631 854 712 Eucharistiae,
890 651 927 692 ea
961 633 1052 691 nixus

131 712 254 793 fiducia,
277 713 358 793 quod
377 715 536 776 consessus
559 722 615 791 est,
637 716 720 795 quod
744 736 805 777 non
829 716 887 776 sibi
910 715 1053 776 consciae

130 797 269 860 mortalis
291 800 427 882 peccati,
461 796 544 878 quod
577 800 732 859 crationes
763 808 793 860 et
820 797 1053 880 praeparatoria

132 900 188 942 sua
209 882 410 962 praemiserit,
433 900 541 942 omnes
564 881 593 940 hi
616 880 762 943 iudicium
784 884 841 945 eibi
864 881 1054 943 manducant

132 974 163 1026 at
184 964 300 1027 bibunt.

217 1047 487 1129 HaecPropositio
510 1057 557 1109 est
576 1049 679 1128 impia,
702 1068 721 1109 a
744 1049 847 1110 debita
869 1048 1052 1109 sacramenti

133 1130 320 1211 suscipiendi
352 1133 586 1213 praeparatione
623 1135 757 1192 maxime
795 1134 976 1209 retraotiva,
1014 1129 1053 1190 ad

133 1214 379 1295 desperationem
402 1216 566 1291 inducens,
589 1224 619 1274 et
641 1215 799 1275 doctrinae
822 1213 910 1276 Pauli
933 1221 1052 1275 conua-

133 1299 193 1375 ria,
228 1316 285 1358 nec
313 1297 420 1359 fideles
449 1317 487 1359 ea
514 1300 577 1359 nixi
600 1297 712 1360 fiducia
734 1298 897 1360 secludunt
919 1297 1053 1358 divinam

133 1379 389 1444 misericordiam.

217 1467 251 1543 2)
274 1465 498 1547 Probati0‚qua
511 1463 742 1546 homopeccata
752 1485 808 1525 sua
824 1463 947 1525 discutit
962 1470 1055 1542 atque

133 1547 294 1630 ponderat,
317 1566 380 1608 non
396 1549 528 1629 pertinet
548 1547 606 1608 niei
635 1548 860 1610 adinsenaatos
882 1553 915 1609 et
935 1564 1057 1608 cranaos

134 1632 319 1694 sacramenti
339 1639 577 1711 contemptores.

218 1715 304 1777 Haec
336 1714 509 1796 Propositio
538 1722 585 1775 est
623 1717 783 1777 temerarie
818 1722 849 1774 et
877 1719 1058 1794 arroganter

135 1808 262 1880 asserta,
284 1799 380 1879 impia
402 1807 434 1860 et
455 1797 647 1860 seandalosa.

215 1975 269 2036 De
290 1969 548 2036 certitudine
570 1971 765 2035 caritatis
787 1970 968 2035 habitae.

223 2129 256 2200 l)
283 2124 419 2209 Pessime
449 2122 561 2184 docent
588 2124 754 2205 Theolligi,
786 2123 910 2203 quande
944 2121 1058 2196 dicunt,

136 2229 194 2270 nea
218 2210 347 2285 nescire,
370 2207 493 2287 quando
517 2227 621 2267 sumus
643 2209 673 2267 in
698 2211 836 2269 caritate.

220 2290 305 2351 Haeo
319 2291 504 2372 Proposito,
527 2292 725 2371 intelligendo
739 2292 857 2352 nescire
876 2285 1058 2349 certitudine

138 2373 224 2452 fidei,
257 2373 297 2435 de
326 2393 387 2454 qua
414 2374 547 2454 loquitur
569 2374 726 2454 Scribens,
761 2381 808 2434 eet
835 2371 938 2457 falsat
963 2371 1058 2430 saeris

137 2458 324 2520 Ductoribus
352 2458 477 2518 disecna
518 2465 548 2518 et
576 2476 669 2519 sanae
702 2456 923 2537 intelligentiae
959 2453 1056 2533 Scrip-

139 2549 235 2606 turae.

222 2624 259 2708 2)
284 2625 401 2686 Caveat
429 2627 528 2686 omnis
555 2625 758 2701 Christianus,
792 2644 831 2683 ne
861 2640 994 2700 unquam
1017 2621 1058 2679 in-

140 2717 240 2783 certus
264 2711 320 2786 ait,
355 2728 393 2769 an
415 2710 483 2770 Deo
506 2709 651 2790 placeant
681 2728 775 2790 opera
797 2726 869 2782 sua,
902 2705 953 2783 qui
978 2704 1057 2764 enim

140 2795 185 2852 sic
213 2793 347 2870 dubitat,
383 2802 507 2872 peccat,
543 2802 573 2852 et
600 2792 700 2874 perdit
726 2810 821 2872 opera
855 2809 911 2849 sua
937 2792 1058 2860 aunem,

139 2876 310 2956 frustraque
333 2874 463 2939 laborat.

223 2959 403 3019 Huiusmodi
426 2962 603 3040 consilium,
637 2957 792 3039 loquendo
815 2957 854 3016 de
876 2953 1058 3016 certitudine

140 3049 174 3103 ut
201 3061 309 3123 supra,
343 3050 391 3102 eat
417 3047 626 3123 temerarium,
655 3043 879 3124 perniciosum,
908 3046 940 3099 et
965 3037 1059 3098 sacris

141 3126 273 3208 eloquiis
285 3125 446 3209 difforme.

461 3270 518 3334 De
541 3270 733 3357 peccatis.

226 3399 261 3474 ll
286 3396 391 3458 Justus
413 3399 443 3456 in
467 3397 551 3456 omni
573 3396 655 3458 bono
679 3414 773 3476 opere
796 3402 914 3476 peceat.

225 3481 262 3558 2)
288 3479 388 3542 Omne
410 3498 488 3560 opus
512 3479 624 3541 bonum
649 3481 765 3560 optime
786 3478 900 3538 iactum
923 3484 972 3537 est
993 3493 1060 3556 pec·

142 3574 244 3626 catum
268 3565 397 3626 veniale.

225 3648 299 3709 Utra
322 3667 360 3706 ue
375 3647 481 3709 harum
498 3647 746 3727 Propositionom
764 3652 812 3706 est
832 3643 919 3725 falsa,
943 3644 1059 3724 piarum

142 3735 259 3798 aurium
284 3666 450 3813 nisenam,
479 3750 516 3791 ac
544 3732 694 3793 bonorum
722 3747 849 3810 operum
874 3727 1061 3789 infamativa.
