2392 4170
402 236 528 288 Rationis
548 234 728 289 Latomianaa
748 241 800 290 etc.
1005 233 1067 298 465

224 388 283 448 Sed
316 397 347 448 et
369 389 513 447 Latonius
543 389 694 466 quaedam
728 409 766 448 ex
799 388 909 449 eodem
936 388 1072 468 adducit,

138 474 170 530 in
211 472 339 531 eandem
373 473 558 533 sententiam
599 473 703 531 vitium
740 491 863 551 semper
902 479 1071 532 asserente.

138 553 334 633 Quanquam,
359 563 391 614 ut
412 554 487 634 dixi,
511 556 685 633 Augustino
708 573 769 615 uon
794 556 869 615 satis
894 554 1009 630 credo,
1033 574 1071 615 ne

137 637 332 696 adversarius
357 637 439 698 dicat
471 657 519 698 me
553 656 591 696 eo
620 639 673 697 niti
703 644 837 714 tantum,
873 636 1070 709 ubi,meoum

136 721 220 780 facit.
265 720 310 780 Sit
343 740 418 780 sane
452 720 507 780 sibi
543 722 600 800 ipsi
637 721 824 798 contrarius,
860 729 892 780 ut
923 708 1069 781 Latonam

136 806 238 882 cogit,
274 822 342 863 mea
376 801 449 863 nihil
478 804 578 863 refert.
624 804 766 864 Attamen
802 821 870 863 cum
907 813 989 863 esset
1012 803 1068 866 La·

136 895 240 946 tomus
263 887 308 946 his
332 888 472 947 tonitruis
490 905 652 966 percussus
675 889 705 946 in
730 895 832 966 caput,
855 895 887 946 ut
913 887 1065 947 alienatus

137 969 187 1029 diu
211 989 316 1029 secum
339 989 400 1030 uon
424 979 515 1048 esset,
541 969 647 1029 videns
669 988 738 1030 sese
752 970 960 1050 Augustinum
984 970 1066 1030 dam-

136 1071 231 1113 nasse
253 1052 439 1129 inLuthero,
463 1052 545 1130 quod
570 1062 640 1111 ante
655 1056 855 1112 temeritatem
878 1052 981 1113 videre
1004 1071 1065 1114 non

136 1145 280 1215 poterant
302 1137 436 1196 universi
459 1134 634 1215 Sophistae,
657 1135 781 1196 tandem
804 1137 842 1196 ad
866 1155 901 1196 se
923 1155 1065 1197 reversus

135 1220 299 1298 cogitavit:
313 1218 406 1294 ‘Quid
422 1217 558 1279 faciam?
580 1226 668 1298 turpe
692 1228 739 1278 est
754 1220 844 1292 vinci,
860 1220 924 1278 hoc
941 1219 1064 1298 faciam,

135 1302 329 1380 imaginabor
350 1302 476 1361 latinam
510 1302 643 1382 linguam
668 1294 698 1361 i'n
722 1311 787 1361 toto
812 1301 887 1362 orbe
910 1321 972 1362 una
995 1321 1063 1362 cum

135 1404 249 1464 graeca
278 1395 308 1444 ei
336 1384 471 1444 hebrae-a
505 1386 614 1444 virtute
637 1385 758 1464 Dialogi
790 1385 848 1444 mei
878 1386 1063 1446 exstinctam

112 1486 214 1548 esse,
237 1478 298 1546 aut,
322 1469 346 1526 si
371 1467 443 1546 quid
457 1468 651 1545 reliquiarum
675 1474 826 1548 superest,
850 1467 961 1544 dicam,
984 1469 1063 1528 sicut

135 1551 173 1609 de
195 1552 255 1611 hoc
278 1564 407 1629 peccato
431 1550 510 1629 dico,
534 1569 595 1610 nou
619 1570 688 1611 esse
712 1559 889 1630 peccatum,
913 1552 955 1611 ita
978 1551 1061 1611 iilam

135 1653 194 1693 non
219 1652 287 1693 esse
307 1632 461 1713 linguam,
484 1634 556 1713 quia
577 1653 658 1714 papa
681 1633 794 1694 factum
817 1640 954 1694 nostrum
978 1653 1059 1695 com·

134 1715 291 1796 probavit,
325 1716 414 1776 facile
436 1719 509 1788 erit,
544 1724 577 1776 ut
597 1718 672 1776 istas
696 1716 777 1776 orbis
800 1716 943 1796 reliquias
967 1736 1057 1798 coga-

136 1819 202 1859 mus
225 1819 242 1858 e
264 1799 449 1860 chaniensi
480 1800 637 1860 Facultats
667 1799 843 1879 theologiae
873 1807 977 1880 petere
1005 1820 1056 1861 vo-

101 1930 103 1932 ,
134 1882 311 1942 cabuiorum
348 1883 598 1963 significationes.
643 1884 735 1963 Igitur
769 1901 836 1942 cum
872 1882 1054 1944 venabulum

135 1967 240 2026 vitium
264 1967 293 2024 in
306 1966 479 2044 Augustino
502 1967 593 2026 toties
612 1975 763 2044 occurrat,
789 1972 820 2024 ut
842 1967 933 2025 etiam
958 1969 1055 2047 magis

133 2049 269 2124 infestet,
293 2066 383 2126 quam
408 2049 591 2111 vocabulum
614 2057 774 2129 peccatum
798 2050 827 2109 in
851 2048 963 2126 Paulo,
996 2059 1056 2110 sta·

134 2133 245 2192 tuimus
269 2141 299 2191 et
322 2132 507 2211 ordinamus,
529 2140 559 2192 et
580 2134 608 2192 in
628 2134 737 2193 virtute
754 2130 918 2192 Facultatis
933 2141 1056 2194 nostrae

133 2216 348 2294 praecipimus,
371 2223 402 2273 ut
425 2218 527 2274 vitium
551 2216 711 2295 siguificat,
735 2214 816 2294 quod
832 2216 1054 2294 nosvoiumus,

133 2317 244 2377 nempe
276 2299 556 2377 imperfectionem,
590 2318 650 2358 non
683 2298 756 2359 iliud
791 2297 873 2378 quod
907 2298 985 2360 desit
1026 2308 1055 2358 et

134 2381 242 2441 deesse
265 2400 326 2441 uon
350 2381 460 2452 debet,
484 2400 541 2441 uec
563 2382 644 2460 quod
668 2384 706 2440 sit
728 2390 836 2441 contra
859 2381 957 2461 legem
981 2384 1054 2459 Dei,

132 2466 158 2523 si
181 2466 248 2542 quis
271 2474 371 2525 autem
406 2466 493 2524 aliter
522 2465 646 2539 dixerit,
684 2463 924 2544 indignationem
949 2465 1055 2527 Buliae

133 2557 164 2606 st
185 2550 214 2606 in
239 2549 368 2608 caudam
393 2551 457 2606 eius
483 2551 600 2607 noverit
623 2566 691 2607 sese
713 2549 913 2608 incursurum.
942 2548 1054 2610 Datum

133 2630 190 2691 sub
213 2631 314 2709 sigillo
338 2641 395 2691 etc.

215 2714 259 2773 Te
282 2713 429 2791 obsecro,
454 2715 565 2788 tector,
595 2715 645 2792 qui
669 2715 785 2773 miraris
810 2733 857 2774 me
881 2714 926 2774 sio
950 2713 1053 2774 ludere

133 2799 162 2856 in
185 2797 347 2875 Sophistus
381 2801 472 2871 istos,
508 2817 545 2857 au
569 2815 629 2856 non
664 2798 760 2856 iustus
788 2797 827 2856 sit
854 2795 944 2857 dolor
966 2815 1051 2856 meus

132 2899 224 2959 super
247 2881 312 2939 istis
346 2880 490 2941 inauditis
521 2880 740 2938 temeritatibus
774 2889 804 2940 et
826 2879 1052 2960 impudentissi-

133 2965 190 3023 mis
214 2963 447 3042 sycophantiis?
483 2963 551 3023 Non
575 2981 629 3021 eos
652 2962 777 3022 ludam?
818 2964 867 3042 qui
892 2982 952 3024 non
976 2981 1052 3024 cou-

132 3048 217 3123 tenti,
240 3049 322 3124 quod
340 3046 511 3126 Scripturas
534 3046 602 3120 Dei,
625 3045 706 3124 quod
723 3046 803 3106 dicta
815 3046 948 3124 Petrum,
970 3047 1052 3126 quod
1096 3091 1099 3096 -

132 3130 290 3190 evidentes
314 3132 447 3190 rationes
472 3131 587 3207 indunt,
610 3131 734 3209 insuper
755 3137 886 3210 pergunt
907 3132 963 3191 toti
986 3129 1052 3190 orbi

133 3233 168 3273 os
191 3212 346 3289 oblinere,
382 3221 410 3272 et
446 3214 535 3292 plane
571 3231 679 3273 omnes
710 3212 849 3273 homines
882 3215 913 3273 in
938 3212 1051 3273 bestias

133 3297 368 3373 transformare,
402 3298 488 3374 quasi
519 3315 576 3355 nec
597 3295 717 3375 linguas
741 3303 860 3356 nostras
884 3314 1052 3376 cognosca-

132 3397 210 3440 mus.
255 3380 366 3441 Omnia
389 3380 502 3457 secula,
525 3387 606 3440 totus
623 3378 704 3438 orbis
718 3379 821 3439 vitium
846 3387 937 3440 vocat
959 3381 1050 3440 etiam

132 3463 208 3542 hoc,
232 3463 315 3542 quod
339 3472 446 3523 contra
470 3465 595 3522 virtutes
619 3461 750 3522 morales
773 3468 836 3542 est,
870 3470 900 3523 et
922 3463 1052 3523 usitatis-

132 3547 243 3605 simum
267 3556 311 3607 est
335 3545 459 3606 verbum
483 3546 520 3604 de
544 3546 623 3606 vitiis
645 3554 676 3605 et
697 3543 867 3622 virtutibus,
890 3563 948 3606 uec
969 3546 1050 3625 ipsc·

116 3648 198 3706 ¹rum
221 3629 405 3691 Aristoteles
427 3639 557 3709 peccata
578 3629 661 3689 aliud
677 3648 767 3708 quam
790 3628 862 3689 vitia
885 3634 986 3689 vocat.
1013 3627 1052 3689 Et

132 3712 235 3794 adhuc
257 3713 370 3775 audent
382 3714 432 3773 isti
455 3712 588 3793 prodire,
611 3719 733 3790 nostra,
755 3731 825 3791 sua,
848 3709 966 3791 diviua,
989 3729 1051 3775 cnr·

161 3837 253 3881 nacon
267 3845 318 3885 opp.
334 3834 362 3876 v.
374 3835 401 3874 n.
417 3833 446 3872 aa
460 3832 500 3872 ros.
515 3831 565 3872 usa
579 3830 595 3871 a
608 3841 627 3880 ρ.
645 3831 694 3869 vor.
710 3832 737 3874 v,
845 3795 886 3862 30
