2392 4170
174 250 238 319 228
461 247 624 307 informatio
640 249 809 306 delectorum

258 422 345 484 Haeo
366 424 469 484 omnia
490 441 559 482 cunr
581 422 705 500 reliquis
727 419 868 482 modeste
895 427 926 480 st
953 438 1098 481 reveren-

176 514 223 567 ter
243 512 371 584 accepta
391 506 607 584 intelleximus,
629 524 667 565 ac
688 512 759 584 post
779 503 913 564 habitam
933 503 1100 583 diligenter

179 589 442 665 deliberationem,
465 600 496 649 ut
518 609 536 648 a
558 588 647 649 nobis
670 587 856 668 postulatum
879 596 936 665 est,
951 594 1098 647 nostram

177 674 375 750 seutentiam,
408 682 441 733 ut
473 675 625 751 sequitur,
661 673 876 751 exposuimus,
920 666 1101 730 reverenter

178 763 312 834 orantes,
336 763 368 816 ut
390 756 455 820 oet.
477 757 572 835 ipsius
596 775 652 814 nos
676 756 843 814 clementer
865 755 978 833 audiat,
1009 771 1100 812 sccu-

178 850 306 919 rataque
341 841 529 920 cogitatione
560 859 623 898 rem
651 838 896 917 prosequendam
925 838 1098 898 arbitretur.

259 920 300 982 In
336 924 408 1002 quia
431 922 493 982 Cel.
529 922 564 983 V.
588 924 680 1001 paulo
716 932 788 981 ante
827 921 866 981 de
899 922 1101 981 crassissimis

179 1006 299 1066 duobus
332 1005 477 1065 abusibus
517 1005 825 1084 commonefecimus,
867 1023 977 1085 nempe
1014 1003 1100 1082 quod

179 1089 299 1170 plurimi
323 1089 369 1148 vel
392 1098 537 1168 quaestus
559 1091 666 1169 gratia,
689 1087 739 1148 vel
763 1090 924 1167 coactione
952 1087 1101 1146 fundatae

180 1172 407 1233 constitutionis
437 1171 553 1250 absque
582 1171 645 1232 ullo
674 1170 827 1231 desiderio
850 1179 882 1231 et
902 1172 950 1231 siti
980 1172 1101 1250 gratiae

180 1265 211 1316 et
231 1257 424 1315 exercendae
446 1254 518 1314 lidei
548 1255 655 1314 Missas
678 1262 901 1334 exsequantur,
930 1254 1033 1314 adhuc
1059 1251 1102 1313 ai·

180 1338 350 1420 firmamus,
384 1340 442 1398 hos
475 1338 553 1398 duos
576 1339 689 1398 abusus
710 1335 824 1398 Missae
845 1339 1020 1399 necessario
1044 1336 1101 1398 tol-

182 1421 290 1482 lendos
312 1441 392 1500 esse,
415 1422 496 1500 quod
511 1423 721 1481 existimamus
744 1422 867 1499 quidem
890 1423 956 1481 sine
968 1421 1102 1481 tumultu

181 1513 212 1566 et
234 1505 302 1565 aliis
334 1506 476 1584 periculis
509 1503 574 1564 fleri
608 1524 710 1584 posse.
754 1505 794 1564 Et
828 1514 858 1564 ut
882 1507 1102 1564 maximenon

180 1589 288 1668 possit,
311 1607 372 1649 non
395 1587 487 1648 debet
509 1589 538 1647 in
563 1588 622 1648 hoc
644 1608 716 1648 casu
730 1587 866 1648 scandali
889 1595 943 1649 aut
964 1587 1102 1648 diffama-

182 1672 273 1733 tionis
298 1671 402 1731 haberi
423 1674 513 1731 ratio.
541 1671 592 1732 Sic
613 1675 694 1731 enirn
707 1671 843 1731 Christus
856 1671 895 1732 ad
908 1672 1104 1750 Pharisaeos,

182 1757 231 1834 qui
255 1755 345 1815 etiam
375 1774 414 1814 ex
437 1755 576 1816 doctriua
597 1754 724 1834 Christi,
751 1773 831 1834 quae
852 1754 1011 1836 pugnabat
1032 1775 1102 1815 curn

181 1837 298 1917 legibus
320 1848 350 1897 et
372 1838 583 1898 traditionibus
605 1838 756 1917 humanis,
778 1834 988 1899 afficiebantur
1015 1857 1104 1898 scau·

181 1920 263 1997 dalo,
286 1920 390 1982 llatth.
413 1922 462 1984 15.
485 1921 624 1986 dicebat:
667 1923 763 1982 Sinite
785 1923 865 2002 illos,
888 1923 1056 1982 csecisunt
1073 1933 1104 1982 et

181 2002 274 2065 duces
296 2022 469 2066 caecorum.
512 2005 652 2085 Denique
675 2005 741 2065 Deo
770 2006 866 2084 magis
895 2005 1104 2066 obediendum

182 2096 238 2166 est,
261 2106 351 2165 quam
375 2087 548 2148 homiuibus
572 2091 640 2150 Act.
663 2093 691 2152 5.

265 2169 330 2229 Nec
351 2180 525 2249 propterea,
547 2174 617 2250 quia
639 2173 800 2251 pauciores
823 2172 1008 2251 minimaque
1031 2192 1103 2252 pars

182 2272 302 2329 sumus,
336 2255 447 2314 veritas
469 2265 499 2313 et
521 2257 667 2315 autoritas
691 2255 773 2315 verbi
798 2255 909 2335 divini,
932 2255 1014 2333 quod
1039 2276 1104 2316 om·

183 2337 271 2396 nibus
294 2337 411 2415 angelis
442 2347 471 2397 et
502 2340 648 2398 creaturis
678 2340 822 2418 imperat,
855 2358 922 2397 cum
958 2340 1041 2398 clare
1074 2341 1103 2399 in

183 2420 352 2500 Evangelio
376 2429 406 2479 et
427 2421 579 2499 Apostolo
603 2423 711 2482 tradita
735 2422 893 2481 nobiscum
917 2422 1040 2498 iaciant,
1065 2423 1104 2482 le-

184 2505 249 2564 vior
287 2504 379 2580 videri
412 2506 510 2565 debet.
555 2505 632 2564 Nam
667 2505 704 2564 ab
733 2506 818 2565 initio
849 2505 951 2564 mundi
980 2525 1104 2585 semper

185 2588 308 2647 minima
331 2607 400 2666 pars
423 2598 454 2648 et
483 2589 595 2668 exigua
623 2589 774 2669 particula
807 2589 909 2647 mundi
941 2591 1102 2649 veritatem

182 2673 302 2749 accepit
324 2680 353 2728 et
375 2671 513 2749 professa
536 2680 591 2748 est,
613 2671 755 2751 idemque
782 2673 975 2750 permanebit
1006 2673 1104 2732 eccle·

183 2755 248 2813 siae
271 2760 368 2813 status
393 2773 488 2832 usque
510 2755 549 2813 ad
573 2754 654 2814 orbis
678 2755 841 2816 interitum.
886 2755 991 2829 Quid?
1019 2756 1103 2835 quod

184 2836 320 2897 Christus
343 2838 408 2916 ipse
431 2837 571 2914 infirmis,
596 2840 795 2918 contemptis,
828 2840 948 2917 paucis,
974 2841 1103 2909 miseris,

183 2921 389 2999 simplicibus,
425 2920 557 2980 indoctis
582 2924 721 3000 personis
755 2922 984 2982 commendavit
1017 2923 1102 2982 mini-

183 3004 307 3063 sterium
332 3003 498 3083 Evangelii
542 3005 739 3082 veritatisque
773 3023 826 3083 per
862 3013 957 3064 totum
995 3006 1102 3066 orbem

183 3086 425 3167 annunciandae,
449 3106 486 3146 ac
507 3088 564 3146 illis
588 3087 662 3147 solis
685 3089 849 3147 coelestem
879 3088 1029 3148 revelavit
1059 3109 1104 3149 sa·

184 3170 339 3247 pientiam,
364 3188 453 3248 quarn
470 3178 611 3249 potentes
635 3181 664 3228 et
686 3173 840 3250 sapientes
855 3170 957 3231 mundi
981 3173 1103 3252 ignora·

184 3251 265 3327 bunt,
289 3252 433 3312 Matthaei
458 3253 506 3315 tt.
551 3254 636 3312 Hauc
666 3255 898 3333 responsionem
930 3256 1104 3316 iudicamus

184 3335 360 3394 satisfacere
384 3338 480 3414 primo
503 3337 642 3400 articulo.

266 3417 314 3477 ud
347 3419 513 3479 secuudum
543 3421 701 3479 articulum
731 3422 821 3481 etiarn
856 3422 886 3480 in
918 3422 987 3500 lege
1015 3421 1104 3495 llosi,

185 3498 265 3562 naut
288 3498 336 3564 53.
361 3510 391 3561 et
413 3501 548 3580 pluribus
572 3504 601 3562 in
626 3503 702 3564 locis
726 3503 902 3581 Scripturae
933 3504 1105 3565 clarissime

183 3582 371 3662 praedictum
395 3584 458 3662 luit,
481 3584 634 3646 Christum
667 3586 800 3664 infirma,
833 3588 935 3648 servili
968 3595 1000 3647 et
1031 3606 1105 3648 con·

184 3664 343 3807 temptibili
365 3670 469 3747 specle
494 3677 663 3745 venturum,
686 3679 718 3730 ut
740 3680 821 3731 esset
844 3671 988 3732 Salvator
1008 3691 1104 3751 gene·

183 3747 225 3808 ris
268 3750 383 3830 amani,
405 3767 463 3810 nso
486 3757 588 3812 tamen
612 3753 772 3832 quisquam
802 3753 880 3814 haec
909 3751 1033 3832 videre,
1062 3755 1105 3814 iu·
