2392 4170
148 265 213 335 292
365 271 522 340 sapam
540 270 575 325 n.
593 270 630 327 rt
646 269 677 323 a.
696 258 733 323 ul
750 264 852 324 uhta

233 422 297 485 lam
320 422 372 484 nbi
392 432 532 501 annunt,
552 424 688 484 unanimi
708 423 955 499 Themistum,
975 414 1075 483 Sonti·

150 512 281 581 mrum,
316 507 548 583 liuderuorum,
579 507 809 568 Albertistarum
831 505 986 569 sentemis
1008 506 1076 583 (est

150 589 231 650 enim
252 589 356 670 ulique
377 589 486 669 moda,
506 591 537 650 iu
560 609 622 670 qus
643 590 750 671 vulpes
771 592 850 651 istus
867 589 1074 666 eonveuiuut)

76 702 80 709 ·
151 671 266 735 beelim
286 671 391 733 essere
424 673 521 733 libero
548 673 673 734 arbitrio
703 682 734 732 et
761 675 902 752 potentis
932 672 1075 752 eleetiva,

151 757 184 833 in
214 774 275 835 qua
307 755 485 836 prudentiae
514 765 545 815 et
569 758 731 817 universae
761 758 880 817 rimatis
903 756 983 815 ratio
1004 752 1077 815 sub·

148 836 260 899 ieotive
281 847 312 899 et
332 839 499 914 tonaliter
509 841 660 912 consistit,
682 839 877 919 feranturque
897 838 967 899 solo
986 844 1074 898 nutu·

149 940 204 984 ras
224 921 319 982 duotu
339 929 371 982 et
391 924 527 1003 appetitu
550 922 681 982 naturah
703 930 734 981 et
746 922 991 1002 cognominan-
1013 919 1076 982 lta

148 1011 216 1066 tura
238 1012 357 1082 autem,
393 1009 465 1085 quia
486 1007 685 1085 necessitate,
717 1023 779 1066 nou
812 1005 973 1066 voluntate
998 1004 1074 1085 ugit,

149 1087 318 1151 seeundum
347 1095 443 1148 tatum
477 1108 565 1148 suum
589 1106 682 1168 posse
711 1089 784 1168 agit.
842 1086 933 1149 Dabit
959 1093 994 1147 et
1012 1087 1077 1149 hoo

149 1170 267 1232 bestiae
286 1172 446 1251 praeeipiti
458 1170 649 1252 Gutharinua,
672 1179 706 1230 ut
726 1171 809 1232 nullo
826 1172 935 1232 ordine
949 1170 1075 1248 lentur,

149 1262 180 1315 st
200 1255 299 1334 primo
321 1256 458 1315 omnium
480 1255 519 1315 de
539 1275 660 1314 summa
681 1256 724 1313 rei
746 1261 852 1331 certet,
874 1255 934 1315 hoe
954 1260 1017 1332 est,-
1035 1252 1075 1315 de

150 1345 275 1418 papatu,
296 1339 326 1398 in
350 1356 413 1417 quo
434 1346 537 1398 tamen
566 1335 712 1397 naturae¹
725 1354 732 1405 t
757 1339 960 1398 temeritatem
991 1354 1075 1398 som·

149 1421 291 1500 penssbit
313 1430 455 1494 eventus,
477 1441 542 1498 seu,
565 1427 597 1480 ut
618 1419 799 1480 Aristoteles
821 1421 909 1498 dinit,
931 1420 1075 1487 torttrnue

149 1512 180 1563 et
199 1521 290 1564 nasus
314 1502 527 1564 commoditas.
572 1504 648 1564 Nam
662 1503 835 1584 hooagone
857 1509 1073 1564 consummato

149 1593 214 1647 tots
234 1585 376 1668 Babylon
398 1595 429 1647 et
449 1586 571 1668 farrago
593 1587 878 1648 Gathariniauarnm
896 1584 1075 1667 disputatio·

151 1667 263 1744 num²)
288 1677 341 1730 aut
362 1669 456 1730 stabit
476 1679 530 1730 eut
550 1671 672 1746 iacebit,
695 1689 763 1730 eum
787 1671 818 1729 in
840 1669 901 1731 hoe
919 1668 1078 1750 pendeant

149 1753 262 1831 omniu,
284 1752 492 1833 quaesoribit,
514 1753 598 1832 dioit,
621 1753 707 1830 feeit,
731 1755 803 1831 agit,
825 1755 970 1832 vivitque.
1012 1751 1075 1815 Sed

148 1842 180 1897 et
202 1836 276 1896 mibi
293 1836 396 1898 hoeiu
411 1836 607 1898 commodum
630 1835 769 1911 oedet2),
793 1837 878 1896 nesi
900 1835 1076 1899 humaniter

147 1923 179 1979 et
199 1919 419 1981 rationabiliter
440 1939 574 2000 agerem,
597 1919 668 1978 mihi
691 1921 782 1979 etiam
805 1938 861 1979 sex
885 1919 951 1979 libri
980 1918 1075 1980 male

149 2000 209 2062 dioi
230 2011 505 2082 praenasoerentur
532 2004 562 2062 in
591 2021 693 2062 mores
715 2002 889 2064 adversarii.
933 1998 973 2061 Iit
994 2001 1076 2063 diue·

148 2092 194 2145 ret
215 2085 288 2145 mihi
310 2084 507 2146 Ostharinus:
529 2085 574 2157 Tu
597 2085 695 2145 bestia
707 2085 877 2146 doctrinam
892 2086 1074 2165 impugnare

149 2168 288 2245 voluisti,
317 2177 348 2228 et
369 2168 471 2249 perdis
498 2188 648 2249 papyrum
672 2186 740 2227 eum
764 2176 901 2248 tempore
923 2168 1073 2228 conviniis

148 2257 179 2310 et
200 2250 381 2313 maledictis.
423 2251 503 2312 Nam
525 2252 607 2330 quod
636 2270 696 2330 ego
719 2251 900 2311 Ostharinns
923 2251 1019 2312 homo
1041 2251 1071 2312 id

147 2333 214 2410 ieei,
236 2352 330 2394 nausa
351 2333 416 2413 luit,
438 2336 510 2414 quia
532 2336 626 2395 homo
650 2341 696 2394 est
718 2334 830 2395 animal
854 2334 1005 2394 rationale
1026 2352 1073 2395 ss·

148 2416 281 2476 eundum
305 2415 335 2477 S.
357 2417 506 2479 Thomam
530 2429 559 2478 et
583 2417 788 2496 Aristotelem,
808 2424 841 2478 et
858 2417 1072 2498 Porphyrium,

146 2500 198 2578 qui
220 2499 311 2560 debet
332 2501 473 2562 rationali
497 2503 547 2560 via.
568 2500 745 2582 proaedere.

229 2580 346 2645 Omitto
368 2585 472 2664 itaque
493 2584 545 2645 illa
567 2585 606 2645 de
619 2584 826 2664 indulgentiis,
850 2582 888 2643 de
901 2582 1073 2644 lovanien-

147 2664 240 2744 sibus,
264 2666 301 2726 de
324 2667 477 2743 oonoiliis,
500 2674 531 2728 et
551 2669 655 2728 omnia
678 2667 729 2727 illa
753 2686 837 2743 mea,
861 2684 939 2745 quae
961 2665 1073 2727 Catha-

146 2748 228 2808 rinus
250 2749 365 2810 iuduait
386 2752 564 2831 pugnantia.
609 2751 716 2811 Fateor
738 2752 883 2830 ipsemet,
912 2769 961 2810 rna
990 2748 1072 2810 male

146 2831 185 2891 de
205 2831 420 2913 indulgentiis,
453 2854 550 2915 papa,
579 2832 720 2895 Romana
742 2833 890 2909 eeclesia,
924 2832 1072 2911 eonmliis,

147 2914 402 2994 universitatibus,
427 2917 596 2978 canonibus
609 2919 742 2978 sensisse
754 2918 786 2978 in
805 2916 967 2996 principio,
991 2916 1073 2977 uude

146 3004 176 3057 et
197 2999 416 3078 posterioribus
439 3000 547 3062 libellis
570 3001 673 3061 omnia
696 2999 859 3080 revocavi,
882 3004 915 3058 ut
936 2999 966 3058 in
992 2997 1072 3080 Gap·

148 3081 264 3142 tivitate
288 3081 476 3163 Babylonios
501 3091 531 3144 et
553 3084 731 3144 Assertione
753 3090 861 3144 eontra
884 3082 1002 3142 Bullam
1026 3081 1068 3143 ls-

145 3182 218 3243 gere
247 3171 364 3247 potest,
391 3168 440 3246 qui
472 3166 563 3228 volet.
612 3167 711 3227 Tarde
742 3173 793 3242 (ut
814 3166 915 3239 aiunt)
949 3165 1092 3244 venisti,-

146 3247 186 3306 mi
209 3246 383 3329 catharine,
405 3253 464 3310 iarn
489 3269 549 3310 non
565 3251 734 3329 quaeritur:
758 3253 805 3309 An
828 3249 867 3307 sit
882 3245 987 3328 papa?
1008 3246 1072 3309 lstu

146 3332 304 3410 quaestio,
326 3330 358 3393 st
380 3340 443 3410 est,
467 3340 497 3393 et
518 3334 656 3414 operatio
680 3334 778 3413 prima
800 3331 973 3392 intellectus
996 3331 1073 3392 iam·

147 3412 267 3475 dudum¹
282 3414 367 3476 linita
389 3425 444 3479 est.
490 3417 537 3478 Ad
560 3417 791 3496 quaesitionem,
815 3412 895 3489 Quid
912 3413 982 3476 est?
1003 3432 1072 3496 per·

196 3627 229 3696 1)
249 3622 281 3680 Iu
301 3625 364 3680 edit.
384 3628 470 3697 orig:
500 3634 529 3680 tu
553 3636 646 3681 tamen
671 3641 726 3695 quo
745 3620 881 3679 naturae.¹
905 3621 938 3690 2)
959 3618 1071 3678 [bidem

143 3698 234 3754 deest:
263 3696 491 3767 disputationum.
533 3699 562 3767 3)
582 3699 612 3752 Ιιι
635 3697 676 3752 ed.
696 3697 772 3753 len:
803 3697 852 3752 sed
878 3700 905 3749 st
927 3695 996 3751 mlhl
1015 3695 1071 3753 hoo

142 3768 349 3827 incommodum
368 3768 454 3827 cedet.
1051 3766 1057 3779 “
