2392 4170
395 263 432 322 ad
450 264 589 337 principat
608 264 782 324 Germanice.
993 261 1063 330 461·

139 437 290 499 coeteris
311 447 478 518 errantem,
506 457 597 517 quam
624 455 688 499 non
716 437 870 517 requirere
892 441 923 496 ct
944 434 983 496 ad
1005 434 1059 497 do·

139 520 283 584 minicam
305 521 425 582 caulam
449 520 595 583 reducere
617 539 814 601 summopere
834 537 1026 601 cuperemus.

222 602 262 666 Et
284 623 360 666 acne
386 606 425 666 ab
454 607 577 665 ineunte
605 604 707 664 atatim
729 601 911 664 Pontificatc
939 608 1057 679 nostro,

140 687 222 766 quod
252 696 315 749 tum
349 689 542 769 potissimum
570 686 717 768 expedire
743 685 939 764 videbamus,
971 684 1057 746 chri-

139 772 309 832 stianorum
331 771 505 851 Principum
530 773 666 851 animos,
693 770 754 831 heu
783 771 871 830 nimis
897 770 958 830 iam
980 771 1058 830 inter

139 873 174 916 se
196 855 395 934 dissidentes,
419 855 456 916 ad
480 873 588 934 pacem
610 864 641 914 et
663 855 860 915 concordiam
882 852 1057 930 ineundam,

140 936 384 1019 deponendoque
405 957 500 1017 arma,
522 944 576 998 aut
598 939 623 998 si
645 936 820 999 bellandum
842 942 938 1014 esset,
960 955 998 997 ea
1025 937 1056 996 in

138 1019 208 1081 tidei
231 1020 336 1082 hostes
360 1021 585 1098 convertenda,
608 1028 668 1081 tam
691 1040 746 1102 per
767 1020 906 1082 diversos
928 1021 1057 1081 nuncios

139 1112 276 1181 nostros,
303 1123 395 1184 quam
423 1124 478 1186 per
505 1104 699 1185 quotidianas
720 1103 785 1165 iere
807 1105 909 1164 literas
932 1103 1058 1183 hortari,-

139 1190 285 1265 animare,
307 1191 426 1269 precari
450 1189 597 1249 hactenus
620 1207 681 1249 nou
704 1186 885 1263 destitimus.
1002 1190 1005 1194 ’

222 1271 260 1331 tn
282 1291 322 1331 ne
344 1270 438 1333 verbo
462 1283 596 1351 tantum,
619 1270 673 1331 aed
697 1278 727 1331 et
748 1271 870 1350 reipsa
891 1269 982 1329 huius
1004 1287 1056 1328 no-

138 1354 190 1415 stri
214 1354 356 1415 desiderii
376 1356 537 1415 ederemus
559 1355 718 1436 exempla,
741 1355 823 1415 Deus
844 1353 917 1434 ecit,
940 1359 1056 1431 quanto

139 1445 262 1499 nostrae
291 1438 334 1498 rei
363 1437 537 1516 familiaris,
572 1437 619 1498 his
646 1439 824 1518 praesertim
857 1435 1063 1516 temporibus,

137 1521 335 1582 incommodo
356 1522 503 1601 pecunias
524 1530 555 1581 et
576 1521 637 1581 alia
658 1520 794 1582 subsidia
808 1519 846 1580 ad
863 1518 1056 1580 Rhodiensee

138 1604 267 1682 milites,
289 1610 432 1664 strenuos
460 1602 531 1665 fldei
553 1612 799 1685 propugnatores
806 1651 815 1685 ,
839 1603 877 1663 ab
899 1603 1056 1665 immanis·v

138 1689 216 1747 simo
238 1687 404 1748 anoarum
431 1694 562 1768 tyranno
596 1688 741 1749 atrociter
763 1687 924 1762 obsessos,
959 1704 997 1746 ec
1024 1686 1055 1745 in

138 1769 199 1833 alia
220 1771 311 1830 etiam
334 1767 404 1830 loca
434 1772 464 1831 in
496 1769 634 1831 eiusdem
657 1771 754 1832 hostis
775 1768 914 1831 faucibus
936 1768 1056 1849 pericli·

137 1853 235 1914 tantia
255 1854 401 1914 misimus.

220 1936 294 1998 Mox
328 1956 402 1999 vero
436 1936 475 1997 ab
510 1938 645 1998 externis
673 1935 712 1996 ad
748 1938 892 1997 intestina
919 1936 1067 2008 animum¹

137 2020 331 2084 advertentes
366 2038 428 2082 non
455 2020 521 2082 siue
554 2021 642 2101 gravi
669 2020 764 2081 animi
786 2019 928 2081 molestia
949 2037 1066 2100 parco·

137 2105 253 2183 pimus,
279 2104 441 2170 Martinam
472 2104 652 2185 hutherum,
686 2122 776 2184 quem
804 2123 861 2164 sua
882 2103 973 2182 culpa
995 2103 1056 2162 iam

137 2186 244 2247 Filium
269 2195 405 2249 nostrum
428 2206 541 2250 vocare
564 2207 625 2250 non
648 2205 741 2270 posse
764 2186 925 2267 dolemus,
958 2185 1055 2247 homi⁶

138 2287 207 2328 nem
231 2276 367 2331 veterum
390 2279 421 2331 ct
450 2273 510 2332 iam
539 2272 752 2334 damnatarum
775 2270 938 2332 haeresum
960 2272 1055 2330 susci·

139 2359 283 2428 tatorem,
317 2359 389 2432 post
420 2353 503 2415 sedis
532 2355 731 2435 apostolicae
766 2361 894 2436 paterna
922 2353 1053 2435 primum

138 2437 270 2511 monita,
298 2435 409 2496 deinde
431 2437 521 2497 ctiam
549 2439 731 2498 sententiam
754 2457 817 2499 non
841 2436 958 2517 absque
979 2454 1052 2498 oon·

136 2518 204 2579 silio
234 2519 420 2599 optimorum
448 2528 479 2580 et
507 2519 753 2581 doctissimorum
790 2523 923 2582 virorum
957 2519 1054 2581 diver-

136 2622 238 2664 sarum
269 2602 505 2664 Univeraitatum
545 2603 682 2684 legitime
714 2609 821 2665 contra
853 2623 922 2663 eum
950 2603 1054 2682 latam,

136 2694 208 2828 plcet
227 2687 258 2746 in
283 2685 404 2748 Christo
433 2684 485 2745 tilii
518 2687 615 2748 nostri
637 2685 755 2766 Caroli,
785 2687 993 2748 Romanorum
1023 2695 1055 2748 et

165 2771 352 2850 iapaniarnm
376 2769 468 2850 Regis
491 2768 634 2832 catholici
656 2770 687 2831 in
709 2768 932 2850 Imperatorem
954 2769 1053 2850 electi,

135 2859 167 2912 et
188 2862 320 2915 vestrum
353 2853 512 2933 imperiale
540 2852 674 2915 edictum
703 2871 796 2934 super
825 2853 961 2914 eiusdem
984 2872 1064 2917 een-.-

135 2937 248 2999 tectice
277 2938 491 3018 exsecutione,
518 2938 548 2998 in
578 2939 725 3019 proximis
752 2935 892 2997 Comitiis
916 2935 1053 2998 Worma·

134 3021 195 3080 tiae
224 3018 351 3096 habitis,
389 3027 508 3082 maturo
535 3020 690 3082 decretum
725 3027 756 3082 et
788 3039 843 3101 per
870 3028 966 3081 totam
988 3019 1053 3082 fere

134 3102 330 3165 Germaniam
352 3104 600 3184 promulgatum,
624 3124 684 3166 non
709 3104 802 3166 modo
824 3123 880 3184 per
901 3121 979 3183 quos
1002 3103 1052 3165 de·

133 3194 216 3249 cenet
249 3207 310 3249 noc
342 3189 481 3267 punitum
511 3196 563 3250 aut
594 3204 658 3270 per·
675 3207 708 3249 se
738 3188 905 3249 cohibitum
943 3206 1051 3267 apra·

135 3270 266 3333 viseimis
288 3272 417 3353 inceptis
452 3274 514 3334 non
538 3271 700 3353 desistere,
737 3270 793 3332 scd
818 3271 944 3332 omnino
967 3270 1051 3332 chri-

133 3354 252 3415 stianae
273 3356 407 3416 caritatis
430 3363 460 3415 et
482 3357 604 3436 pietatis
626 3355 825 3436 evangelicae
848 3373 909 3415 noc
923 3352 1067 3417 oblitum

134 3437 238 3514 modo,
260 3437 314 3497 aed
336 3443 367 3497 et
387 3439 481 3519 impie
502 3445 766 3520 contemnentem,
794 3456 893 3499 novoe
916 3437 1053 3518 quotidie

133 3520 228 3581 libros
244 3531 404 3600 errorum,
427 3522 602 3602 haeresum,
631 3522 885 3584 contumeliarum
913 3539 951 3582 nc
972 3521 1051 3582 aedi·

133 3605 249 3665 tionum
272 3603 399 3687 plenos,
419 3605 486 3665 sive
508 3605 547 3666 de
568 3625 641 3686 suc,
664 3606 730 3667 eive
751 3605 790 3666 de
812 3604 880 3666 aliie
902 3604 1069 3683 adiutum,

132 3686 306 3770 divulgare,
337 3707 375 3749 ac
407 3688 500 3753 veluti
524 3697 643 3769 pestem
671 3689 823 3771 quandam
852 3687 1050 3750 Germaniam

124 3782 162 3852 ,et
199 3771 316 3838 vicinas
355 3773 498 3857 regiones
544 3772 638 3856 longe
671 3774 794 3856 lateque
830 3771 1050 3856 pervadentem
