2392 4170
428 271 512 331 Missa
529 272 641 346 puram
657 272 693 333 D.
708 274 747 333 ir.
766 276 799 335 L.
1016 277 1079 348 127

157 455 237 527 sunt,
259 455 323 507 tum
345 467 383 508 ea
404 448 548 529 maxime,
572 465 652 526 quac
682 447 721 509 ad
742 449 888 530 pietatem
918 451 972 511 sui'
988 454 1080 530 perti·

155 541 240 611 nent,'
261 549 341 611 quae
362 531 540 592 fidelissime
561 533 592 591 in
616 550 654 593 ea
676 532 817 593 ordinata
838 539 918 616 sunt,
940 541 974 595 ut
994 535 1080 597 nutis

155 617 195 677 sit
214 615 332 695 reliqua
352 617 513 675 excusatio
536 624 588 674 aut
609 617 833 697 tergiversatio.

238 698 329 775 Quod
352 717 426 758 vero
448 698 568 761 dicunt:
599 697 686 774 Quae
709 700 748 761 ab
774 700 906 762 ecclesis
927 699 1019 785 flunt,
1048 709 1079 763 et

156 783 348 863 ordinantur,
371 800 390 841 a
411 782 477 841 Deo
506 780 571 841 fleri
600 792 631 842 et
653 783 800 862 ordinari,
831 788 916 845 cuius
939 788 1078 866 spiritum

155 868 287 928 aeclesia
310 867 412 944 habat,
434 867 564 945 proinde
586 867 765 928 sacerdotes
788 869 929 928 missales
951 887 992 928 ex
1016 869 1077 930 dia·

155 950 228 1012 bolo
257 969 320 1010 nou
352 967 421 1009 esse
451 966 560 1028 posse,
596 947 708 1010 trustra
735 949 849 1016 dicunt.
893 950 969 1027 Quis
995 953 1077 1012 enim

154 1036 316 1095 aeclesiam
351 1033 433 1092 iilam
461 1033 548 1092 nohis
571 1033 772 1112 monstrabit,
801 1052 870 1094 cum
898 1030 938 1095 sit
959 1036 1081 1097 occulta

154 1119 184 1178 in
207 1120 324 1197 spiritu,
348 1125 378 1176 et
400 1115 499 1175 solum
514 1115 683 1176 credatur?
706 1119 786 1177 siout
808 1116 952 1179 dicimus:
976 1119 1077 1181 Credo

154 1201 319 1262 ecclesiam
359 1207 507 1260 sanctam.
562 1198 726 1260 Pontifices
766 1219 839 1260 vero
873 1209 905 1262 at
926 1203 1077 1263 Doctores

154 1286 213 1345 hoc
240 1301 338 1364 genus
369 1282 575 1342 sacerdotium
596 1285 807 1363 instituerunt,
837 1301 937 1364 quos,
959 1287 1079 1345 etiamsi

154 1367 418 1444 recensuissent,
442 1367 509 1444 quia
532 1375 632 1426 certos
659 1385 717 1427 nos
739 1367 846 1447 iaciat,
869 1386 930 1427 uon
958 1386 1078 1429 errasse

154 1453 185 1511 in
209 1469 246 1510 eo
270 1448 431 1510 instituto?
474 1448 563 1529 Nunc
591 1468 660 1509 cum
682 1459 713 1510 et
741 1452 901 1511 manifeste
929 1453 1012 1531 impii
1033 1455 1076 1512 iu-

154 1535 316 1594 stituerunt
344 1541 375 1592 et
397 1533 587 1610 docuerunt,
609 1534 766 1613 quomodo
794 1535 851 1593 erit
872 1541 935 1595 tuta
958 1537 1077 1596 cousci-

154 1620 247 1696 antia,
270 1635 338 1676 ease
361 1617 399 1675 ab
423 1615 555 1676 ecclesis
577 1617 768 1677 institutum?
810 1617 879 1677 Hoc
899 1636 973 1678 vero
991 1625 1080 1700 urget

130 1692 250 1760 'multo
273 1701 417 1777 maxime,
440 1699 521 1778 quod
537 1700 587 1777 pia
600 1702 791 1760 conscientia
813 1702 971 1761 novitnec
992 1701 1079 1763 dubi·

155 1791 208 1862 tat,
231 1783 393 1843 ecclesiam
417 1782 491 1841 nihil
518 1790 653 1844 statuere
682 1790 735 1843 aut
757 1783 899 1844 ordinare
927 1788 1002 1846 citra
1024 1792 1077 1845 aut

154 1867 234 1927 ultra
254 1866 380 1927 verbum
403 1866 476 1943 Dei3
498 1884 578 1944 quae
600 1877 703 1926 eurem
726 1867 787 1926 hoc
809 1875 924 1945 tentat,
944 1868 1078 1928 ecclesia

155 1968 216 2010 non
239 1959 305 2031 est,
329 1951 383 2009 sed
403 1949 491 2028 fingit
511 1968 546 2009 se
575 1950 739 2010 ecclesiam
767 1967 847 2015 esse.
889 1951 976 2011 Sicut
1006 1950 1080 2012 dicit

155 2033 292 2093 Christus
313 2033 420 2095 Inhau.
445 2037 499 2097 10:
522 2032 605 2093 Oves
629 2053 716 2093 meae
739 2050 848 2093 vocem
873 2052 971 2093 meam
986 2034 1078 2095 ¹audi·

112 2128 116 2133 '
154 2125 216 2198 unt,
232 2135 340 2176 vocem
359 2123 461 2176 autem
480 2116 650 2177 alienorum
664 2136 725 2177 non
740 2117 877 2198 audiunt,
892 2117 946 2177 aed
960 2117 1080 2200 fugiunt

153 2198 268 2277 abeis,
292 2200 448 2278 quianon
471 2209 623 2260 noverunt
653 2220 760 2261 vocem
783 2202 964 2266 alienorum.
1006 2201 1077 2262 Nun

153 2284 233 2343 enim
260 2284 383 2342 verbum
407 2282 463 2342 Dei
485 2289 546 2360 est,
569 2286 641 2363 quia
663 2285 795 2344 ecclesis
815 2285 903 2366 dicit,
926 2285 981 2345 sad
1004 2286 1077 2364 quia

153 2365 280 2428 verbum
304 2366 431 2447 dicitur,
460 2365 530 2424 ideo
564 2367 696 2427 ecclesia
718 2374 774 2431 est.
816 2365 890 2448 Ipsa
918 2385 980 2428 nou
1003 2370 1076 2429 iacit

151 2449 289 2527 verbum,
310 2449 366 2509 sed
386 2448 421 2509 fit
441 2449 546 2510 verbo.
580 2447 657 2510 Ideo
679 2452 810 2530 signum,
833 2469 894 2530 quo
917 2452 1078 2531 cognosci·

152 2543 209 2615 tur,
233 2533 455 2614 certissimum,
479 2533 528 2592 ubi
551 2532 770 2616 commissit,
792 2543 839 2593 est
861 2535 987 2596 verbum
1008 2536 1075 2617 Dei,
1163 2576 1167 2585 ·

152 2625 185 2677 ut
205 2619 337 2697 primum
360 2616 586 2677 observandum
609 2619 648 2675 sit
670 2616 806 2678 verbum.

236 2700 321 2761 Sicut
352 2701 510 2761 evidenter
536 2699 648 2779 probat
675 2698 788 2758 Paulus
810 2704 838 2764 1.
862 2700 999 2764 Corinth.
1025 2704 1073 2780 14,

152 2785 204 2844 uhi
226 2783 309 2865 dicit,
331 2782 487 2844 infidelem
510 2784 662 2843 eaderein
682 2783 793 2843 faeiem
815 2791 846 2843 et
861 2785 1075 2864 pronunciare,

152 2867 236 2947 quod
258 2886 329 2927 rere
351 2867 435 2927 Deus
461 2869 491 2927 iu
514 2868 558 2926 eis
580 2868 629 2947 ait,
651 2885 762 2947 exeo,
784 2867 868 2947 quod
889 2867 995 2927 audiat
1021 2885 1076 2928 eos

152 2951 384 3031 prophetantes.
428 2950 498 3011 Non
522 2969 596 3029 ergo
620 2950 767 3029 ecclesia,
789 2950 844 3012 sed
869 2952 995 3011 verbum
1015 2950 1074 3011 Dei

152 3054 222 3096 eum
245 3035 390 3113 movebit,
403 3053 464 3114 quo
482 3035 674 3095 convincitur
689 3043 720 3095 et
738 3033 898 3116 iudicatur,
912 3043 944 3095 et
955 3033 1078 3095 occulta

153 3119 255 3179 cordis
278 3119 342 3178 eius
372 3116 649 3201 manifestarium,
673 3125 706 3178 ut
732 3116 848 3179 ibidem
876 3121 960 3180 dicit.
992 3117 1074 3179 ΗΝοιι

152 3204 257 3281 utiquc
280 3202 352 3261 dicit
369 3201 491 3282 Paulus,
514 3203 597 3280 quod
618 3202 750 3262 infidelis
772 3202 864 3262 cadat
885 3201 1075 3263 etconfltea·

153 3296 200 3347 tur
222 3304 276 3345 eos
300 3285 503 3365 prophetare,
536 3286 609 3364 quia
637 3287 717 3345 aciat
737 3284 837 3345 Deum
865 3303 938 3345 vere
971 3287 1074 3345 ineis

153 3387 230 3429 esse.
274 3365 365 3429 Unde
388 3372 467 3430 enim
490 3369 551 3430 hoc
572 3368 684 3430 sciret?
707 3367 756 3430 Ita
779 3376 811 3430 et
835 3386 893 3430 nos
915 3369 997 3429 unde
1018 3370 1076 3429 sci-

153 3472 249 3533 emus,
272 3452 385 3513 ubisit
407 3454 554 3531 ecclesia,
583 3454 641 3513 nisi
664 3453 850 3514 audierimus
882 3453 1074 3533 prophetiam

153 3539 218 3598 eius
241 3544 273 3597 et
295 3538 502 3598 testimonium
524 3537 673 3617 spiritus?
723 3537 847 3599 Certum
870 3546 918 3597 est
939 3537 1074 3618 quidem,

153 3621 316 3682 ecclesiam
339 3630 370 3682 et
392 3640 457 3703 eos,
478 3623 509 3681 in
532 3623 642 3700 quihus
666 3620 1072 3702 vere-Deua.hahitat‚·pro·

151 3706 295 3789 phetare;
328 3707 383 3767 sed
404 3708 554 3768 incertum
576 3714 632 3787 est,
654 3705 757 3769 ubisit
773 3726 811 3769 aa
827 3707 971 3783 ecclesia,
994 3721 1074 3786 quse

153 3791 337 3875 prophetare
359 3798 471 3875 potest,
493 3794 549 3856 uisi
572 3792 744 3878 prophetat.
786 3793 881 3877 Igitur
901 3791 986 3875 quod
1007 3791 1075 3852 sina
