2392 4170
448 252 530 310 boet.
550 252 629 310 Mart.
651 250 733 310 butb.
955 296 957 298 v
989 250 1052 319 417

129 423 218 484 bret?
260 423 310 484 An
334 423 505 486 tierricus?
533 425 604 486 dum
628 423 718 495 dicit:
754 423 886 506 Oportet
906 425 952 485 sic
974 431 1053 506 esse,

129 515 159 566 et
182 526 243 567 non
267 506 363 568 credit
383 507 545 569 Lutberum
569 510 635 569 siue
658 527 738 587 aqua
761 506 927 571 celebrare.
988 539 989 542 ¹

211 656 426 734 Consuetudo,
449 656 559 735 inquit,
583 659 677 719 habet
699 660 758 719 vim
784 659 871 739 legis.
915 659 1054 739 Respon-

130 738 203 799 dcc:
227 739 346 799 Habeat
369 742 428 800 vim
452 739 529 819 legis
550 739 580 800 iu
603 741 742 801 civilibus
765 743 884 821 causis,
914 742 967 803 sad
998 760 1053 802 uos

129 823 158 882 in
184 821 353 883 libertatem
390 825 489 884 vocati
514 841 637 902 sumus,
672 843 750 904 quae
773 843 830 884 nec
852 825 962 905 legam,
996 844 1055 886 uec

129 905 382 966 consuetudinem
404 906 483 966 farre
506 913 608 985 potest
631 914 683 968 aut
706 907 813 986 debat,
836 926 903 967 cum
927 927 1054 987 agamus

129 989 159 1046 in
187 988 393 1068 spiritualibus
416 988 516 1052 rebus.
561 990 663 1066 Quare
676 990 843 1051 dominatio
867 1001 897 1050 et
911 991 1054 1070 regalitas

131 1070 254 1131 ilenrici
277 1092 362 1132 suam
388 1071 579 1132 dialecticam
604 1075 684 1134 male
706 1073 826 1151 didicit,
850 1081 879 1133 et
900 1074 961 1135 boc
985 1075 1054 1136 loco

131 1154 617 1235 vitiosissimepetitprincipium,
640 1158 787 1237 arripiens
810 1157 870 1217 hoc
892 1176 947 1236 pro
961 1164 1055 1234 certo,

130 1237 272 1318 probato,
296 1238 410 1316 divino,
433 1242 607 1301 necessario
631 1239 759 1308 articulo
783 1238 869 1318 lidei,
901 1239 982 1318 quod
1007 1246 1055 1299 est

132 1339 214 1380 mere
237 1320 364 1381 liberum
402 1328 432 1382 et
464 1321 627 1384 humanum
656 1321 834 1384 inventurn?
876 1321 957 1382 Nihil
981 1340 1055 1402 ergo

131 1405 258 1481 mirum,
280 1404 305 1464 si
329 1405 416 1464 ruina
439 1403 533 1464 libelli
557 1407 623 1466 eius
645 1406 684 1466 sit
706 1425 829 1487 magua,
854 1424 943 1484 quem
966 1425 1057 1485 super

131 1487 221 1547 talem
246 1506 369 1547 arenam
392 1485 542 1552 aedificat.

212 1612 315 1688 Quare
343 1632 400 1673 ncs
422 1611 555 1693 Pupistis
582 1623 613 1677 et
635 1617 814 1678 Hernicistis
845 1617 911 1676 istis
941 1617 1056 1677 sanctis

132 1695 259 1756 libenter
281 1696 420 1756 favemus
454 1696 633 1774 magnificos
664 1700 734 1758 illos
759 1699 826 1760 lidei
851 1718 925 1759 suaa
948 1701 1056 1759 articu-

131 1777 188 1857 los,
212 1796 272 1856 qua
294 1780 437 1858 creduut,
472 1797 541 1838 asae
575 1789 690 1842 tantum
715 1802 804 1843 mane
827 1783 1056 1843 communican-

131 1860 213 1938 dum,
237 1880 305 1921 esse
328 1870 444 1922 tantum
468 1863 496 1920 iu
516 1863 592 1924 luco
615 1884 703 1924 sacro
726 1877 778 1925 aut
801 1865 935 1945 portatili
958 1864 1054 1947 (quod

132 1944 263 2025 vocant)
288 1944 515 2018 celebrandum,
538 1965 606 2007 csse
628 1967 737 2027 aquam
762 1949 833 2008 vino
858 1948 1057 2023 miscendam,

132 2035 161 2088 et
183 2029 260 2088 alios
284 2029 483 2108 gravissimos
506 2038 536 2088 et
558 2030 604 2090 bis
627 2032 827 2092 sanctissimis
850 2029 970 2091 Sanctia
994 2030 1058 2111 dig-

131 2113 274 2172 nissimos
298 2113 452 2174 articulos.
495 2111 560 2174 Nos
583 2123 684 2176 autern
719 2114 796 2175 tales
828 2112 935 2173 fideles
976 2132 1057 2173 mere

131 2192 232 2252 saluos
254 2203 284 2252 et
306 2195 436 2255 stolidos
460 2194 646 2258 affirmamus
674 2207 705 2257 et
733 2197 980 2258 communionem
1004 2196 1058 2257 Sc·

132 2278 279 2333 eramenti
302 2276 427 2336 liberam
450 2277 614 2359 babemus,
637 2282 702 2340 sive
724 2300 779 2359 par
801 2281 892 2358 diem,
915 2281 981 2340 sive
1004 2298 1059 2359 per

134 2363 267 2434 noctem,
291 2359 358 2418 sive
381 2377 481 2435 mane,
498 2363 562 2421 sive
585 2365 716 2441 vesperi.
758 2363 868 2424 Libera
890 2371 961 2422 sunt
983 2370 1059 2422 tem·

134 2458 220 2520 pora,
243 2439 347 2520 borae,
370 2440 439 2518 loci,
462 2450 572 2523 vestes,
594 2446 679 2506 ritus.
723 2445 811 2525 Apud
834 2464 890 2506 nos
913 2465 974 2506 uon
989 2464 1060 2525 pec·

134 2530 194 2600 cat,
217 2525 268 2601 qui
292 2523 432 2584 modeste
465 2523 561 2586 ederit
591 2533 622 2585 et
644 2526 752 2587 biberit
774 2535 845 2586 ante
868 2529 1059 2588 communic

134 2625 215 2684 nem,
238 2607 320 2685 quod
343 2615 373 2666 et
395 2606 505 2666 Paulus
535 2608 697 2669 confirmat
719 2613 744 2672 1.
769 2610 839 2674 Gor.
865 2611 900 2672 tt
934 2609 1059 2672 diceus:

134 2688 168 2750 Si
191 2691 260 2770 quis
282 2690 389 2762 esurit,
412 2689 495 2750 domi
519 2691 701 2769 manducet,
724 2699 839 2753 utnon
863 2694 893 2751 in
916 2691 1059 2752 iudicium

135 2773 326 2833 conveniatis
348 2773 387 2832 ad
410 2792 539 2834 coenam
563 2775 761 2837 dominicam.
1107 2777 1110 2782 ’

218 2898 266 2963 Ita
290 2900 426 2961 Christus
461 2900 581 2980 vesperi
615 2904 776 2983 instituens
811 2901 1060 2964 communionem

136 3000 199 3043 noc
220 2983 351 3045 instituit
379 3002 538 3062 vesperam
561 3003 619 3127 Ετο
647 2987 863 3047 communione
885 3003 944 3044 nec
965 2990 1061 3044 matu-

136 3067 246 3144 tinum,
281 3067 483 3146 nequeenim
508 3086 559 3127 rer
583 3089 632 3129 um
657 3069 694 3130 da
716 3077 872 3150 tempore,
911 3069 1062 3149 personis,

136 3149 228 3226 locis,
265 3150 399 3212 vestibus
425 3149 572 3233 meminit,
590 3153 722 3232 alioqui,
745 3153 770 3212 si
793 3151 967 3231 exemplum
990 3159 1063 3211 tem·

136 3234 219 3312 poris
243 3234 403 3293 articulum
424 3233 515 3312 facit,
554 3234 645 3295 faciet
678 3237 769 3296 etiam
793 3235 937 3294 articulos
961 3253 1064 3294 exem·

136 3314 361 3394 plumaetatis,
385 3316 456 3397 loci,
479 3336 689 3397 personarum,
712 3320 841 3379 vestium
865 3324 968 3377 etncu
992 3316 1063 3376 lice·

138 3396 181 3458 bit
202 3398 269 3458 aliis
292 3417 382 3478 quam
405 3400 499 3459 virilis
527 3403 639 3461 aetatis
660 3401 847 3479 hominibus,
872 3405 905 3460 ut
926 3400 1064 3480 apostoli

137 3488 240 3561 arant,
274 3501 373 3543 coena
395 3483 452 3542 ista
475 3485 676 3564 participare,
709 3483 820 3545 deiude
852 3502 913 3544 uon
950 3483 1007 3542 nisi
1032 3482 1063 3542 in

136 3565 273 3626 vestibus
301 3564 395 3627 laicis.
439 3565 578 3645 Denique
612 3567 702 3627 nullis
736 3565 912 3627 mulieribus
935 3566 1009 3626 dare
1030 3565 1065 3624 li·

138 3648 229 3726 cabit,
252 3669 291 3710 na
312 3648 478 3730 virginibus
501 3648 644 3731 quidem,
676 3669 744 3709 cum
774 3667 835 3710 nou
858 3646 941 3708 dicat
962 3646 1065 3728 Scrip-

139 3738 206 3793 tura
228 3734 322 3794 luissc
350 3753 403 3794 eas
438 3739 501 3795 tum
524 3733 732 3815 participatas.
776 3730 814 3793 Et
836 3732 903 3813 quis
925 3737 1066 3791 numeret
1164 3763 1167 3767 ·

167 3846 259 3888 aarum
274 3858 327 3898 opp.
340 3848 367 3891 v.
382 3846 410 3888 a
424 3847 453 3888 aa
481 3847 524 3892 rer.
541 3846 592 3888 uua
611 3846 627 3887 r.
646 3856 668 3896 p.
685 3845 735 3888 vot
750 3844 786 3887 vr.
929 3811 969 3878 ἵ(
