2392 4170
455 258 534 317 Duct.
553 257 631 317 llart
652 254 733 318 Lutlr.
996 251 1060 325 289

136 421 274 485 Necesse
295 428 343 483 est
364 423 444 482 enim
469 428 501 482 et
522 440 616 503 opera
640 422 748 484 mutari
772 427 964 505 (quanquam
988 422 1060 487 loris

137 504 320 588 simillime),
341 505 393 566 ubi
416 513 448 566 tu
470 506 561 564 lucris
584 507 665 567 intus
688 512 837 580 mutatus,
859 509 972 568 utiam
997 524 1059 566 nou

137 597 208 670 tua,
236 589 291 650 sed
314 588 424 650 Christi
454 607 548 668 opere
577 591 606 648 iu
630 596 659 650 te
681 587 764 653 flant.
819 588 1000 670 Quanquam
1030 589 1059 649 id

94 688 101 698 ·
136 692 197 735 non
221 674 260 734 sit
281 672 405 733 humani
434 671 547 732 arbitrii
571 671 706 752 definire,
729 691 767 732 an
792 675 878 752 peior
889 675 928 734 sit
949 675 1060 752 impius

136 757 282 836 coniunx,
304 773 396 836 quam
419 763 572 816 scortator
594 755 641 814 vel
665 765 801 832 econtra,
828 756 907 816 Deus
928 764 984 832 εει,
1008 756 1059 834 qui

135 843 270 901 intuetur
297 858 360 900 cor.
409 837 567 900 scortator
594 839 729 899 abutitur
762 857 853 899 carne
887 841 925 900 ed
953 840 1058 919 volup-

136 931 229 984 tatem
255 919 409 1002 illicitam,
437 922 548 1002 impius
573 923 708 982 coniunx
738 922 871 983 abutitur
900 942 992 983 carne
1020 921 1059 982 sd

136 1006 265 1086 gloriam
288 1005 434 1067 illicitam.
477 1004 551 1065 ldeo
575 1012 712 1066 nostrum
732 1005 882 1066 calculum
906 1007 956 1067 hic
976 1004 1058 1066 iube-¹

136 1108 202 1150 mus
224 1089 396 1169 quiescere.
445 1087 590 1149 Videmus
617 1089 649 1148 in
677 1087 848 1169 Evangelio
877 1089 1059 1171 publicanos

135 1175 309 1254 propriores
332 1191 401 1233 esse
424 1170 555 1249 Christo,
578 1189 669 1251 quam
693 1171 884 1252 Pharisaeos,
907 1178 941 1234 ut
961 1171 1059 1253 sibu·

136 1274 227 1317 mano
250 1254 363 1315 iudicio
385 1257 506 1336 peiores
529 1255 599 1334 sint,
622 1262 704 1316 certe
726 1255 878 1316 feliciores
900 1273 1057 1317 commen·

136 1339 189 1398 dat
217 1338 442 1418 evangelium,
471 1344 504 1397 ut
537 1339 628 1398 tutius
662 1345 811 1419 appareat
838 1356 907 1399 esse
939 1338 1057 1418 lapsum

136 1421 307 1501 manifesto,
330 1441 421 1501 quem
443 1421 537 1501 impie
552 1421 676 1482 stetisse
695 1420 726 1481 in
749 1421 881 1486 occulto.
912 1420 972 1482 Sed
996 1438 1058 1482 ncrr

135 1505 204 1567 ideo
228 1505 288 1564 labi
310 1504 499 1565 consulimus
521 1503 599 1584 illis,
622 1504 688 1566 Dec
720 1504 972 1566 commendamus
1004 1523 1060 1565 sua

135 1588 247 1648 iudicia
268 1587 389 1649 occulta
411 1593 442 1648 ει
463 1586 637 1650 metuenda.
964 1608 966 1612 ¹

217 1671 266 1731 Ex
298 1671 408 1751 quibus
445 1671 601 1750 sequitur,
636 1669 675 1731 ad
710 1669 866 1732 doctrinas
900 1671 1058 1733 hominum

135 1756 227 1816 etism
249 1756 412 1834 pertinere,
435 1752 559 1834 quando
590 1753 694 1814 divina
716 1754 767 1815 lex
791 1755 918 1816 docetur
946 1761 977 1816 ει
997 1773 1058 1814 ser·

135 1846 223 1918 vatur
244 1857 299 1918 per
321 1857 431 1919 opere,
464 1837 515 1898 lex
532 1838 625 1898 enirn
648 1836 814 1918 spiritualis
842 1845 910 1918 εει,
938 1841 969 1898 iu
999 1838 1059 1899 hoc

135 1922 216 2001 data,
239 1929 273 1980 ut
290 1921 430 1983 humiliet
451 1928 481 1981 et
503 1919 655 1981 Christum
680 1939 831 2001 quaerere
854 1929 956 2001 cogat,
984 1919 1057 1981 Olll·

133 2007 212 2065 cium
236 2004 313 2085 legis
336 2011 393 2084 est,
416 2023 479 2066 non
493 2005 618 2084 exigere
640 2012 745 2065 nostra
758 2021 863 2084 opera,
885 2004 938 2065 sed
957 2012 1058 2065 osteu-

133 2087 206 2148 dere
242 2095 403 2167 peccatnm
439 2094 470 2148 et
503 2087 780 2168 impossibilitatem
821 2095 975 2166 nostram3
1003 2105 1059 2169 per

134 2173 233 2250 legem
256 2173 336 2231 enim
359 2172 494 2252 cognitio
517 2173 646 2252 pcccati.
691 2172 731 2234 Ut
760 2190 834 2252 ergo
863 2191 960 2253 opera
981 2171 1058 2251 legis

135 2253 306 2315 omittenda
327 2263 406 2331 sunt,
427 2254 471 2314 ita
491 2263 522 2314 et
543 2254 620 2334 legis
643 2256 782 2316 doctrina
810 2254 980 2318 omittenda
1002 2261 1057 2319 est.

135 2336 192 2397 llic
212 2337 323 2396 iterum
352 2335 452 2395 dices:
483 2336 564 2416 l'tlrgc
593 2338 660 2397 sine
687 2337 757 2418 lege
788 2339 927 2400 vivemus
950 2336 1058 2400 liberi?
1149 2372 1153 2379 ·

134 2420 202 2481 Hoc
230 2437 354 2499 quoque
383 2419 493 2478 iterum
520 2418 644 2479 stultum
667 2428 730 2499 est,
758 2424 846 2500 quasi
876 2431 905 2482 te
928 2422 1056 2482 doceam

135 2505 234 2564 minus
257 2505 346 2585 scire,
370 2501 494 2582 quando
516 2500 608 2562 iubeo
632 2502 719 2582 plura
741 2505 830 2565 scire.
874 2502 1056 2583 Quanquam

133 2595 165 2649 et
186 2588 236 2647 hic
257 2585 370 2648 Paulus
391 2585 481 2648 Rom.
506 2585 534 2647 2.
557 2589 589 2645 et
609 2581 639 2648 3.
661 2585 774 2646 audeat
792 2594 822 2646 et
845 2584 977 2647 Iuda'ecs
1000 2577 1078 2646 sci*

134 2679 220 2731 entes
242 2676 274 2731 ει
295 2669 411 2731 Gentes
438 2669 617 2750 ignorantes
639 2686 729 2748 pares
752 2668 868 2745 lacere,
902 2669 974 2730 nihil
998 2668 1056 2729 dis·

133 2773 260 2815 cernens
283 2756 449 2834 intereos,
471 2752 601 2832 quisine
623 2752 693 2832 lege
710 2761 739 2812 et
756 2753 807 2832 qui
831 2754 860 2812 in
884 2752 954 2833 lege
975 2759 1056 2813 sunt.

133 2837 196 2902 Sed
219 2839 471 2899 veniamusnunc
493 2835 531 2897 ad
555 2843 766 2917 votaquoque
788 2844 819 2897 ει
829 2854 925 2917 opera
939 2854 1057 2914 eorum,

133 2930 165 2984 ει
190 2923 269 2982 sicut
300 2924 329 2981 iu
353 2920 529 2983 obiectione
562 2937 600 2979 ea
634 2921 880 3002 comparavimus
911 2918 1064 3000 operibus·

134 3006 210 3084 legis
233 3006 364 3085 divinae,
388 3022 456 3065 cum
476 3005 537 3064 iarn
559 3020 629 3063 esse
651 3001 689 3064 de
705 3008 873 3086 praecepto
887 3002 1058 3080 videantur,

133 3089 271 3152 dicente:
294 3090 413 3150 Vovete
435 3095 465 3148 et
487 3085 615 3162 reddite,
647 3086 690 3147 ita
710 3088 741 3148 in
757 3089 961 3168 responsione
975 3104 1056 3148 corn·

132 3191 275 3254 paremus
298 3171 423 3234 eisdem.
468 3170 571 3252 Opera
599 3171 676 3251 legis
702 3169 874 3231 audivimus
896 3169 1058 3251 dupliciter

132 3255 208 3333 lieri,
229 3256 396 3336 aliquando
419 3275 474 3336 per
495 3273 571 3332 nos,
593 3261 627 3314 ut
647 3261 773 3335 nostra,
809 3253 974 3334 aliqnando
1002 3272 1058 3335 per

132 3339 285 3403 Christum
307 3341 337 3398 iu
365 3338 474 3418 nobis,
504 3344 537 3398 ut
558 3338 685 3415 Christi,
717 3339 802 3398 cuius
830 3344 900 3398 sunt
932 3336 1056 3399 donum.

131 3421 199 3486 Iam
217 3432 249 3483 ut
272 3421 381 3483 demus
403 3428 434 3482 et
457 3428 531 3487 vols
551 3440 620 3482 esse
643 3421 700 3481 sub
723 3428 890 3503 praecepto
915 3419 974 3494 (ds
994 3437 1055 3500 quc

132 3513 205 3588 post
227 3506 434 3583 videbimus),
455 3522 556 3586 aeque
577 3504 740 3585 dupliciter
767 3523 805 3566 es
840 3502 906 3564 lieri
928 3520 1057 3565 necesse

133 3596 191 3652 est.
235 3589 485 3670 Aliquandoper
507 3606 564 3648 nos
586 3594 619 3648 ut
641 3594 757 3667 nostra,
778 3595 851 3648 tuno
874 3585 941 3649 sine
962 3586 1055 3647 dubio

133 3674 304 3735 omittenda
331 3679 402 3733 sunt
438 3680 469 3733 et
496 3671 689 3748 damnanda,
713 3679 746 3733 ut
778 3689 858 3751 quae
889 3690 907 3730 a
935 3668 1057 3730 Christo

132 3756 268 3821 avellunt
289 3756 510 3819 conscientiam
531 3755 614 3837 piam
626 3803 635 3839 ,
665 3761 697 3817 et
717 3757 748 3816 in
768 3774 867 3837 opera
889 3753 1056 3815 laceratam

167 3869 259 3914 hucbert
274 3881 326 3923 opp.
341 3871 367 3913 V.
383 3871 409 3912 m
424 3871 453 3912 ud
481 3870 523 3916 ret.
542 3869 592 3914 hlst.
612 3871 627 3912 t.
649 3879 670 3923 p.
688 3869 738 3913 Vol.
752 3867 790 3913 Vl·
927 3832 971 3914 m
