2392 4170
129 224 173 293 84
474 224 569 284 Ludus
586 223 699 284 Lutbarl

132 400 215 478 dere,
238 400 290 478 qui
313 398 383 461 Ant.
407 404 455 465 15.
478 400 657 480 simpliciter
678 399 877 479 scripserunt,
899 393 973 476 quid
995 392 1054 457 sibi

131 484 307 565 visumafuit
319 502 381 543 non
394 482 541 562 dicentes,
553 501 648 562 quare
667 484 712 543 sic
728 483 885 543 sentirent
904 479 974 540 Hoc
987 476 1053 539 lau-

133 566 236 627 dabile
257 566 432 647 exemplum
455 584 553 647 nepos
567 565 627 627 iste
648 566 795 627 baeretici
807 561 960 626 Rencblin
981 559 1055 621 rnul-

132 656 196 711 tum
218 667 368 730 arrogans
394 652 445 728 (ut
467 669 539 710 vere
561 652 677 710 amicus
699 659 729 710 et
756 654 916 728 compater
948 652 1055 705 noster

132 732 242 793 Eccius
265 733 401 813 scripsit)
436 733 593 813 deturpat,
629 741 660 793 et
688 731 908 793 confusibiliter
941 728 1054 789 almam

131 815 319 876 Facultatern
342 815 539 897 dehonestat,
575 817 697 894 dicens,
730 834 787 876 nos
820 832 882 875 non
916 827 1057 873 servasse

131 898 260 961 formam
282 898 367 959 illam
389 899 540 980 exempli,
564 908 595 959 et
623 901 766 960 mentitos
798 917 885 977 esse,
917 903 949 957 et
976 893 1055 955 blas

131 980 305 1062 phemone,
328 982 451 1061 qnando
474 983 514 1044 de
536 982 686 1064 apostolis
710 981 853 1060 diximus,
875 978 959 1060 quod
985 977 1055 1037 sim·
1091 1058 1096 1067 Ι

132 1064 252 1145 pliciter
273 1066 470 1146 scripserunt,
504 1085 565 1126 non
593 1065 729 1126 dieentes
759 1083 853 1145 qnare
885 1064 930 1123 sic
964 1061 1055 1122 senti-

131 1156 209 1225 rent,
233 1155 264 1207 et
285 1149 389 1209 nititur
411 1149 542 1228 probare
564 1150 646 1227 quod
663 1150 768 1228 utique
784 1149 937 1228 dixerunt,
960 1161 1055 1225 quare

132 1232 177 1290 sic
198 1238 368 1293 senserunt.

215 1313 358 1394 Primum,
381 1315 452 1394 quia
467 1313 636 1375 habueruut
652 1316 741 1396 signa
757 1321 788 1375 et
802 1302 954 1394 prodigia,
977 1327 1057 1390 quae

134 1397 216 1457 Deus
237 1416 293 1476 per
313 1397 441 1458 Paulum
466 1406 496 1458 et
518 1398 690 1459 Barnabam
713 1399 745 1458 in
767 1396 909 1480 gentibus
931 1395 1056 1471 lecerat,

133 1481 243 1559 quibus
269 1480 442 1561 probabant
480 1483 567 1560 quasi
597 1482 719 1542 invictis
752 1481 938 1557 rationibus,
972 1474 1055 1557 qnod

133 1581 195 1624 non
219 1572 301 1625 esset
322 1565 497 1625 necessaria
520 1565 719 1625 circumcisio
737 1570 769 1624 et
785 1564 859 1642 Lex,
881 1581 951 1622 cum
973 1561 1056 1621 Deus

133 1652 242 1728 gentes
268 1646 448 1708 iustificaret
481 1654 553 1708 ante
587 1654 618 1708 et
650 1649 716 1708 siue
750 1646 991 1707 circumcisione
1025 1650 1055 1704 et

136 1733 226 1810 tege,
248 1728 325 1790 dans
348 1731 392 1790 eis
416 1730 560 1811 Spiritum
583 1739 723 1791 sanctum
746 1731 784 1791 ed
813 1729 910 1791 solam
939 1725 1057 1807 praedi·

53 1860 56 1865 .
134 1817 287 1873 cationem
312 1813 482 1894 Evangelii.
516 1812 597 1873 Dicit
609 1814 689 1874 enim
703 1813 801 1874 Lucas
814 1811 937 1891 ibidem,
960 1809 1056 1891 quod,

135 1914 203 1957 cum
225 1895 304 1956 baec
325 1897 484 1957 audissent
505 1917 533 1965 a¹
547 1897 641 1959 Paulo
663 1904 695 1958 et
712 1896 864 1974 Bernaba,
885 1901 1056 1972 tacuerunt,

134 1979 270 2058 scilicet,
297 1997 360 2040 non
385 1980 483 2040 solum
507 1979 615 2042 dantes
638 1982 804 2061 rationem,
838 1998 891 2040 cur
917 1978 962 2038 sic
989 1995 1055 2038 sen·

134 2064 258 2139 tiretur,
278 2061 333 2122 sed
356 2073 443 2123 erant
466 2064 591 2124 omuino
615 2063 768 2141 conclusi,
793 2061 950 2142 quomodo
974 2061 1055 2122 enirn

135 2136 201 2206 Deo
224 2145 421 2206 resisterent?

219 2227 361 2290 Secundo
384 2230 487 2290 nititur
513 2230 644 2311 probare
674 2249 714 2290 ex
742 2230 873 2311 propriis
906 2225 1055 2308 exemplis

135 2310 216 2371 Petri
247 2314 278 2371 et
299 2331 354 2372 sua
378 2314 518 2374 oratione
540 2312 643 2394 longa,
668 2331 759 2392 quarn
780 2313 822 2373 ibi
839 2310 946 2372 babuit
963 2327 1056 2390 super

136 2394 244 2455 eadem
266 2414 307 2455 re.
351 2396 441 2457 Ratio
464 2398 544 2456 enirn
567 2397 689 2456 Petrum
712 2415 840 2458 movens
863 2402 893 2456 et
914 2413 987 2456 suos
1003 2392 1057 2453 tuit

135 2478 196 2538 hoc
217 2477 329 2558 triplex
351 2481 483 2561 signum.
526 2480 674 2560 Primum,
711 2479 793 2559 qnod
827 2477 971 2539 Cornelio
1006 2495 1056 2557 ap·

135 2563 236 2642 paruit
264 2562 392 2642 angelus
421 2563 458 2623 de
488 2562 596 2642 coele,
624 2564 697 2624 licet
726 2581 827 2642 neque
859 2560 1056 2621 circumcisus

136 2663 195 2705 nec
216 2645 271 2704 sub
294 2645 376 2726 Lege
399 2653 490 2725 esset,
514 2646 628 2726 dicens,
654 2647 810 2708 orationes
833 2647 897 2706 eius
930 2642 1055 2705 exandi·

136 2735 183 2788 tas
205 2735 236 2788 et
256 2729 471 2809 eleemosynas
494 2737 639 2810 acceptas
660 2729 743 2811 apud
764 2730 872 2791 Deum.
918 2727 1056 2789 Alterum

136 2812 267 2891 signnm,
290 2811 374 2892 quod
396 2813 471 2872 vidit
493 2815 654 2891 visionem,
675 2817 705 2873 in
730 2832 790 2893 qua
817 2812 963 2873 animalia
994 2828 1056 2871 om-

136 2896 183 2954 nis
205 2899 326 2975 generis
347 2897 377 2955 in
402 2896 490 2957 lintre
519 2896 558 2956 de
591 2897 680 2957 coelo
716 2915 821 2957 coram
856 2915 893 2956 eo
927 2894 1057 2974 fuerunt,

137 2987 168 3038 et
189 2980 319 3039 audivit:
344 2976 433 3053 Quod
458 2978 541 3040 Deus
563 2979 738 3059 mundavit,
772 2987 804 3039 tu
826 2999 864 3039 ne
894 2994 1058 3039 commune

137 3062 259 3123 dixeris.
302 3062 436 3122 Tertium
460 3065 591 3143 signum,
613 3063 696 3142 quod
718 3066 786 3142 ipso
808 3060 1006 3143 praedicente
1027 3060 1058 3119 in

137 3145 230 3206 domo
245 3146 379 3207 Cornelii
393 3146 504 3206 cecidit
524 3146 652 3228 Spiritus
675 3153 800 3207 sanctus
823 3165 913 3226 super
935 3142 1058 3204 audien·

137 3230 271 3288 tessine
295 3230 535 3290 circumcisione
558 3239 588 3289 ct
610 3230 703 3310 Lege.
748 3228 863 3304 Quibus
886 3226 1057 3288 rationibus

137 3312 258 3370 invictis
280 3321 351 3371 sunt
373 3314 457 3391 moti,
480 3320 510 3372 ut
534 3313 717 3388 scriberent,
740 3312 822 3391 quod
855 3311 912 3371 sibi
943 3310 1059 3370 videre·

138 3401 194 3472 tur,
218 3401 248 3454 et
269 3413 331 3454 nou
354 3401 514 3456 tacuerunt
535 3416 598 3476 eas,
621 3396 675 3457 sed
700 3403 731 3455 ut
752 3396 849 3455 Lucus
880 3394 966 3454 dicit:
1002 3392 1060 3453 Ta-

138 3477 200 3537 cuit
221 3485 322 3537 autern
346 3480 445 3538 omnis
468 3479 636 3542 multitudo.
658 3487 716 3540 etc.
766 3479 846 3539 Hinc
878 3483 942 3554 est,
977 3475 1059 3556 qnod

138 3559 305 3620 scribentes
327 3563 524 3642 praemittunt
546 3563 690 3643 Spiritum
713 3571 870 3641 sanetum,
909 3558 1057 3620 dicendo:

139 3643 244 3703 Visum
268 3647 315 3706 est
337 3644 462 3724 Spiritui
494 3654 603 3706 sancto
639 3654 668 3706 et
700 3645 800 3709 nobis.
855 3642 935 3719 Quia
973 3650 1060 3704 erant

138 3729 263 3803 perciet
285 3730 418 3790 rationes
441 3739 528 3791 erant
550 3731 691 3792 omuibus
725 3729 913 3813 notissimae,
945 3735 977 3789 ut
1004 3726 1059 3789 Pe-
