2392 4170
406 257 489 315 illesa
507 254 619 328 privata
635 253 674 313 D.'
689 252 725 310 u.
742 250 773 309 L.
925 288 927 293 -
991 240 1052 312 121

133 432 271 516 quisquis
301 449 369 494 esse
397 432 482 494 voles
510 451 585 513 pure
607 429 813 500 Christianus,
839 427 956 493 nullum
985 445 1054 490 esse

132 519 164 579 in
188 536 270 578 novo
292 516 490 578 Testamento
520 515 723 576 sacerdotium
752 514 872 576 visibile
902 520 934 577 et
954 521 1055 576 exter·

130 619 203 664 uum
227 594 293 667 ni'si¹
308 599 398 680 quod·
410 598 551 660 humanis
573 598 739 660 mendaciis
762 606 809 660 est
829 619 885 680 per
908 599 1053 662 satanam

135 692 284 760 erectum,
306 704 398 744 unum
421 690 540 743 verost
563 683 660 744 solum
684 691 732 745 est
745 682 836 745 nobis
849 682 1055 745 sacerdotium

133 767 261 846 Christi,
284 785 344 846 quo
367 768 434 844 ipse
456 766 566 827 obtulit
587 787 656 827 sese
678 787 734 847 pro
757 768 847 829 nobis
869 775 900 830 et
913 787 971 830 nos
993 786 1056 827 om·

133 871 190 912 nes
212 869 350 935 secum„
372 851 417 911 De
439 869 499 929 quo
522 851 628 910 Petrus
651 850 738 930 dicit,
760 853 789 915 1.
811 852 890 917 Petr.
914 855 949 919 3:
970 847 1056 914 Chri·

133 941 198 996 stus
220 935 314 995 semel
336 952 392 1015 pro
417 936 552 1014 peccatis
575 936 686 995 nostris
716 942 852 996 mortuns
876 942 936 1007 est,
958 935 1060 1007 iustus,

133 1037 189 1099 pru
211 1018 342 1095 iniustis,
365 1026 397 1077 ut
412 1037 468 1076 nos
484 1017 606 1078 offerret
618 1019 694 1097 Deo,
718 1019 917 1081 mortificatus
931 1017 1054 1097 quidem

133 1120 236 1179 carne,
259 1099 428 1161 vivificatus
451 1109 552 1161 autem
576 1103 691 1180 spiritu.
724 1103 765 1163 Et
787 1103 877 1164 Hebr.
902 1107 957 1170 10:
986 1102 1056 1164 Una

133 1186 213 1245 enirn
238 1183 395 1245 oblatione
412 1187 636 1245 consummavit
657 1187 687 1245 in
704 1187 922 1267 sempiternum
946 1186 1056 1247 sancti·

133 1267 250 1330 licatos.
285 1267 354 1328 Hoc
376 1268 579 1329 sacerdotium
604 1269 759 1347 spirituale
782 1276 838 1348 est,
862 1277 893 1330 et
914 1267 1057 1331 omnibus

134 1350 314 1413 Christianis
351 1371 524 1413 commuue.
575 1349 692 1413 Omnes
726 1354 805 1412 enim
833 1353 961 1430 eodem,
996 1371 1057 1431 quo
1143 1394 1147 1401 ι

135 1433 282 1505 Christus,
305 1435 479 1496 sacerdotio
492 1434 670 1495 sacerdotes
682 1456 797 1511 sumus,
820 1437 871 1516 qui
885 1435 1057 1515 Christiani,

134 1516 164 1577 ld
188 1526 244 1591 est,
268 1515 323 1578 lilii
347 1517 457 1578 Christi
476 1520 585 1578 summi
609 1519 778 1580 sacerdotia
801 1540 914 1580 snmus.
948 1517 1059 1596 Neque

134 1600 224 1660 nobis
249 1601 310 1661 ullo
334 1621 458 1681 prorsus
482 1601 543 1661 alio
564 1601 725 1664 sacerdote
737 1610 768 1662 et
788 1603 959 1664 mediatore
981 1621 1059 1680 opus

135 1692 192 1759 est,
214 1691 335 1763 praeter
358 1684 612 1762 Christum,‘cum
636 1687 737 1745 omnis
760 1686 905 1748 sacerdos
934 1687 964 1747 in
997 1685 1059 1746 hoc

134 1774 316 1843 assumatur,
330 1775 408 1827 teste
424 1768 586 1846 Apostolo,
611 1767 740 1833 Hebrus.
752 1775 792 1848 5,,
816 1776 849 1829 ut
870 1789 926 1848 pro
943 1767 1058 1849 populo

135 1857 212 1928 oret,
235 1858 266 1909 et
286 1851 432 1930 populum
456 1851 586 1925 doceat3
608 1858 640 1911 at
653 1851 841 1913 Christianus
855 1855 984 1933 quisque
1005 1858 1061 1931 per

135 1952 169 1994 se
179 1934 278 2013 ipsum
299 1942 366 1994 orat
379 1936 408 1993 in
420 1934 551 2009 Christo,
566 1934 684 1994 habens
696 1954 751 2015 per
764 1938 873 2015 ipsum.
891 1943 924 1997 ut
936 1936 1024 1997 Rom.
1042 1936 1062 1999 5

137 2015 220 2089 dicit,
243 2035 401 2077 accessum
425 2017 463 2077 ad
488 2018 596 2087 ileum,
619 2020 697 2079 sicut
707 2021 848 2098 promisit
869 2019 981 2083 Isaiae.
1003 2020 1059 2082 65:

134 2099 269 2180 Eoique,
291 2106 454 2180 antequam
478 2102 634 2181 clament,
664 2121 723 2182 ego
752 2103 930 2178 exaudiam,
961 2100 1061 2163 adhuc

132 2182 192 2243 illis
222 2184 415 2262 loquentibus
438 2204 497 2264 ego
526 2184 658 2249 audiam.
702 2185 754 2247 Sic
776 2194 806 2246 et
826 2200 881 2258 per
908 2207 941 2245 se
971 2186 1058 2260 ipsos

127 2271 154 2325 'a
182 2266 247 2326 Deo
277 2266 444 2341 docentur,
479 2269 675 2347 promittente
708 2266 790 2330 lsaia
823 2269 878 2335 54:
908 2269 948 2330 Et
977 2268 1059 2329 dabo

136 2349 296 2412 universos
309 2349 390 2409 filios
407 2357 476 2409 tuos
489 2350 627 2411 doctosa
643 2352 776 2412 Domino
788 2375 797 2428 ς
819 2362 849 2414 et
861 2353 993 2414 Hierem.
1010 2353 1061 2414 31:

133 2431 204 2492 Non
227 2432 348 2492 docebit
367 2435 574 2512 uuusquisque
588 2434 710 2494 fratrem
724 2456 822 2506 suum,
845 2444 875 2496 et
897 2435 1059 2514 unusquis<

135 2533 195 2594 que
225 2517 397 2595 proximum
425 2536 513 2576 suum
538 2517 661 2578 dicens:
694 2517 860 2597 Cognosce
882 2519 1059 2598 Dominum,

136 2617 243 2658 omues
267 2601 346 2659 euim
361 2601 458 2658 scient
475 2619 524 2659 me
546 2601 694 2660 aminore
707 2620 803 2680 usque
826 2601 863 2661 ad
882 2603 1058 2663 maximnm.

132 2680 175 2743 Et
196 2678 267 2743 Isai.
289 2684 317 2744 2.
342 2683 428 2743 dicit:
451 2683 579 2761 Repleta
599 2690 646 2743 est
668 2690 747 2745 terra
768 2685 897 2745 scientia
924 2684 1060 2761 Domini,

135 2767 212 2824 sicut
225 2784 324 2844 aquae
341 2767 432 2825 maris
446 2767 620 2843 operientis.
650 2767 727 2827 Hinc
741 2768 878 2830 Christus
893 2766 1058 2830 lobann.6.

134 2848 271 2928 appellat
300 2868 354 2909 eos
375 2846 625 2923 θεοδιδᾶκτους.
674 2851 731 2911 Est
760 2853 905 2935 scriptum
932 2852 962 2912 in
991 2867 1059 2930 pro·

136 2930 253 3011 phetis:
277 2932 317 2992 Et
339 2939 427 2992 erunt
450 2951 557 2993 omnes
580 2932 727 2995 docibiles
750 2935 818 3000 Dei.

219 3014 304 3075 Haec
337 3016 512 3076 testimonia
547 3015 639 3095 plane
671 3019 823 3080 evacuant
855 3016 1059 3080 sacerdotium

136 3097 271 3172 visibile,
300 3097 371 3159 dum
393 3107 423 3158 et
445 3099 615 3160 orationem
644 3104 676 3163 et
701 3120 859 3162 accessum
889 3101 927 3164 ad
961 3101 1059 3160 Denm'

137 3190 169 3241 et
202 3180 373 3242 doctrinam
405 3182 546 3242 omnibus
582 3201 777 3245 communem
812 3186 945 3259 iaciunt,
981 3201 1061 3263 quac

137 3271 219 3323 certe
242 3265 435 3325 sacerdotum
459 3266 583 3346 propria
607 3272 662 3331 est.
706 3267 785 3344 Quid
809 3269 888 3328 eninr
909 3267 990 3346 'opus
1014 3271 1062 3328 est

137 3348 308 3420 sacerdote,
331 3348 400 3407 dum
425 3368 487 3408 non
511 3355 558 3409 est
575 3367 653 3429 opus
677 3350 846 3412 mediatore
869 3358 899 3413 et
911 3347 1061 3412 doctore?
1093 3410 1105 3420 ,

138 3431 185 3490 An
209 3430 402 3492 sacerdotem
431 3433 497 3492 siue
525 3451 619 3513 opere
649 3435 891 3496 constituemus?
934 3433 976 3493 At
997 3451 1060 3494 rne-

138 3513 238 3574 diator
270 3521 301 3573 et
336 3514 444 3574 doctor
476 3514 717 3577 Christianorum
740 3524 873 3598 ,praeter
907 3517 1059 3580 Christum

136 3596 236 3657 nullus
269 3604 325 3660 est.
369 3596 448 3672 Quin
484 3598 542 3676 ipsi
575 3619 630 3678 per
658 3620 728 3661 sese
759 3600 911 3663 accedunt
943 3621 962 3661 a
990 3599 1059 3661 Deo

138 3679 238 3756 docti,
268 3678 414 3759 deinceps
449 3681 584 3742 mediare
619 3690 649 3742 et
677 3682 789 3750 docere
822 3689 965 3766 potentes
994 3700 1060 3760 eos,

138 3763 190 3848 qni
212 3761 347 3825 nondum
370 3761 563 3837 sacerdotes,
591 3763 622 3827 id
646 3773 709 3850 est,
736 3767 873 3830 nondum
897 3763 1060 3829 Christiani
