2392 4170
428 276 530 369 *Doot
548 274 628 334 Mart.
646 277 727 335 Loth.
991 274 1055 344 339
1143 329 1146 333 ,

132 469 202 512 care
224 456 330 530 potes,
363 451 421 511 nisi
454 452 562 512 ilerum
596 450 675 512 flctis
705 449 806 512 verbis
829 448 934 510 ludere
955 448 1054 527 voles,

132 534 268 613 Papam,
292 535 480 615 Episcopos,
504 535 681 596 cardinales
711 543 741 594 et
763 533 877 594 similes
900 551 961 593 non
984 551 1053 614 pos-

132 618 232 677 sidere
263 636 310 676 res
345 620 510 698 proprias,
543 637 610 678 cum
647 619 690 677 eis
717 636 772 697 pro
803 617 900 677 libero
930 616 1053 677 arbitrio

133 707 263 760 utantur.
309 701 403 779 Esto,
436 701 656 762 monachorum
681 701 848 780 Praepositi
879 706 986 759 curent
1006 720 1053 760 rea

133 803 194 843 non
205 784 354 863 proprias,
377 784 464 844 atilli
483 794 565 845 certe
586 791 694 845 curant
705 778 854 863 proprias,
878 800 1053 862 quanquam

133 866 326 926 deecclesia
355 875 515 947 acceptas,
541 875 572 928 ut
595 867 665 927 nihil
690 870 743 944 sit,
766 866 848 946 quod
871 865 968 946 dicis,
991 885 1052 926 non

133 969 226 1025 suas,
255 948 308 1009 sed
340 951 490 1010 acclesiae
515 970 583 1011 esse
614 970 666 1010 ess
697 970 763 1028 ras,
797 948 880 1028 quod
902 955 934 1008 et
955 949 1055 1028 ipsum

132 1032 210 1093 lictis
234 1033 333 1094 verbis
357 1034 472 1093 dicitur.
515 1035 577 1094 Dat
603 1032 686 1094 enim
723 1036 767 1093 eis
796 1033 879 1113 Papa
913 1051 965 1092 aas
996 1033 1054 1108 res,

133 1124 278 1194 tanquam
302 1116 450 1177 Dominus
473 1118 588 1190 earum,
610 1119 672 1177 imo
690 1117 773 1196 Papa
793 1126 988 1194 utrarumque
1009 1135 1053 1175 re-

133 1218 200 1260 rum
234 1217 268 1258 se
302 1198 459 1259 dominum
492 1200 580 1278 facit,
614 1208 644 1262 et
678 1201 708 1258 in
731 1218 799 1260 eum
831 1199 931 1259 locum
962 1200 1053 1259 etism

132 1283 230 1342 ssnoli
258 1283 314 1342 viri
336 1282 503 1362 aliquando
539 1291 608 1343 sunt
630 1284 784 1360 translati,
808 1290 841 1341 ut
862 1281 1054 1358 Anastasius,

136 1365 281 1426 Beruardi
305 1364 481 1446 discipulus.
518 1367 576 1427 Ubi
600 1375 703 1426 manet
725 1367 774 1426 bic
796 1376 901 1424 votum
926 1384 1054 1445 pauper·

133 1449 204 1507 tatis
227 1448 444 1508 monasticae?
487 1449 614 1509 Prorsus
637 1450 857 1530 Episcopatus,
880 1447 1055 1508 cardinala-

134 1538 203 1609 tus,
226 1529 362 1610 Papatus
385 1539 495 1591 statum
529 1532 713 1607 damnabis,
736 1539 790 1592 aut
811 1531 939 1609 negabis
962 1549 1055 1612 posse

134 1616 336 1675 monasticum
370 1615 465 1675 virum
506 1615 580 1676 illua
612 1617 790 1676 ascendere.
850 1614 907 1674 Hic
940 1612 1053 1694 dicunt,

134 1699 283 1758 eiusmodi
307 1697 417 1757 cedere
440 1698 635 1759 obedientias
658 1707 689 1758 at
711 1699 830 1779 ingredi
853 1705 965 1757 statum
990 1718 1052 1777 per·

133 1781 283 1841 lectionis.
324 1781 450 1841 Pulchra
465 1783 598 1842 mentiris
622 1784 651 1842 in
667 1786 866 1860 caputtuum,
890 1799 942 1840 aur
964 1789 1055 1841 antea

133 1864 267 1942 dicebas,
292 1865 481 1925 monasticen
508 1885 576 1925 esse
598 1873 710 1925 statum
734 1863 957 1944 perfectionis?
993 1864 1055 1924 Rc·

133 1966 173 2028 go
190 1994 198 2025 ,
228 1955 303 2026 quot
332 1947 426 2008 hebes
450 1956 545 2008 slatus
570 1948 788 2028 perfectionis?
835 1947 1005 2026 llpisaopus
1029 1948 1053 2006 si

134 2033 234 2111 posite
256 2031 352 2090 insula
373 2032 465 2092 intret
487 2033 705 2092 monasterium
732 2038 783 2106 (ut
805 2030 917 2090 factum
941 2037 988 2089 est
1003 2029 1054 2089 ali·

134 2114 288 2193 quando),
310 2115 402 2174 intrat
424 2123 534 2175 statum
557 2116 752 2196 perfectionis
783 2114 819 2174 de
841 2121 922 2174 statu
944 2115 1054 2193 imper-

133 2197 285 2258 fectionis.
336 2196 449 2256 Rursus
486 2199 656 2259 monachos
702 2198 824 2258 deserto
868 2197 1055 2257 monasterio

134 2279 231 2337 factus
270 2278 433 2357 episcopus
471 2281 563 2341 intrat
593 2275 703 2341 statam
735 2281 957 2359 perfectiords..
999 2279 1056 2339 Hic

134 2360 231 2435 vides,
255 2368 286 2419 ut
298 2367 393 2419 status
409 2379 478 2420 sese
502 2372 605 2422 mutuo
619 2363 779 2443 perficiunt
797 2372 827 2423 et
842 2361 1054 2443 imperflniunt,

134 2445 195 2504 hoc
217 2450 279 2523 est,
302 2449 335 2502 ut
357 2442 516 2503 mendacia
538 2446 567 2503 in
591 2463 626 2505 se
657 2448 724 2524 ipsa
745 2447 862 2505 irruunt
886 2453 916 2505 et
948 2453 1054 2505 mutuo

135 2525 277 2586 mordent
299 2535 391 2606 atque
415 2534 605 2588 consumunt.
650 2525 729 2601 Quid
753 2547 858 2607 speras
881 2527 940 2588 bos
962 2526 1056 2588 ands·

135 2630 186 2670 ces
210 2618 241 2671 et
257 2611 384 2670 insanos
406 2611 528 2670 tandem
546 2611 690 2689 dicturos,
713 2612 771 2669 nisi
784 2609 864 2670 forte
887 2619 916 2669 et
938 2615 1051 2669 statum

134 2692 331 2774 perfectionis
345 2693 467 2766 facient,
491 2695 515 2752 si
537 2693 740 2752 intraverisin
754 2693 882 2772 lupanar
905 2691 943 2751 de
966 2691 1054 2751 thoro

135 2776 311 2856 coniugali?
344 2776 424 2836 Proh
449 2776 578 2851 Christe,
602 2775 674 2835 nihil
698 2783 745 2836 est
766 2776 796 2834 in
818 2776 879 2834 hoc
900 2774 1054 2855 sacrilego

135 2861 216 2918 vitae
239 2879 362 2939 genere,
385 2861 441 2919 nisi
463 2859 677 2920 copiosissima
695 2856 869 2920 inendacia.

218 2942 323 3023 Porro,
345 2945 368 3002 si
392 2946 518 3022 propter
535 2941 741 3003 obedientiam
765 2949 795 3001 et
816 2948 927 3001 statum
941 2939 1057 3021 perlec-

135 3027 227 3086 tionis
250 3025 380 3086 solvitur
395 3033 499 3086 votum
523 3027 721 3106 paupertatis,
744 3045 799 3085 cur
820 3043 880 3084 non
899 3031 929 3084 et
950 3030 1055 3084 votum

135 3108 311 3168 castitatis?
353 3109 410 3170 Ubi
440 3117 510 3169 sunt
532 3127 613 3168 nunc
641 3116 715 3169 vota
742 3108 795 3169 ills
817 3105 1056 3167 substantialia?

136 3193 192 3252 Est
213 3199 377 3271 paupertas
410 3210 492 3252 nuno
522 3191 714 3251 accidentale
744 3191 874 3251 votum?
917 3189 968 3250 sic
995 3191 1056 3269 agia

136 3278 191 3334 tari
212 3275 324 3335 debent
346 3283 376 3334 et
397 3275 583 3335 circumferri
605 3275 705 3334 ventis
730 3273 978 3347 mendaciorum,
1002 3273 1052 3352 qui

135 3359 243 3419 relicta
270 3356 368 3417 solida
396 3368 482 3437 petra
504 3358 560 3418 sibi
588 3359 662 3438 ipsis
684 3375 782 3417 novas
805 3358 891 3432 vias,
915 3357 1056 3436 proprios

137 3443 276 3520 ducatus,
300 3441 469 3520 singulares
493 3439 653 3520 paradisos
681 3447 960 3520 praesumpserunt.
1006 3438 1055 3497 Di-

137 3526 205 3585 rnisi
241 3525 405 3604 (inquit*)
453 3543 506 3584 eos
559 3523 727 3583 secundum
772 3521 924 3582 desideria
957 3520 1058 3582 cordis

137 3628 253 3682 eorum,
277 3609 363 3668 ibunt
385 3608 415 3666 in
438 3607 706 3667 adinventionibus
721 3608 793 3667 suis.
824 3605 863 3665 Et
874 3604 982 3666 Petrus
992 3602 1057 3681 *Ἲς

138 3742 183 3749 .—-

211 3789 238 3858 ·)
256 3789 358 3845 asum.
376 3790 420 3848 er.
459 3760 508 3860 ’4)
529 3789 554 3845 2.
574 3791 645 3846 ren.
666 3791 691 3846 a

782 3857 848 3924 22*
906 3816 929 3904 J
