2392 4170
412 271 494 331 llissa
512 270 623 345 privata
641 271 675 334 D.
695 274 729 332 tt.
748 273 778 335 L.
995 275 1059 346 211

134 451 191 520 tur,
216 463 307 524 quom
331 447 552 529 intelliguntur,
574 456 637 511 tum
654 449 747 529 longe
770 451 799 509 in
812 449 894 510 aliud
917 459 1060 532 speetant

135 546 225 606 quam
256 530 349 610 vulgo
382 539 516 612 sonant,
553 532 670 593 videtur
699 533 771 594 mihi
801 542 832 594 et
859 535 917 594 ista
946 533 976 596 in
1001 537 1060 597 hoo

136 611 288 677 Friderieo
322 621 427 675 nostro
460 617 595 696 impleto.
650 616 739 691 Quod
775 619 854 678 enim
885 620 1057 698 sepulerum

136 695 259 755 Domini
274 695 384 757 reotius
401 699 564 780 intelligas,
588 718 679 778 quam
703 699 837 761 divinam
857 701 1060 782 Scriptorum,

135 780 164 839 in
190 797 251 857 qua
273 782 385 840 veritas
409 780 536 862 Christi,
559 802 614 863 per
637 783 775 862 Papisius
798 786 917 860 oeoiso,
940 787 1060 865 sepulta

133 861 248 922 iacuit?
270 864 513 926 custodientibus
531 865 684 945 militibus,
698 866 727 926 id
741 872 797 949 est,
821 868 1058 930 Mendioautium

135 943 292 1007 ordinibus
314 954 345 1007 et
367 949 525 1028 pravitatis
555 950 729 1010 haereticae
751 952 996 1032 inquisitoribus,
1020 973 1059 1014 ne

135 1027 351 1109 discipulorum
386 1032 563 1110 quisquam,
582 1052 650 1094 eam
680 1043 809 1113 raperet.
851 1032 932 1097 Nam
959 1036 1059 1117 sepul·

135 1131 219 1172 erum
249 1113 529 1195 illud-eorporale,
564 1115 646 1196 quod
676 1116 819 1179 Saraceni
848 1126 967 1198 tenent,
997 1138 1058 1182 non

134 1196 231 1275 magis
256 1203 302 1257 est
323 1216 414 1258 eurae
438 1199 524 1278 Deo,
556 1218 648 1279 quarn
670 1199 767 1262 boves
796 1201 840 1260 illi
876 1221 945 1262 esse
967 1221 1059 1263 eurae

135 1279 245 1340 Paulus
268 1279 349 1342 dioit.
393 1281 506 1361 Negari
536 1291 638 1344 autern
668 1302 729 1344 uon
753 1292 872 1364 potest,
896 1285 1058 1364 apudvos

133 1363 188 1424 sub
212 1363 366 1445 Friderioo
396 1367 454 1426 isto
489 1365 664 1446 Scripturas
688 1368 788 1427 vivam
825 1368 987 1429 veritatem
1010 1390 1057 1430 re-

135 1445 283 1511 floruisse.
314 1447 393 1522 Quid
416 1449 442 1510 si
466 1467 525 1530 ego
548 1448 671 1530 glorier,
693 1451 813 1511 merel
842 1452 984 1531 angelum
1007 1452 1057 1513 vel

135 1529 349 1609 Magdalenam
371 1529 489 1592 fuisse?

217 1615 257 1675 At
290 1625 392 1675 movet
422 1614 520 1693 forte,
548 1614 631 1694 quod
653 1615 822 1696 Imperator
844 1634 905 1678 non
927 1618 975 1680 sit.
1019 1619 1060 1679 At

132 1707 277 1775 quantum
301 1699 375 1759 satis
399 1707 445 1758 est
467 1697 506 1760 ad
529 1699 714 1779 implendam
728 1697 936 1780 prophetiam,
956 1721 1059 1764 nonne

132 1782 162 1840 in
186 1779 326 1841 Comitiis
350 1781 525 1843 Electorum
547 1782 752 1845 eoncordibus
781 1781 932 1866 suffragiis
956 1792 986 1846 et
1009 1785 1059 1845 de-

133 1865 271 1943 signatus
301 1873 332 1925 et
358 1865 471 1945 petitus
501 1872 548 1926 est
574 1867 606 1927 in
633 1865 876 1946 imperatorem?
924 1869 1058 1949 Eratque

135 1966 206 2006 vere
234 1946 421 2028 Imperator,
450 1949 507 2009 nisi
534 1949 692 2013 noluisset.
736 1948 826 2029 Apud
856 1950 956 2011 Deunr
985 1951 1059 2014 nibil

133 2031 242 2104 refert,
265 2031 409 2111 quamdiu
432 2032 522 2094 fuerit
542 2030 735 2114 Imperator,
772 2032 865 2095 modo
894 2034 982 2095 luerit
1002 2036 1057 2096 ali·

134 2115 268 2194 quando.
311 2114 427 2176 Ludere
463 2117 601 2178 fortassis
636 2117 686 2178 hie
715 2117 831 2178 videor.
876 2117 918 2180 At
954 2117 1057 2180 ludam

133 2217 217 2275 sane,
240 2200 310 2278 quin
335 2207 365 2258 et
387 2197 507 2280 addam,
532 2208 564 2261 ut
585 2201 676 2262 etiam
690 2201 853 2278 insaniam,
877 2209 908 2262 et
928 2201 1058 2264 admira·

134 2282 199 2357 bor,
222 2282 304 2344 unde
326 2282 395 2361 liat,
424 2285 508 2344 utin
529 2285 588 2345 isto
616 2285 737 2346 abieoto
770 2286 884 2365 angulo
909 2294 1055 2348 terrarum

134 2364 216 2426 Deus
238 2366 370 2427 voluerit
396 2367 544 2429 suseitare
579 2387 666 2428 suum
703 2367 848 2442 verbum,
879 2375 942 2429 tum
973 2368 1057 2450 quod

133 2458 253 2530 praeter
275 2447 431 2510 Iudaicam
470 2458 580 2510 terram
602 2451 678 2512 nulli
705 2452 782 2531 parti
806 2457 952 2512 terrarum
977 2454 1056 2514 noei-

133 2533 215 2593 disse
237 2540 355 2614 putem,
379 2541 411 2593 ut
433 2532 548 2615 oppida
575 2540 606 2594 et
626 2535 715 2615 pagi,
746 2535 817 2612 quin
842 2544 871 2593 et
901 2538 984 2601 nives
1006 2536 1055 2596 he·

134 2616 243 2676 braieis
284 2616 459 2678 nominibus
497 2625 655 2678 vocentur.
717 2616 804 2678 Unde
849 2619 927 2677 enim
968 2619 1056 2681 vobis

134 2699 284 2780 Ephrata,
309 2700 447 2778 Hebron,
476 2699 593 2774 Resen,
616 2701 755 2777 Pannee,
780 2698 922 2778 Globoe,
945 2701 1055 2777 Zidon,

132 2781 232 2857 Iesse,
264 2784 450 2861 Damascus,
481 2783 597 2859 Dibon,
626 2791 657 2844 et
686 2785 779 2843 multa
801 2783 936 2844 similia?
978 2785 1055 2845 Tum

132 2869 200 2947 ipsa
222 2867 455 2948 Vuittemberga
476 2886 495 2928 a
514 2866 648 2929 eandore
670 2869 782 2928 montis
798 2865 888 2944 diota,
913 2861 984 2947 quid
1011 2878 1057 2928 est

132 2952 189 3011 nisi
212 2970 301 3011 mons
324 2950 475 3011 Libanus?
506 2951 639 3027 Libanus
661 2952 742 3012 enim
765 2949 928 3013 eandidum
953 2959 1054 3015 sonat.

133 3034 193 3096 Sed
216 3036 289 3095 satis
312 3035 391 3096 haee
412 3033 449 3095 ed
475 3034 588 3097 ludum.

216 3118 283 3179 Hoo
305 3119 417 3178 serium
441 3125 503 3194 est,
532 3137 601 3178 esse
624 3118 711 3179 vobis
734 3116 880 3178 donatum
912 3137 986 3199 prae
1009 3138 1057 3179 oe·

133 3203 219 3279 teris,
243 3210 275 3262 ut
296 3221 403 3281 puram
425 3209 456 3263 et
471 3203 665 3284 ‘primitivam
695 3201 855 3281 Evangelii
878 3201 987 3263 laniem
1011 3204 1056 3263 vi·

132 3286 240 3364 deotis,
263 3304 342 3345 nune
364 3287 508 3365 quoniam
532 3293 562 3346 et
578 3286 736 3365 spirituum
760 3285 964 3346 aemulatores
985 3286 1056 3347 laeti

133 3371 214 3433 eelis.
238 3377 371 3429 vestrum
395 3375 451 3448 est,
476 3369 726 3430 eandemfaeiem
750 3368 886 3448 prolerre
907 3369 937 3429 in
958 3369 1055 3429 lueem

133 3461 163 3513 et
184 3454 250 3513 aliis
268 3471 392 3532 quoque
405 3452 549 3532 exemplo
564 3460 665 3513 rostro
681 3450 884 3531 spectandam
898 3452 1056 3532 praebere,

77 3556 81 3564 ·
133 3543 249 3596 lentum
272 3536 302 3596 id
324 3537 446 3611 duretis,
469 3543 502 3596 ut
521 3536 704 3595 unanimiter
724 3534 804 3595 idem
829 3541 859 3594 et
881 3535 1006 3616 sapiatis
1025 3543 1055 3597 et

131 3619 261 3697 facietis,
275 3627 304 3680 et
321 3626 441 3679 mutuas
453 3637 560 3679 manus
571 3619 734 3698 porrigatis
746 3620 811 3678 sine
823 3616 1057 3699 diseeptetione.

133 3701 223 3778 Quod
246 3705 270 3762 si
293 3703 361 3783 quis
384 3700 519 3762 infirmus
543 3708 599 3776 est,
622 3702 705 3763 solus
737 3701 901 3764 manducet
923 3711 953 3774 et
976 3720 1057 3762 man-

133 3786 296 3848 duoantem
326 3805 389 3848 non
409 3785 540 3864 iudioet,
563 3805 668 3848 rursus
691 3787 741 3868 qui
765 3783 868 3847 firmus
901 3793 966 3863 est,
994 3803 1057 3848 non

784 3867 847 3937 14*
