2392 4170
461 282 543 347 noct..
560 285 639 344 llart.
657 285 738 344 Luth.
1002 286 1074 356 325·

142 448 319 530 praeteribit
348 468 431 533 apex
459 456 513 514 aut
541 452 606 515 iota
633 449 748 515 abista
770 453 857 534 lege,
880 451 938 514 uisi
961 453 1071 515 omnia

142 532 226 595 liant.
270 532 333 596 Aut
355 553 429 616 ergo
446 541 550 598 votum
574 555 671 616 usque
691 536 730 598 ad
752 535 941 614 impossibile
963 536 1062 599 solum

140 617 225 697 ligat,
248 624 301 680 aut
322 619 422 680 nullos
445 620 683 701 uuquamfuisse
707 621 877 681 monachos
900 621 1071 684 concedes:

141 699 251 763 Nullus
274 703 355 763 euim
378 703 450 781 tuit,
480 706 530 784 qui
553 723 614 765 nou
638 703 804 784 aliquando
826 703 978 786 infirmus,
1012 711 1065 767 aut

143 785 203 845 alia
226 804 320 847 causa
340 786 430 848 fuerit
450 787 614 868 impeditus
636 788 666 847 in
692 787 825 868 aliquam
847 793 966 868 partem
989 796 1072 849 auae?

141 869 282 951 regulae,
315 868 346 929 id
368 869 451 950 quod
476 872 601 932 omnino
623 879 744 950 *contra
766 877 873 933 votum
897 890 984 931 suum
1007 878 1063 934 est.

228 953 377 1034 Amplius,
400 955 472 1034 quia
494 955 693 1036 pertinaciter
722 954 864 1016 obiicitur
884 954 940 1016 illa‘
957 954 1064 1016 volana

140 1043 186 1097 tas
210 1038 289 1116 voti,
322 1056 400 1116 quae
437 1045 612 1118 perseveret
647 1039 703 1099 sub
736 1038 917 1120 impossibili
945 1040 1073 1101 externi

141 1121 252 1200 operis,
275 1119 508 1198 deponamuset
529 1123 638 1203 ipsam.
683 1123 821 1184 Consors
835 1128 881 1184 est
901 1123 1072 1200 seutentia5¹

139 1222 230 1283 quam
254 1210 284 1264 et
305 1204 478 1266 Beruerdus
502 1205 612 1287 probat
634 1204 683 1270 lib.
708 1205 746 1266 de
764 1223 865 1289 praec.
888 1211 919 1267 et
933 1204 1062 1286 dispen,

139 1306 247 1347 omnes
270 1295 373 1368 partes
396 1289 571 1370 regularum
594 1308 663 1368 esse
684 1290 715 1350 in
740 1308 832 1352 manu
854 1288 1062 1370 Maioris-'qui

139 1370 316 1450 dispensare
338 1372 368 1432 in
391 1373 428 1432 iis
451 1374 552 1453 possit
563 1392 632 1433 curu
650 1373 779 1435 subditis
791 1374 864 1451 auis,
887 1391 949 1433 uou
969 1371 1061 1433 modo
1114 1364 1117 1370 ’
1164 1386 1166 1391 ·

140 1455 165 1514 si
188 1453 379 1534 impossibile
398 1462 451 1516 aut
472 1455 639 1537 periculum
663 1463 813 1533 occurrat,
836 1456 889 1517 sed
913 1455 1004 1516 etiam
1035 1457 1061 1517 si

138 1556 307 1618 congruum
330 1544 361 1599 et
383 1539 579 1600 commodum
596 1538 744 1606 videatur.
788 1537 964 1620 Aliquando
987 1557 1060 1600 vero

139 1628 170 1682 et
193 1640 276 1682 mero
312 1622 437 1683 arbitrio
459 1623 662 1703 praesidentia
690 1631 796 1684 teuent
815 1629 849 1684 et
871 1642 933 1684 uon
956 1628 1074 1684 tenent

137 1704 195 1764 bae
223 1709 325 1785 partes
359 1706 544 1786 regularum,
587 1706 665 1767 Tum
695 1707 798 1787 Papae
826 1705 959 1768 tribuunt
990 1725 1061 1769 cou-

136 1793 253 1849 stauter
273 1788 397 1869 plenem
426 1791 456 1850 iu
478 1791 515 1850 iis
538 1789 680 1852 omnibus
703 1791 898 1851 autoritatem
921 1789 1059 1866 tollendi,
1104 1805 1106 1808 ’

136 1870 289 1953 mutandi,
323 1871 531 1954 dispensandi.
575 1873 688 1934 Verum
718 1872 865 1953 quidquid
894 1872 948 1934 illa
969 1871 1060 1933 sedes

137 1952 274 2017 Satanae
295 1955 378 2038 facit,
401 1963 578 2038 suspectum
601 1962 658 2034 est,
680 1957 753 2018 uolo
776 1957 971 2018 autoritatem
995 1956 1060 2016 eiua
1101 2022 1104 2026 Α

136 2038 208 2098 mihi
242 2040 273 2099 in
306 2059 340 2100 re
377 2042 632 2102 conscientiarum
654 2040 858 2120 patrocinari‚
881 2057 1060 2101 maneamus

135 2123 166 2181 in
189 2123 285 2202 gestis
310 2121 492 2186 Sanctorum
527 2132 557 2185 et
579 2123 705 2205 vulgato
728 2129 917 2205 receptoque
939 2122 979 2183 ab
994 2135 1073 2183 om·⁴

136 2203 224 2264 nibus
246 2223 312 2267 usu.
354 2204 390 2266 In
428 2207 474 2267 bis
507 2209 598 2289 igitur
628 2206 908 2289 dispensationibus
942 2212 1058 2267 certum
1130 2235 1133 2241 ·

136 2293 183 2346 est
205 2292 235 2345 et
257 2287 446 2349 voluntatem
468 2291 610 2352 servandi
632 2293 696 2352 voti
718 2292 792 2372 poni
824 2298 854 2352 et
887 2289 1058 2352 libertatem

135 2368 275 2430 solvendi
298 2371 435 2433 concedi.
479 2372 548 2433 Non
571 2375 652 2434 enim
675 2375 794 2454 cogitur
810 2375 925 2435 invitus
946 2373 1059 2454 facere,

134 2453 186 2533 qui
209 2452 376 2514 secundum
399 2453 660 2535 dispensationem
684 2457 766 2536 facit,
789 2475 847 2517 uec
869 2457 986 2536 cogitat
1007 2476 1058 2516 na-

135 2536 206 2597 dum
239 2536 344 2598 mallet
379 2537 563 2598 eontrarium
602 2538 713 2602 facere.
758 2538 924 2619 Responde
951 2536 1058 2618 igitur:

135 2620 166 2681 Si
187 2620 246 2680 ista
282 2619 471 2701 dispensatio
493 2626 540 2682 est
560 2621 661 2702 licita,
694 2621 876 2682 concludam
906 2640 966 2703 ego
989 2640 1057 2682 cum

134 2702 262 2783 fiducia,
285 2711 422 2764 tenorem
446 2705 509 2765 voti
534 2706 696 2767 monastici
720 2723 789 2766 esse
805 2704 903 2767 bunc:
948 2703 1058 2765 Voveo

134 2785 213 2847 banc
239 2788 376 2868 regulam
399 2806 522 2849 servare
545 2787 584 2850 ad
607 2786 997 2868 arbitrium'praesidentis,
1025 2784 1058 2848 si

134 2888 196 2931 non
221 2876 268 2930 est
288 2890 361 2933 vero
385 2872 454 2933 talis
477 2874 541 2932 eius
560 2878 659 2954 tenor,
681 2873 789 2933 iterum
802 2871 926 2950 definio,
948 2888 1057 2930 omues

135 2954 314 3033 monachos,
338 2957 441 3017 omnia
464 2957 652 3018 monasteria
673 2974 743 3017 esse
764 2955 923 3024 damnata,
957 2971 1057 3032 usque

133 3035 227 3096 ullum
248 3037 347 3100 adhuc
363 3038 519 3100 inventum
533 3040 627 3100 inisse
637 3038 831 3102 monachum.
855 3037 963 3098 Nullus
975 3037 1056 3097 enim

133 3119 222 3180 aliter
243 3139 376 3201 uuquam
390 3123 486 3184 sensit
497 3142 535 3184 ac
547 3123 654 3203 tenuit,
677 3140 768 3204 quam
790 3122 850 3183 iam
863 3121 977 3181 dictum
1000 3126 1056 3182 est.

219 3202 250 3264 Si
272 3210 375 3266 autem
414 3207 444 3267 in
474 3207 582 3268 ceteris
609 3206 746 3286 partibus
778 3206 809 3266 in
830 3224 922 3265 mauu
944 3205 1077 3284 praesi·'

133 3286 233 3346 dentis
256 3292 395 3372 est„uon
419 3289 519 3351 solum
542 3309 640 3371 opus,
663 3287 718 3351 sed
741 3296 772 3351 et
795 3288 1003 3367 voluntatem,
1025 3285 1056 3347 id

132 3376 194 3444 est,
230 3375 326 3430 totum
356 3378 462 3434 votum
501 3392 557 3435 suo
580 3372 702 3434 subdito
725 3373 846 3434 solvere
876 3378 905 3432 et
926 3370 1055 3432 liberum

132 3452 244 3531 facere,
267 3454 359 3514 etiam
383 3454 435 3516 ubi
458 3455 790 3537 nullum‘impossibille
811 3460 865 3516 aut
885 3455 1066 3536 periculum·

132 3537 238 3616 exigit.
281 3537 327 3598 Tu
350 3536 409 3614 dic,
431 3540 457 3598 si
478 3545 579 3619 potes,
601 3558 655 3601 cur
676 3559 739 3601 non
762 3540 874 3621 possit,
907 3539 1054 3598 imouou

132 3618 245 3680 debeat
256 3619 408 3682 laboranti
419 3621 578 3685 libidinum
591 3623 736 3704 procellis
749 3629 779 3683 et
800 3621 943 3702 periculis
956 3620 1054 3682 maxi·

131 3703 189 3762 mis
211 3703 306 3766 Fratri
328 3724 384 3766 suo
409 3711 440 3767 et
460 3706 491 3767 iu
514 3707 573 3769 hac
596 3714 693 3788 parte,
715 3705 766 3767 ubi
780 3706 1055 3781 castitasvovetur,

132 3784 243 3850 eadem
265 3788 429 3852 autoritate
456 3791 578 3872 copiam
610 3790 713 3853 facere
734 3788 869 3852 nubendi
902 3785 1054 3851 etliber·
