2392 4170
426 267 595 343 wormatiae
612 282 718 342 babitu.
1012 281 1053 350 13

214 450 342 517 Possem
364 454 548 536 locupletius
560 455 588 536 ¹)
610 455 761 538 exemplis
793 453 985 535 scripturae,
1014 457 1052 518 de

131 535 342 622 phemone),
364 538 450 618 Rege
465 538 642 620 Babylonis,
666 549 697 600 et
718 537 853 618 Regibus
869 539 974 617 isreel,
987 559 1051 601 rem

132 620 302 701 deplorare,
325 623 376 700 qui
397 620 500 696 tum³)
525 642 594 684 sese
609 625 742 683 maxime
761 620 967 701 perdiderunt,
983 643 1051 685 oum

131 705 366 784 sapientissimis
411 705 546 765 eonsiliis
591 725 647 766 sue
686 725 781 786 regne
827 706 989 786 paeifleare
1021 715 1052 769 et

133 786 271 848 stabilire
293 787 482 849 studuerunt.
522 786 594 868 lpse
616 799 663 849 est
685 787 819 866 enim4),
842 786 892 868 qui
914 808 1052 871 eompre-

131 867 239 931 hendit
259 876 379 931 sstntos
401 872 430 930 in
454 874 565 931 astutia
595 871 681 950 sua⁶)
705 878 734 931 et
760 870 909 932 snbvertit
931 879 1051 935 montes

132 960 297 1032 antequam
357 962 556 1034 cognoscant.
632 953 741 1034 Itaque
793 957 899 1017 timere
950 954 1051 1038 nem)

133 1055 212 1117 opus
236 1047 291 1099 est.
334 1036 403 1097 Nou
427 1036 505 1097 haee
532 1037 619 1117 dieo,
642 1036 770 1117 quedl)
811 1057 888 1119 opus
918 1042 958 1101 sit
985 1059 1053 1102 mea

134 1119 182 1180 vel
206 1118 345 1181 doctrine
377 1120 425 1180 vel
461 1120 716 1204 admonitione⁸)
752 1123 842 1182 tantis
872 1123 1055 1203 Vorticibus,-

133 1202 187 1263 sed
221 1202 304 1281 quod
332 1202 511 1282 obsequium
543 1224 629 1264 meae
658 1202 843 1266 Germaniae
871 1204 1049 1280 debitnm’)

133 1285 311 1346 subtrahere
322 1305 384 1347 non
405 1287 570 1350 debuerim.
604 1288 643 1346 lit
654 1287 702 1347 his
715 1307 764 1346 me
777 1288 1030 1350 serenissimae¹⁰

135 1369 288 1430 Maiesleti
335 1380 457 1430 vestrae
502 1370 833 1448 Donuinationibusque
883 1372 1029 1433 vestris¹¹

133 1451 338 1533 commendo,
371 1453 522 1512 humililer
554 1473 687 1534 rogans,
711 1474 750 1514 ne
772 1459 926 1534 patiantur
947 1456 1054 1516 studiis

133 1535 380 1597 adversariorum
395 1537 523 1596 mesine
537 1555 632 1599 eausa
646 1537 702 1598 elbi
717 1538 802 1597 reddi
816 1539 955 1602 invisum.
975 1540 1054 1602 Dixi.

216 1617 271 1679 His
295 1617 384 1680 dietis
407 1618 519 1680 Orator
550 1618 673 1700 Imperii
695 1621 925 1701 inerepabnndo
948 1623 1054 1683 similis

135 1701 223 1779 dixit,
247 1700 369 1787 eumn)
392 1705 453 1762 non
478 1703 515 1762 ad
539 1723 603 1762 rem
628 1705 840 1784 respondisse,
863 1725 921 1765 neo
943 1707 1056 1768 debere

133 1783 225 1863 iu'³)
258 1787 468 1864 qneestIonem
497 1789 619 1865 voeeri,
648 1804 727 1866 quae
756 1788 828 1848 olim
855 1789 884 1848 iu
909 1789 1054 1850 Consiliis

133 1876 238 1930 essent
260 1869 406 1930 damnate
427 1869 610 1949 etdelinite3
631 1869 703 1930 ideo
728 1872 766 1930 ab
784 1869 874 1954 00¹⁴)
897 1876 958 1952 peti
982 1875 1053 1933 sim·

133 1953 206 2033 plex
225 1960 256 2011 et
276 1971 338 2013 nnn
349 1951 395 2034 ¹⁵)
426 1959 586 2014 oounntum
608 1973 813 2035 responsum,
837 1957 884 2014 An
907 1957 981 2017 velit
1006 1976 1053 2017 rs·

133 2054 246 2096 vocare
260 2035 303 2117 ¹⁰)
327 2036 373 2096 vel
395 2036 485 2097 non?

217 2118 274 2179 Hie
295 2118 520 2197 Lutherus¹¹):
543 2119 674 2195 Quando
703 2141 778 2202 ergo
802 2122 1051 2202 serenissirne¹⁸J

132 2203 277 2263 Maiestas
312 2209 412 2262 vestra
446 2203 741 2282 Dominetionesque
773 2217 892 2267 vestrae
922 2208 1054 2287 simplex

133 2305 315 2366 responsum
346 2293 473 2365 petunt,
504 2287 584 2348 dabo
618 2288 709 2367 illud,
742 2308 843 2368 neque
881 2300 1053 2373 cornutum,
1170 2308 1174 2317 ·

133 2389 234 2449 neque
257 2368 431 2448 dentatum,
460 2371 491 2429 in
514 2370 594 2430 huno
617 2371 755 2432 modum:
794 2373 859 2432 Nisi
893 2376 1053 2435 convietus

132 2453 219 2512 luero
229 2454 651 2533 testimoniisSeripturarum‚
661 2463 714 2515 aut
732 2457 852 2515 ratione
866 2458 1052 2540 evidente¹⁹)

135 2543 225 2607 (nam
259 2554 359 2614 neque
387 2537 516 2616 Papae,
545 2556 645 2617 neque
669 2537 815 2598 Consiliis
845 2541 920 2600 solis
950 2542 1052 2616 oredo,

133 2639 202 2679 oum
227 2626 347 2679 constet
359 2618 475 2693 eos²⁰)
494 2639 613 2680 errasse
629 2623 762 2700 saepius,
781 2629 812 2682 et
823 2622 879 2683 sibi
893 2626 965 2703 ipsis
984 2644 1054 2684 con·
1095 2680 1099 2690 ,

133 2702 329 2786 tremuisse),
366 2705 463 2763 vietus
493 2723 560 2763 sum
588 2702 751 2784 seripturis
782 2724 800 2764 a
834 2726 882 2765 me
915 2707 1054 2767 edduetis

133 2795 286 2866 captaque
309 2793 357 2846 est
378 2786 618 2861 conscientian)
645 2788 675 2847 in
698 2788 799 2848 verbis
815 2789 884 2868 Dei,
908 2808 1054 2850 revocare

133 2888 234 2949 neque
256 2888 381 2948 possum
410 2889 510 2950 neque
533 2870 604 2931 volo
639 2872 820 2954 quidquem,
843 2893 911 2934 oum
947 2884 1055 2936 eontra

206 3149 234 3212 1)
255 3145 284 3198 In
310 3145 375 3200 edit.
400 3160 496 3214 seper:
521 3144 715 3214 locupletibus.
752 3147 782 3215 2)
812 3145 895 3203 lbid.:
922 3147 1054 3206 Varrone.

134 3218 162 3285 3)
184 3216 306 3272 Ibidem:
345 3234 415 3272 enm.
462 3219 494 3283 4)
521 3216 638 3272 ibidem:
672 3219 743 3272 enim
779 3227 830 3274 est.
883 3223 911 3288 b)
935 3221 1054 3277 Ibidem:
1135 3220 1136 3224 ’

132 3303 185 3343 sna
209 3288 320 3342 astutia.
352 3291 381 3357 6)
398 3287 481 3344 lbid.:
500 3290 598 3343 timore
614 3289 674 3344 Dei.
704 3291 732 3358 7)
745 3289 849 3345 Ibidem
861 3292 952 3347 deest:
972 3295 1055 3362 qnod.

133 3361 162 3429 8)
182 3359 300 3415 Ibidem:
326 3360 482 3416 monitione.
521 3363 552 3429 9)
575 3360 693 3415 Ibidem:
713 3361 832 3418 debitae.
870 3367 916 3423 101
935 3365 1054 3422 Ibidem:

133 3446 240 3486 escrae,
279 3435 324 3501 11)
344 3432 449 3487 Ibidem
468 3432 605 3487 additum:
625 3432 822 3490 illustrissimis.
850 3437 897 3493 12)
917 3436 1054 3494 lbidznue.

134 3502 304 3571 tn)1bidem
329 3504 420 3559 deest:
445 3505 481 3558 in.
525 3505 574 3574 11)
596 3504 717 3559 ibidem:
742 3521 828 3561 ame.
872 3508 917 3574 ib)
938 3508 1054 3564 Ibidem:

132 3575 264 3644 simplex,
296 3591 351 3630 non
370 3583 523 3630 eornntnm.
562 3577 608 3644 16)
632 3573 716 3631 lbid.:
750 3593 785 3632 an
808 3577 889 3632 veiim
913 3595 1054 3636 revocare.

134 3648 184 3716 11)
199 3645 318 3702 Ibidem=
338 3663 401 3718 ego.
428 3649 473 3714 18)
491 3648 757 3717 ibidemzyqnoniam
775 3647 843 3720 er'go
858 3652 1054 3707 sacratissima.

137 3722 183 3786 19)
211 3718 328 3774 ibidem:
353 3718 484 3775 evidenti.
531 3722 582 3784 20)
608 3719 726 3777 Ibidem:
752 3730 869 3779 contet
886 3731 914 3780 st
937 3739 1053 3783 errasse.

132 3792 179 3864 21)
199 3789 319 3847 ibidemz
345 3799 373 3849 et
391 3797 476 3863 eapte
494 3792 672 3851 eouseientu'e.
