2340 4162
117 1082 179 1177 De
223 1075 498 1211 captivitate
536 1078 804 1210 Babylonica
842 1034 1047 1215 ecclcsiae

190 1193 469 1290 Praeludmm
495 1193 543 1288 D.
572 1193 753 1289 Mantmr
780 1193 974 1291 Luthem.

527 1331 632 1416 1520.

198 1664 397 1730 Gravissimis
425 1666 547 1729 Lutheri
573 1670 695 1750 scriptis
722 1667 969 1730 adnumerandus
996 1670 1044 1728 'est

125 1750 261 1812 iiberde
292 1751 525 1832 captivitate
556 1751 796 1833 Babylonica
826 1752 1044 1830 ecclesiae,

122 1853 177 1914 quo
211 1840 323 1896 auctor
354 1836 519 1916 praecipue
548 1834 586 1895 de
616 1841 740 1911 natura,
760 1852 901 1913 ,numero
931 1840 962 1894 et
988 1853 1044 1894 usn

119 1918 386 1980 Sacramentorum
419 1919 481 2000 egit
513 1925 544 1978 et
571 1936 672 1997 pauca
699 1918 737 1978 ds
765 1919 831 1979 iure
860 1915 1043 1979 Pontificum

119 2002 293 2082 praemisit,
326 1999 435 2080 quibus
462 2020 500 2063 ea
530 2019 609 2080 quae
629 2001 751 2081 Lipsiae
779 2007 976 2062 concesserat
996 2021 1041 2062 re-

118 2092 228 2146 tractat
259 2090 290 2144 et
310 2085 460 2166 Papatnm
486 2103 614 2163 regnum
638 2083 804 2164 Babylonis
834 2085 899 2145 sive
919 2085 1041 2146 Nimro-

119 2168 218 2229 dicam
264 2170 459 2229 venationem
504 2187 572 2227 esse
609 2174 714 2248 aperte
755 2169 939 2248 pronunciat
986 2167 1042 2243 (cf.

118 2251 329 2312 Seokendorfii
361 2251 437 2314 Hist.
469 2251 572 2312 Luth.,
592 2249 616 2311 I.
644 2249 725 2312 Sect.
757 2253 806 2315 28.
838 2258 864 2325 §.
893 2253 943 2315 72.
971 2251 1042 2315 coll.

120 2341 146 2409 §-
178 2337 247 2400 102.
303 2333 441 2396 Gieseler
466 2333 779 2413 Kirchengeschichte
805 2335 840 2395 T.
868 2334 909 2394 111
939 2355 969 2416 p.
992 2338 1043 2399 54.

119 2416 182 2499 73).
226 2418 260 2478 In
283 2417 383 2478 lucem
410 2418 523 2498 prodiit
552 2416 601 2477 bic
628 2417 838 2478 liber-mense
860 2417 988 2479 Octobri
1015 2437 1043 2482 a.

121 2504 210 2576 1520,
234 2521 305 2561 uam
328 2503 416 2562 tertio
440 2501 489 2562 die
511 2501 576 2560 eius
598 2502 721 2576 mensis,
746 2501 858 2581 Vigilia
880 2501 1044 2579 Francisoi,

119 2584 267 2645 Lutherus
301 2584 461 2666 Spalatino
494 2584 627 2664 scripsit:
661 2584 770 2661 „Liber
798 2585 837 2643 de
867 2586 1046 2663 captivitate

120 2668 280 2728 Ecclesiae
307 2668 437 2728 sabbato
466 2667 561 2729 exibit
593 2671 624 2726 et
655 2668 693 2726 ad
726 2674 756 2728 te
784 2668 948 2744 mittetur“,
989 2666 1045 2739 (ci.

121 2751 206 2812 Luth.
237 2751 315 2831 Epp.
343 2751 390 2812 ed.
422 2751 461 2811 de
489 2751 592 2811 Wette
613 2749 643 2825 l,
679 2770 709 2830 p.
733 2753 803 2813 491.
826 2751 887 2812 492
922 2747 992 2809 coil.
1014 2768 1045 2828 p.

122 2836 211 2910 482),
235 2843 264 2893 et
283 2834 377 2915 paulo
398 2841 469 2920 post
490 2832 611 2915 publice
634 2839 681 2892 est
697 2831 877 2913 prohibitus,
899 2850 969 2890 nam
984 2833 1045 2892 iam

124 2917 172 2976 die
203 2919 351 2978 vicesimo
387 2919 501 2978 mensis
533 2915 675 2978 Octobris
712 2937 739 2977 a.
772 2918 851 2980 1520
883 2915 934 2974 iile
964 2914 1046 2974 Patri

124 3000 263 3062 Michaeli
284 3001 382 3079 Marx,
406 3000 537 3062 Celleus.
562 2999 754 3060 cisterciens.
767 2999 945 3074 Professori,
968 2997 1047 3059 hacc

124 3084 256 3164 aperuit:
280 3083 448 3162 „Libellum
472 3083 510 3144 dc
534 3084 772 3161 captivitate
794 3081 1047 3161 Babylonica

122 3166 307 3245 prohibitum
340 3186 408 3227 esse
442 3166 516 3227 nihil
551 3185 634 3227 curo.
696 3164 775 3240 Quid
815 3164 896 3224 istud
938 3163 1048 3223 referet

124 3269 201 3327 mea,
225 3251 250 3309 si
273 3269 381 3311 omncs
403 3248 657 3330 prohiberentur?
680 3248 761 3308 Nihil
776 3246 906 3308 scribam
929 3248 958 3306 in
982 3265 1047 3324 eos,

124 3334 173 3412 qui
196 3333 226 3393 vi
248 3339 423 3413 aguntum,
445 3335 477 3394 in
499 3331 590 3393 rudes
601 3332 671 3392 iilos
684 3330 906 3413 spermologos.
929 3328 1048 3392 Sufficit

124 3416 196 3476 mihi
218 3418 379 3478 veritatem
402 3417 561 3493 docuisse,
589 3415 760 3476 defendisse
782 3414 928 3474 adversus
952 3413 1048 3475 erudi·

125 3508 190 3578 tos,
224 3501 277 3580 qui
310 3501 369 3562 soli
393 3518 508 3562 nocere
533 3498 680 3579 ‘queantf‘
709 3497 765 3576 (cf.
787 3497 874 3559 Luth.
898 3497 976 3576 Epp.
999 3495 1047 3558 ed.

126 3582 163 3643 de
186 3583 291 3644 Wette
313 3585 340 3661 1,
371 3604 400 3666 p.
429 3585 520 3666 517).
564 3581 676 3658 Quanti
698 3600 770 3645 vero
793 3582 939 3641 momenti
960 3580 1049 3640 fuerit

125 3666 200 3728 illud
223 3669 371 3749 scriptum
395 3674 427 3731 et
447 3668 487 3731 ad
507 3665 747 3745 Pontificiorum,
767 3665 914 3746 imprimis
925 3662 1048 3726 Henrici
