<?xml version="1.0" encoding="UTF-8"?>
<!DOCTYPE html PUBLIC "-//W3C//DTD XHTML 1.0 Transitional//EN"
    "http://www.w3.org/TR/xhtml1/DTD/xhtml1-transitional.dtd">
<html xmlns="http://www.w3.org/1999/xhtml" xml:lang="en" lang="en">
 <head>
  <title>
</title>
<meta http-equiv="Content-Type" content="text/html;charset=utf-8" />
  <meta name='ocr-system' content='tesseract 3.04.00' />
  <meta name='ocr-capabilities' content='ocr_page ocr_carea ocr_par ocr_line ocrx_word'/>
</head>
<body>
  <div class='ocr_page' id='page_1' title='image "./dmartinilutheri03luthgoog_0481.png"; bbox 0 0 2392 4170; ppageno 0'>
   <div class='ocr_carea' id='block_1_1' title="bbox 137 245 775 314">
    <p class='ocr_par' dir='ltr' id='par_1_1' title="bbox 137 245 775 314">
     <span class='ocr_line' id='line_1_1' title="bbox 137 245 775 314; baseline -0.025 -4"><span class='ocrx_word' id='word_1_1' title='bbox 137 247 202 314; x_wconf 75' lang='grc'><strong>470</strong></span> <span class='ocrx_word' id='word_1_2' title='bbox 431 246 589 301; x_wconf 83' lang='lat' dir='ltr'><strong>Contutstio</strong></span> <span class='ocrx_word' id='word_1_3' title='bbox 608 245 775 296; x_wconf 74' lang='lat' dir='ltr'><strong>luthericus</strong></span> 
     </span>
    </p>
   </div>
   <div class='ocr_carea' id='block_1_2' title="bbox 53 401 1066 3816">
    <p class='ocr_par' dir='ltr' id='par_1_2' title="bbox 53 401 1066 2051">
     <span class='ocr_line' id='line_1_2' title="bbox 139 401 1060 482; baseline -0.003 -16"><span class='ocrx_word' id='word_1_4' title='bbox 139 407 231 466; x_wconf 85' lang='lat' dir='ltr'><strong>etium</strong></span> <span class='ocrx_word' id='word_1_5' title='bbox 254 405 444 482; x_wconf 73' lang='lat' dir='ltr'><strong>Augustinus</strong></span> <span class='ocrx_word' id='word_1_6' title='bbox 472 405 498 463; x_wconf 85' lang='lat' dir='ltr'><strong>l.</strong></span> <span class='ocrx_word' id='word_1_7' title='bbox 522 404 624 464; x_wconf 85' lang='lat' dir='ltr'><strong>Retrs.</strong></span> <span class='ocrx_word' id='word_1_8' title='bbox 647 407 696 469; x_wconf 84' lang='grc'><strong>19.</strong></span> <span class='ocrx_word' id='word_1_9' title='bbox 719 402 807 476; x_wconf 84' lang='lat' dir='ltr'><strong>dicit,</strong></span> <span class='ocrx_word' id='word_1_10' title='bbox 834 401 885 462; x_wconf 85' lang='lat' dir='ltr'><strong>nbi</strong></span> <span class='ocrx_word' id='word_1_11' title='bbox 914 401 1060 479; x_wconf 75' lang='lat' dir='ltr'><strong>disputet,</strong></span> 
     </span>
     <span class='ocr_line' id='line_1_3' title="bbox 143 487 1061 567; baseline -0.002 -17"><span class='ocrx_word' id='word_1_12' title='bbox 143 491 190 550; x_wconf 83' lang='lat' dir='ltr'><strong>An</strong></span> <span class='ocrx_word' id='word_1_13' title='bbox 214 488 360 550; x_wconf 87' lang='lat' dir='ltr'><strong>mandata</strong></span> <span class='ocrx_word' id='word_1_14' title='bbox 379 488 436 548; x_wconf 88' lang='lat' dir='ltr'><strong>Dei</strong></span> <span class='ocrx_word' id='word_1_15' title='bbox 460 487 645 567; x_wconf 76' lang='lat' dir='ltr'><strong>impleantur</strong></span> <span class='ocrx_word' id='word_1_16' title='bbox 663 490 694 547; x_wconf 93' lang='lat' dir='ltr'><strong>iu</strong></span> <span class='ocrx_word' id='word_1_17' title='bbox 716 489 776 548; x_wconf 86' lang='lat' dir='ltr'><strong>hac</strong></span> <span class='ocrx_word' id='word_1_18' title='bbox 792 489 865 563; x_wconf 87' lang='lat' dir='ltr'><strong>vita,</strong></span> <span class='ocrx_word' id='word_1_19' title='bbox 887 487 1061 548; x_wconf 82' lang='lat' dir='ltr'><strong>concludit:</strong></span> 
     </span>
     <span class='ocr_line' id='line_1_4' title="bbox 140 569 1062 651; baseline -0.004 -17"><span class='ocrx_word' id='word_1_20' title='bbox 140 573 253 634; x_wconf 87' lang='lat' dir='ltr'><strong>Omnia</strong></span> <span class='ocrx_word' id='word_1_21' title='bbox 283 571 429 632; x_wconf 88' lang='lat' dir='ltr'><strong>mandata</strong></span> <span class='ocrx_word' id='word_1_22' title='bbox 450 571 508 630; x_wconf 88' lang='lat' dir='ltr'><strong>Dei</strong></span> <span class='ocrx_word' id='word_1_23' title='bbox 539 573 720 651; x_wconf 78' lang='lat' dir='ltr'><strong>implentur,</strong></span> <span class='ocrx_word' id='word_1_24' title='bbox 755 571 880 651; x_wconf 85' lang='lat' dir='ltr'><strong>quando</strong></span> <span class='ocrx_word' id='word_1_25' title='bbox 913 569 1062 651; x_wconf 82' lang='lat' dir='ltr'><strong>quidquid</strong></span> 
     </span>
     <span class='ocr_line' id='line_1_5' title="bbox 139 655 1061 736; baseline -0.003 -20"><span class='ocrx_word' id='word_1_26' title='bbox 139 674 201 716; x_wconf 87' lang='lat' dir='ltr'><strong>uon</strong></span> <span class='ocrx_word' id='word_1_27' title='bbox 224 655 258 716; x_wconf 83' lang='lat' dir='ltr'><strong>iit</strong></span> <span class='ocrx_word' id='word_1_28' title='bbox 278 657 456 736; x_wconf 78' lang='lat' dir='ltr'><strong>ignoscitur.</strong></span> <span class='ocrx_word' id='word_1_29' title='bbox 500 656 611 717; x_wconf 80' lang='lat' dir='ltr'><strong>Nonne</strong></span> <span class='ocrx_word' id='word_1_30' title='bbox 626 657 677 717; x_wconf 90' lang='lat' dir='ltr'><strong>hic</strong></span> <span class='ocrx_word' id='word_1_31' title='bbox 702 657 785 718; x_wconf 87' lang='lat' dir='ltr'><strong>clare</strong></span> <span class='ocrx_word' id='word_1_32' title='bbox 798 656 881 732; x_wconf 83' lang='lat' dir='ltr'><strong>dicit,</strong></span> <span class='ocrx_word' id='word_1_33' title='bbox 902 674 964 716; x_wconf 90' lang='lat' dir='ltr'><strong>non</strong></span> <span class='ocrx_word' id='word_1_34' title='bbox 988 673 1061 734; x_wconf 89' lang='lat' dir='ltr'><strong>ope-</strong></span> 
     </span>
     <span class='ocr_line' id='line_1_6' title="bbox 139 739 1062 819; baseline -0.003 -19"><span class='ocrx_word' id='word_1_35' title='bbox 139 739 223 800; x_wconf 87' lang='lat' dir='ltr'><strong>ribus</strong></span> <span class='ocrx_word' id='word_1_36' title='bbox 245 739 348 815; x_wconf 84' lang='lat' dir='ltr'><strong>lactis,</strong></span> <span class='ocrx_word' id='word_1_37' title='bbox 371 739 425 798; x_wconf 88' lang='lat' dir='ltr'><strong>sed</strong></span> <span class='ocrx_word' id='word_1_38' title='bbox 447 740 658 801; x_wconf 80' lang='lat' dir='ltr'><strong>misericordia</strong></span> <span class='ocrx_word' id='word_1_39' title='bbox 678 742 860 819; x_wconf 71' lang='lat' dir='ltr'><strong>ignoscente</strong></span> <span class='ocrx_word' id='word_1_40' title='bbox 888 739 946 799; x_wconf 89' lang='lat' dir='ltr'><strong>Dei</strong></span> <span class='ocrx_word' id='word_1_41' title='bbox 978 754 1062 798; x_wconf 81' lang='lat' dir='ltr'><strong>mun·</strong></span> 
     </span>
     <span class='ocr_line' id='line_1_7' title="bbox 142 820 1064 907; baseline 0 -26"><span class='ocrx_word' id='word_1_42' title='bbox 142 820 214 882; x_wconf 80' lang='lat' dir='ltr'><strong>duta</strong></span> <span class='ocrx_word' id='word_1_43' title='bbox 237 823 383 907; x_wconf 89' lang='lat' dir='ltr'><strong>impleri?</strong></span> <span class='ocrx_word' id='word_1_44' title='bbox 405 822 484 898; x_wconf 81' lang='lat' dir='ltr'><strong>Quid</strong></span> <span class='ocrx_word' id='word_1_45' title='bbox 508 831 609 884; x_wconf 88' lang='lat' dir='ltr'><strong>autem</strong></span> <span class='ocrx_word' id='word_1_46' title='bbox 635 820 1064 903; x_wconf 80' lang='lat' dir='ltr'><strong>ignosciturnisipeccatum‘?</strong></span> 
     </span>
     <span class='ocr_line' id='line_1_8' title="bbox 141 905 1063 985; baseline -0.005 -16"><span class='ocrx_word' id='word_1_47' title='bbox 141 906 245 969; x_wconf 80' lang='lat' dir='ltr'><strong>Olarct</strong></span> <span class='ocrx_word' id='word_1_48' title='bbox 272 926 347 984; x_wconf 82' lang='lat' dir='ltr'><strong>ergo</strong></span> <span class='ocrx_word' id='word_1_49' title='bbox 383 908 413 966; x_wconf 91' lang='lat' dir='ltr'><strong>iu</strong></span> <span class='ocrx_word' id='word_1_50' title='bbox 443 908 533 966; x_wconf 84' lang='lat' dir='ltr'><strong>meris</strong></span> <span class='ocrx_word' id='word_1_51' title='bbox 569 908 686 968; x_wconf 79' lang='lat' dir='ltr'><strong>cavillis</strong></span> <span class='ocrx_word' id='word_1_52' title='bbox 715 907 877 967; x_wconf 85' lang='lat' dir='ltr'><strong>verborum</strong></span> <span class='ocrx_word' id='word_1_53' title='bbox 900 905 1063 985; x_wconf 81' lang='lat' dir='ltr'><strong>Sophiatus</strong></span> 
     </span>
     <span class='ocr_line' id='line_1_9' title="bbox 139 990 1063 1070; baseline -0.002 -20"><span class='ocrx_word' id='word_1_54' title='bbox 139 990 281 1061; x_wconf 88' lang='lat' dir='ltr'><strong>haerere,</strong></span> <span class='ocrx_word' id='word_1_55' title='bbox 304 990 376 1050; x_wconf 90' lang='lat' dir='ltr'><strong>dum</strong></span> <span class='ocrx_word' id='word_1_56' title='bbox 399 998 514 1069; x_wconf 89' lang='lat' dir='ltr'><strong>negant</strong></span> <span class='ocrx_word' id='word_1_57' title='bbox 533 998 694 1070; x_wconf 83' lang='lat' dir='ltr'><strong>peccatum</strong></span> <span class='ocrx_word' id='word_1_58' title='bbox 717 1009 802 1060; x_wconf 83' lang='lat' dir='ltr'><strong>esse,</strong></span> <span class='ocrx_word' id='word_1_59' title='bbox 832 995 989 1049; x_wconf 80' lang='lat' dir='ltr'><strong>ettamen</strong></span> <span class='ocrx_word' id='word_1_60' title='bbox 1011 1006 1063 1064; x_wconf 81' lang='lat' dir='ltr'><strong>up·</strong></span> 
     </span>
     <span class='ocr_line' id='line_1_10' title="bbox 140 1070 1065 1154; baseline -0.004 -20"><span class='ocrx_word' id='word_1_61' title='bbox 140 1072 248 1153; x_wconf 75' lang='lat' dir='ltr'><strong>pellani</strong></span> <span class='ocrx_word' id='word_1_62' title='bbox 271 1095 289 1134; x_wconf 86' lang='lat' dir='ltr'><strong>a</strong></span> <span class='ocrx_word' id='word_1_63' title='bbox 311 1073 408 1150; x_wconf 84' lang='lat' dir='ltr'><strong>Paulo</strong></span> <span class='ocrx_word' id='word_1_64' title='bbox 429 1081 591 1154; x_wconf 79' lang='lat' dir='ltr'><strong>peccatum</strong></span> <span class='ocrx_word' id='word_1_65' title='bbox 615 1074 805 1144; x_wconf 87' lang='lat' dir='ltr'><strong>concedunt,</strong></span> <span class='ocrx_word' id='word_1_66' title='bbox 835 1079 868 1132; x_wconf 92' lang='lat' dir='ltr'><strong>ut</strong></span> <span class='ocrx_word' id='word_1_67' title='bbox 896 1073 999 1153; x_wconf 90' lang='lat' dir='ltr'><strong>possis</strong></span> <span class='ocrx_word' id='word_1_68' title='bbox 1022 1070 1065 1130; x_wconf 90' lang='lat' dir='ltr'><strong>di·</strong></span> 
     </span>
     <span class='ocr_line' id='line_1_11' title="bbox 143 1157 1064 1236; baseline -0.001 -19"><span class='ocrx_word' id='word_1_69' title='bbox 143 1157 391 1217; x_wconf 86' lang='lat' dir='ltr'><strong>ceresecundum</strong></span> <span class='ocrx_word' id='word_1_70' title='bbox 415 1177 485 1218; x_wconf 89' lang='lat' dir='ltr'><strong>eos:</strong></span> <span class='ocrx_word' id='word_1_71' title='bbox 507 1157 720 1236; x_wconf 81' lang='lat' dir='ltr'><strong>Opnebonum</strong></span> <span class='ocrx_word' id='word_1_72' title='bbox 745 1177 806 1217; x_wconf 90' lang='lat' dir='ltr'><strong>non</strong></span> <span class='ocrx_word' id='word_1_73' title='bbox 830 1161 1064 1230; x_wconf 69' lang='lat' dir='ltr'><strong>accusasatum,</strong></span> 
     </span>
     <span class='ocr_line' id='line_1_12' title="bbox 142 1239 1064 1318; baseline -0.003 -18"><span class='ocrx_word' id='word_1_74' title='bbox 142 1246 311 1301; x_wconf 84' lang='lat' dir='ltr'><strong>esttamen</strong></span> <span class='ocrx_word' id='word_1_75' title='bbox 334 1240 419 1315; x_wconf 90' lang='lat' dir='ltr'><strong>illud,</strong></span> <span class='ocrx_word' id='word_1_76' title='bbox 442 1241 523 1316; x_wconf 83' lang='lat' dir='ltr'><strong>quod</strong></span> <span class='ocrx_word' id='word_1_77' title='bbox 549 1241 658 1301; x_wconf 87' lang='lat' dir='ltr'><strong>dicitur</strong></span> <span class='ocrx_word' id='word_1_78' title='bbox 679 1249 852 1318; x_wconf 85' lang='lat' dir='ltr'><strong>peccatum.</strong></span> <span class='ocrx_word' id='word_1_79' title='bbox 874 1239 958 1300; x_wconf 82' lang='lat' dir='ltr'><strong>Sicut</strong></span> <span class='ocrx_word' id='word_1_80' title='bbox 971 1254 1064 1317; x_wconf 82' lang='lat' dir='ltr'><strong>supru</strong></span> 
     </span>
     <span class='ocr_line' id='line_1_13' title="bbox 139 1318 1065 1404; baseline -0.004 -20"><span class='ocrx_word' id='word_1_81' title='bbox 139 1324 179 1384; x_wconf 89' lang='lat' dir='ltr'><strong>de</strong></span> <span class='ocrx_word' id='word_1_82' title='bbox 200 1323 397 1404; x_wconf 86' lang='lat' dir='ltr'><strong>impossibili:</strong></span> <span class='ocrx_word' id='word_1_83' title='bbox 428 1324 606 1385; x_wconf 80' lang='lat' dir='ltr'><strong>Mandatum</strong></span> <span class='ocrx_word' id='word_1_84' title='bbox 629 1326 687 1385; x_wconf 88' lang='lat' dir='ltr'><strong>Dei</strong></span> <span class='ocrx_word' id='word_1_85' title='bbox 709 1344 770 1384; x_wconf 93' lang='lat' dir='ltr'><strong>non</strong></span> <span class='ocrx_word' id='word_1_86' title='bbox 794 1331 842 1384; x_wconf 86' lang='lat' dir='ltr'><strong>est</strong></span> <span class='ocrx_word' id='word_1_87' title='bbox 861 1318 1065 1402; x_wconf 80' lang='lat' dir='ltr'><strong>impossibile,</strong></span> 
     </span>
     <span class='ocr_line' id='line_1_14' title="bbox 142 1405 1063 1486; baseline -0.003 -19"><span class='ocrx_word' id='word_1_88' title='bbox 142 1407 390 1486; x_wconf 86' lang='lat' dir='ltr'><strong>esttamenquod</strong></span> <span class='ocrx_word' id='word_1_89' title='bbox 401 1407 511 1468; x_wconf 88' lang='lat' dir='ltr'><strong>dicitur</strong></span> <span class='ocrx_word' id='word_1_90' title='bbox 523 1408 730 1486; x_wconf 72' lang='lat' dir='ltr'><strong>impossibile,</strong></span> <span class='ocrx_word' id='word_1_91' title='bbox 747 1408 834 1486; x_wconf 84' lang='lat' dir='ltr'><strong>qnasi</strong></span> <span class='ocrx_word' id='word_1_92' title='bbox 847 1405 1063 1466; x_wconf 87' lang='lat' dir='ltr'><strong>Demodocunr</strong></span> 
     </span>
     <span class='ocr_line' id='line_1_15' title="bbox 141 1488 1066 1570; baseline -0.004 -19"><span class='ocrx_word' id='word_1_93' title='bbox 141 1489 427 1570; x_wconf 85' lang='lat' dir='ltr'><strong>apndAristolelem</strong></span> <span class='ocrx_word' id='word_1_94' title='bbox 442 1491 615 1561; x_wconf 78' lang='lat' dir='ltr'><strong>aemuleris,</strong></span> <span class='ocrx_word' id='word_1_95' title='bbox 638 1499 667 1552; x_wconf 90' lang='lat' dir='ltr'><strong>et</strong></span> <span class='ocrx_word' id='word_1_96' title='bbox 679 1492 779 1551; x_wconf 87' lang='lat' dir='ltr'><strong>dicas:</strong></span> <span class='ocrx_word' id='word_1_97' title='bbox 795 1489 1005 1549; x_wconf 86' lang='lat' dir='ltr'><strong>Lovnuienses</strong></span> <span class='ocrx_word' id='word_1_98' title='bbox 1021 1488 1066 1547; x_wconf 85' lang='lat' dir='ltr'><strong>in·</strong></span> 
     </span>
     <span class='ocr_line' id='line_1_16' title="bbox 141 1570 1065 1653; baseline -0.004 -19"><span class='ocrx_word' id='word_1_99' title='bbox 141 1573 287 1653; x_wconf 88' lang='lat' dir='ltr'><strong>sipientes</strong></span> <span class='ocrx_word' id='word_1_100' title='bbox 302 1574 423 1652; x_wconf 85' lang='lat' dir='ltr'><strong>quidem</strong></span> <span class='ocrx_word' id='word_1_101' title='bbox 447 1582 601 1643; x_wconf 84' lang='lat' dir='ltr'><strong>nunaunt,</strong></span> <span class='ocrx_word' id='word_1_102' title='bbox 616 1575 731 1634; x_wconf 85' lang='lat' dir='ltr'><strong>iaciunt</strong></span> <span class='ocrx_word' id='word_1_103' title='bbox 745 1581 846 1634; x_wconf 88' lang='lat' dir='ltr'><strong>tamen</strong></span> <span class='ocrx_word' id='word_1_104' title='bbox 860 1592 908 1645; x_wconf 82' lang='lat' dir='ltr'><strong>eu,</strong></span> <span class='ocrx_word' id='word_1_105' title='bbox 932 1590 1013 1649; x_wconf 83' lang='lat' dir='ltr'><strong>quae</strong></span> <span class='ocrx_word' id='word_1_106' title='bbox 1023 1570 1065 1630; x_wconf 76' lang='lat' dir='ltr'><strong>tu-</strong></span> 
     </span>
     <span class='ocr_line' id='line_1_17' title="bbox 142 1655 1065 1738; baseline -0.004 -21"><span class='ocrx_word' id='word_1_107' title='bbox 142 1657 227 1717; x_wconf 89' lang='lat' dir='ltr'><strong>ciunt</strong></span> <span class='ocrx_word' id='word_1_108' title='bbox 235 1658 424 1738; x_wconf 88' lang='lat' dir='ltr'><strong>insipientes,</strong></span> <span class='ocrx_word' id='word_1_109' title='bbox 452 1658 584 1732; x_wconf 87' lang='lat' dir='ltr'><strong>scilicet,</strong></span> <span class='ocrx_word' id='word_1_110' title='bbox 606 1664 707 1719; x_wconf 88' lang='lat' dir='ltr'><strong>tantas</strong></span> <span class='ocrx_word' id='word_1_111' title='bbox 729 1655 904 1735; x_wconf 82' lang='lat' dir='ltr'><strong>tragoedias</strong></span> <span class='ocrx_word' id='word_1_112' title='bbox 927 1659 1065 1727; x_wconf 87' lang='lat' dir='ltr'><strong>movent,</strong></span> 
     </span>
     <span class='ocr_line' id='line_1_18' title="bbox 53 1735 1063 1821; baseline -0.005 -20"><span class='ocrx_word' id='word_1_113' title='bbox 53 1735 56 1740; x_wconf 67' lang='grc'>’</span> <span class='ocrx_word' id='word_1_114' title='bbox 141 1744 258 1801; x_wconf 89' lang='lat' dir='ltr'><strong>tantum</strong></span> <span class='ocrx_word' id='word_1_115' title='bbox 280 1760 320 1801; x_wconf 90' lang='lat' dir='ltr'><strong>ue</strong></span> <span class='ocrx_word' id='word_1_116' title='bbox 340 1759 435 1801; x_wconf 88' lang='lat' dir='ltr'><strong>voces</strong></span> <span class='ocrx_word' id='word_1_117' title='bbox 456 1743 545 1817; x_wconf 89' lang='lat' dir='ltr'><strong>istas,</strong></span> <span class='ocrx_word' id='word_1_118' title='bbox 567 1747 728 1821; x_wconf 84' lang='lat' dir='ltr'><strong>peccatum</strong></span> <span class='ocrx_word' id='word_1_119' title='bbox 752 1746 783 1801; x_wconf 89' lang='lat' dir='ltr'><strong>et</strong></span> <span class='ocrx_word' id='word_1_120' title='bbox 805 1737 1011 1818; x_wconf 88' lang='lat' dir='ltr'><strong>impossibile,</strong></span> <span class='ocrx_word' id='word_1_121' title='bbox 1032 1739 1063 1796; x_wconf 91' lang='lat' dir='ltr'><strong>iu</strong></span> 
     </span>
     <span class='ocr_line' id='line_1_19' title="bbox 143 1819 1063 1904; baseline -0.005 -20"><span class='ocrx_word' id='word_1_122' title='bbox 143 1822 267 1904; x_wconf 90' lang='lat' dir='ltr'><strong>publico</strong></span> <span class='ocrx_word' id='word_1_123' title='bbox 290 1824 391 1883; x_wconf 91' lang='lat' dir='ltr'><strong>sinant</strong></span> <span class='ocrx_word' id='word_1_124' title='bbox 412 1824 475 1886; x_wconf 91' lang='lat' dir='ltr'><strong>ullo</strong></span> <span class='ocrx_word' id='word_1_125' title='bbox 499 1843 590 1884; x_wconf 88' lang='lat' dir='ltr'><strong>sensu</strong></span> <span class='ocrx_word' id='word_1_126' title='bbox 614 1825 733 1897; x_wconf 85' lang='lat' dir='ltr'><strong>valere,</strong></span> <span class='ocrx_word' id='word_1_127' title='bbox 762 1823 845 1883; x_wconf 88' lang='lat' dir='ltr'><strong>nulla</strong></span> <span class='ocrx_word' id='word_1_128' title='bbox 868 1821 975 1900; x_wconf 88' lang='lat' dir='ltr'><strong>culpa,</strong></span> <span class='ocrx_word' id='word_1_129' title='bbox 1006 1819 1063 1880; x_wconf 91' lang='lat' dir='ltr'><strong>uisi</strong></span> 
     </span>
     <span class='ocr_line' id='line_1_20' title="bbox 143 1904 1065 1986; baseline -0.004 -19"><span class='ocrx_word' id='word_1_130' title='bbox 143 1907 214 1985; x_wconf 77' lang='lat' dir='ltr'><strong>quia</strong></span> <span class='ocrx_word' id='word_1_131' title='bbox 237 1907 460 1968; x_wconf 85' lang='lat' dir='ltr'><strong>contradictum</strong></span> <span class='ocrx_word' id='word_1_132' title='bbox 483 1914 530 1966; x_wconf 91' lang='lat' dir='ltr'><strong>est</strong></span> <span class='ocrx_word' id='word_1_133' title='bbox 553 1907 592 1967; x_wconf 88' lang='lat' dir='ltr'><strong>ab</strong></span> <span class='ocrx_word' id='word_1_134' title='bbox 615 1909 674 1981; x_wconf 85' lang='lat' dir='ltr'><strong>eia,</strong></span> <span class='ocrx_word' id='word_1_135' title='bbox 701 1927 741 1967; x_wconf 92' lang='lat' dir='ltr'><strong>ne</strong></span> <span class='ocrx_word' id='word_1_136' title='bbox 761 1905 898 1986; x_wconf 79' lang='lat' dir='ltr'><strong>Magistri</strong></span> <span class='ocrx_word' id='word_1_137' title='bbox 926 1904 1024 1964; x_wconf 88' lang='lat' dir='ltr'><strong>nostri</strong></span> <span class='ocrx_word' id='word_1_138' title='bbox 1045 1922 1065 1963; x_wconf 86' lang='lat' dir='ltr'><strong>u</strong></span> 
     </span>
     <span class='ocr_line' id='line_1_21' title="bbox 143 1990 525 2051; baseline 0.008 -4"><span class='ocrx_word' id='word_1_139' title='bbox 143 1990 270 2050; x_wconf 88' lang='lat' dir='ltr'><strong>veritate</strong></span> <span class='ocrx_word' id='word_1_140' title='bbox 291 1990 525 2051; x_wconf 81' lang='lat' dir='ltr'><strong>confundantur.</strong></span> 
     </span>
    </p>

    <p class='ocr_par' dir='ltr' id='par_1_3' title="bbox 140 2071 1064 3816">
     <span class='ocr_line' id='line_1_22' title="bbox 224 2071 1063 2152; baseline -0.005 -20"><span class='ocrx_word' id='word_1_141' title='bbox 224 2072 265 2132; x_wconf 79' lang='lat' dir='ltr'><strong>Et</strong></span> <span class='ocrx_word' id='word_1_142' title='bbox 287 2075 359 2150; x_wconf 83' lang='lat' dir='ltr'><strong>quia</strong></span> <span class='ocrx_word' id='word_1_143' title='bbox 381 2073 431 2134; x_wconf 89' lang='lat' dir='ltr'><strong>hic</strong></span> <span class='ocrx_word' id='word_1_144' title='bbox 453 2073 491 2132; x_wconf 89' lang='lat' dir='ltr'><strong>de</strong></span> <span class='ocrx_word' id='word_1_145' title='bbox 513 2079 643 2152; x_wconf 86' lang='lat' dir='ltr'><strong>peccato</strong></span> <span class='ocrx_word' id='word_1_146' title='bbox 667 2072 816 2145; x_wconf 85' lang='lat' dir='ltr'><strong>diximus,</strong></span> <span class='ocrx_word' id='word_1_147' title='bbox 838 2071 1063 2150; x_wconf 87' lang='lat' dir='ltr'><strong>praemonitum</strong></span> 
     </span>
     <span class='ocr_line' id='line_1_23' title="bbox 143 2152 1064 2234; baseline -0.004 -20"><span class='ocrx_word' id='word_1_148' title='bbox 143 2156 214 2216; x_wconf 90' lang='lat' dir='ltr'><strong>volo</strong></span> <span class='ocrx_word' id='word_1_149' title='bbox 236 2155 393 2231; x_wconf 90' lang='lat' dir='ltr'><strong>lectorem,</strong></span> <span class='ocrx_word' id='word_1_150' title='bbox 415 2163 448 2215; x_wconf 91' lang='lat' dir='ltr'><strong>ut</strong></span> <span class='ocrx_word' id='word_1_151' title='bbox 469 2155 596 2232; x_wconf 88' lang='lat' dir='ltr'><strong>habeat,</strong></span> <span class='ocrx_word' id='word_1_152' title='bbox 620 2156 702 2234; x_wconf 84' lang='lat' dir='ltr'><strong>quod</strong></span> <span class='ocrx_word' id='word_1_153' title='bbox 723 2155 855 2215; x_wconf 89' lang='lat' dir='ltr'><strong>breviter</strong></span> <span class='ocrx_word' id='word_1_154' title='bbox 882 2152 1025 2214; x_wconf 91' lang='lat' dir='ltr'><strong>omnibus</strong></span> <span class='ocrx_word' id='word_1_155' title='bbox 1047 2171 1064 2210; x_wconf 86' lang='lat' dir='ltr'><strong>u</strong></span> 
     </span>
     <span class='ocr_line' id='line_1_24' title="bbox 142 2235 1063 2320; baseline -0.004 -22"><span class='ocrx_word' id='word_1_156' title='bbox 142 2239 271 2300; x_wconf 86' lang='lat' dir='ltr'><strong>Latomo</strong></span> <span class='ocrx_word' id='word_1_157' title='bbox 292 2238 425 2298; x_wconf 90' lang='lat' dir='ltr'><strong>inductis</strong></span> <span class='ocrx_word' id='word_1_158' title='bbox 446 2240 640 2320; x_wconf 76' lang='lat' dir='ltr'><strong>respondeat.</strong></span> <span class='ocrx_word' id='word_1_159' title='bbox 686 2238 824 2299; x_wconf 87' lang='lat' dir='ltr'><strong>Observa</strong></span> <span class='ocrx_word' id='word_1_160' title='bbox 845 2239 988 2317; x_wconf 89' lang='lat' dir='ltr'><strong>primum,</strong></span> <span class='ocrx_word' id='word_1_161' title='bbox 1010 2235 1063 2294; x_wconf 83' lang='lat' dir='ltr'><strong>La·</strong></span> 
     </span>
     <span class='ocr_line' id='line_1_25' title="bbox 142 2322 1064 2401; baseline -0.002 -21"><span class='ocrx_word' id='word_1_162' title='bbox 142 2329 243 2382; x_wconf 88' lang='lat' dir='ltr'><strong>tomus</strong></span> <span class='ocrx_word' id='word_1_163' title='bbox 270 2322 385 2381; x_wconf 87' lang='lat' dir='ltr'><strong>incedit</strong></span> <span class='ocrx_word' id='word_1_164' title='bbox 412 2343 466 2401; x_wconf 90' lang='lat' dir='ltr'><strong>per</strong></span> <span class='ocrx_word' id='word_1_165' title='bbox 495 2324 613 2394; x_wconf 87' lang='lat' dir='ltr'><strong>omnia,</strong></span> <span class='ocrx_word' id='word_1_166' title='bbox 653 2325 741 2401; x_wconf 89' lang='lat' dir='ltr'><strong>quasi</strong></span> <span class='ocrx_word' id='word_1_167' title='bbox 774 2327 936 2401; x_wconf 85' lang='lat' dir='ltr'><strong>peceatum</strong></span> <span class='ocrx_word' id='word_1_168' title='bbox 966 2339 984 2378; x_wconf 86' lang='lat' dir='ltr'><strong>a</strong></span> <span class='ocrx_word' id='word_1_169' title='bbox 1016 2334 1064 2378; x_wconf 86' lang='lat' dir='ltr'><strong>me</strong></span> 
     </span>
     <span class='ocr_line' id='line_1_26' title="bbox 143 2403 1064 2482; baseline -0.005 -17"><span class='ocrx_word' id='word_1_170' title='bbox 143 2410 292 2465; x_wconf 87' lang='lat' dir='ltr'><strong>assertum</strong></span> <span class='ocrx_word' id='word_1_171' title='bbox 315 2405 390 2464; x_wconf 89' lang='lat' dir='ltr'><strong>nihil</strong></span> <span class='ocrx_word' id='word_1_172' title='bbox 413 2408 460 2482; x_wconf 85' lang='lat' dir='ltr'><strong>sil,</strong></span> <span class='ocrx_word' id='word_1_173' title='bbox 485 2412 514 2466; x_wconf 85' lang='lat' dir='ltr'><strong>et</strong></span> <span class='ocrx_word' id='word_1_174' title='bbox 528 2405 705 2465; x_wconf 90' lang='lat' dir='ltr'><strong>iamdudum</strong></span> <span class='ocrx_word' id='word_1_175' title='bbox 720 2403 948 2481; x_wconf 89' lang='lat' dir='ltr'><strong>triumphatum,</strong></span> <span class='ocrx_word' id='word_1_176' title='bbox 971 2408 1064 2462; x_wconf 87' lang='lat' dir='ltr'><strong>utest</strong></span> 
     </span>
     <span class='ocr_line' id='line_1_27' title="bbox 143 2486 1063 2565; baseline -0.003 -19"><span class='ocrx_word' id='word_1_177' title='bbox 143 2506 209 2547; x_wconf 89' lang='lat' dir='ltr'><strong>mos</strong></span> <span class='ocrx_word' id='word_1_178' title='bbox 224 2486 435 2565; x_wconf 67' lang='lat' dir='ltr'><strong>sophistarum</strong></span> <span class='ocrx_word' id='word_1_179' title='bbox 454 2496 524 2550; x_wconf 89' lang='lat' dir='ltr'><strong>ante</strong></span> <span class='ocrx_word' id='word_1_180' title='bbox 546 2490 704 2548; x_wconf 86' lang='lat' dir='ltr'><strong>victoriam</strong></span> <span class='ocrx_word' id='word_1_181' title='bbox 728 2487 883 2548; x_wconf 85' lang='lat' dir='ltr'><strong>exsultare</strong></span> <span class='ocrx_word' id='word_1_182' title='bbox 905 2492 936 2547; x_wconf 91' lang='lat' dir='ltr'><strong>et</strong></span> <span class='ocrx_word' id='word_1_183' title='bbox 958 2490 1063 2564; x_wconf 85' lang='lat' dir='ltr'><strong>petere</strong></span> 
     </span>
     <span class='ocr_line' id='line_1_28' title="bbox 143 2568 1064 2652; baseline -0.007 -20"><span class='ocrx_word' id='word_1_184' title='bbox 143 2571 325 2652; x_wconf 88' lang='lat' dir='ltr'><strong>principium</strong></span> <span class='ocrx_word' id='word_1_185' title='bbox 354 2573 559 2634; x_wconf 87' lang='lat' dir='ltr'><strong>vitiosissime.</strong></span> <span class='ocrx_word' id='word_1_186' title='bbox 603 2571 676 2631; x_wconf 93' lang='lat' dir='ltr'><strong>Ideo</strong></span> <span class='ocrx_word' id='word_1_187' title='bbox 711 2570 856 2650; x_wconf 84' lang='lat' dir='ltr'><strong>quidquid</strong></span> <span class='ocrx_word' id='word_1_188' title='bbox 887 2568 1064 2647; x_wconf 78' lang='lat' dir='ltr'><strong>Scripturas</strong></span> 
     </span>
     <span class='ocr_line' id='line_1_29' title="bbox 143 2654 1063 2736; baseline -0.004 -23"><span class='ocrx_word' id='word_1_189' title='bbox 143 2654 190 2714; x_wconf 88' lang='lat' dir='ltr'><strong>vel</strong></span> <span class='ocrx_word' id='word_1_190' title='bbox 213 2654 335 2715; x_wconf 82' lang='lat' dir='ltr'><strong>Petrum</strong></span> <span class='ocrx_word' id='word_1_191' title='bbox 358 2661 460 2736; x_wconf 88' lang='lat' dir='ltr'><strong>potest</strong></span> <span class='ocrx_word' id='word_1_192' title='bbox 482 2655 660 2730; x_wconf 86' lang='lat' dir='ltr'><strong>corradere,</strong></span> <span class='ocrx_word' id='word_1_193' title='bbox 682 2656 713 2713; x_wconf 91' lang='lat' dir='ltr'><strong>in</strong></span> <span class='ocrx_word' id='word_1_194' title='bbox 737 2674 798 2733; x_wconf 85' lang='lat' dir='ltr'><strong>quo</strong></span> <span class='ocrx_word' id='word_1_195' title='bbox 821 2657 973 2732; x_wconf 87' lang='lat' dir='ltr'><strong>negantur</strong></span> <span class='ocrx_word' id='word_1_196' title='bbox 994 2669 1063 2730; x_wconf 90' lang='lat' dir='ltr'><strong>pec-</strong></span> 
     </span>
     <span class='ocr_line' id='line_1_30' title="bbox 144 2733 1062 2818; baseline -0.004 -20"><span class='ocrx_word' id='word_1_197' title='bbox 144 2756 214 2798; x_wconf 86' lang='lat' dir='ltr'><strong>care</strong></span> <span class='ocrx_word' id='word_1_198' title='bbox 236 2737 352 2811; x_wconf 88' lang='lat' dir='ltr'><strong>fldeles,</strong></span> <span class='ocrx_word' id='word_1_199' title='bbox 375 2738 435 2798; x_wconf 89' lang='lat' dir='ltr'><strong>huc</strong></span> <span class='ocrx_word' id='word_1_200' title='bbox 456 2739 608 2818; x_wconf 86' lang='lat' dir='ltr'><strong>pertinere</strong></span> <span class='ocrx_word' id='word_1_201' title='bbox 631 2736 738 2812; x_wconf 83' lang='lat' dir='ltr'><strong>credit,</strong></span> <span class='ocrx_word' id='word_1_202' title='bbox 761 2743 795 2797; x_wconf 85' lang='lat' dir='ltr'><strong>ut</strong></span> <span class='ocrx_word' id='word_1_203' title='bbox 815 2756 865 2795; x_wconf 90' lang='lat' dir='ltr'><strong>me</strong></span> <span class='ocrx_word' id='word_1_204' title='bbox 887 2733 1062 2794; x_wconf 89' lang='lat' dir='ltr'><strong>concludat.</strong></span> 
     </span>
     <span class='ocr_line' id='line_1_31' title="bbox 143 2817 1063 2901; baseline -0.008 -20"><span class='ocrx_word' id='word_1_205' title='bbox 143 2820 187 2881; x_wconf 83' lang='lat' dir='ltr'><strong>Tu</strong></span> <span class='ocrx_word' id='word_1_206' title='bbox 212 2840 285 2901; x_wconf 89' lang='lat' dir='ltr'><strong>ergo</strong></span> <span class='ocrx_word' id='word_1_207' title='bbox 309 2821 346 2881; x_wconf 88' lang='lat' dir='ltr'><strong>ad</strong></span> <span class='ocrx_word' id='word_1_208' title='bbox 369 2822 428 2882; x_wconf 90' lang='lat' dir='ltr'><strong>ista</strong></span> <span class='ocrx_word' id='word_1_209' title='bbox 459 2822 563 2881; x_wconf 86' lang='lat' dir='ltr'><strong>omnia</strong></span> <span class='ocrx_word' id='word_1_210' title='bbox 586 2827 670 2880; x_wconf 86' lang='lat' dir='ltr'><strong>utere</strong></span> <span class='ocrx_word' id='word_1_211' title='bbox 692 2820 776 2879; x_wconf 85' lang='lat' dir='ltr'><strong>Pauli</strong></span> <span class='ocrx_word' id='word_1_212' title='bbox 799 2818 893 2879; x_wconf 85' lang='lat' dir='ltr'><strong>verbo</strong></span> <span class='ocrx_word' id='word_1_213' title='bbox 916 2817 1006 2878; x_wconf 89' lang='lat' dir='ltr'><strong>Rom.</strong></span> <span class='ocrx_word' id='word_1_214' title='bbox 1030 2817 1063 2880; x_wconf 87' lang='lat'><strong>6:</strong></span> 
     </span>
     <span class='ocr_line' id='line_1_32' title="bbox 143 2901 1064 2983; baseline -0.005 -20"><span class='ocrx_word' id='word_1_215' title='bbox 143 2901 211 2964; x_wconf 87' lang='lat' dir='ltr'><strong>Non</strong></span> <span class='ocrx_word' id='word_1_216' title='bbox 234 2910 343 2982; x_wconf 86' lang='lat' dir='ltr'><strong>regnet</strong></span> <span class='ocrx_word' id='word_1_217' title='bbox 361 2912 521 2983; x_wconf 80' lang='lat' dir='ltr'><strong>peccalum</strong></span> <span class='ocrx_word' id='word_1_218' title='bbox 546 2906 574 2963; x_wconf 89' lang='lat' dir='ltr'><strong>in</strong></span> <span class='ocrx_word' id='word_1_219' title='bbox 600 2902 720 2964; x_wconf 90' lang='lat' dir='ltr'><strong>mortali</strong></span> <span class='ocrx_word' id='word_1_220' title='bbox 742 2909 845 2963; x_wconf 87' lang='lat' dir='ltr'><strong>vestro</strong></span> <span class='ocrx_word' id='word_1_221' title='bbox 869 2919 1010 2979; x_wconf 87' lang='lat' dir='ltr'><strong>corpore,</strong></span> <span class='ocrx_word' id='word_1_222' title='bbox 1031 2905 1064 2959; x_wconf 89' lang='lat' dir='ltr'><strong>ut</strong></span> 
     </span>
     <span class='ocr_line' id='line_1_33' title="bbox 143 2983 1063 3065; baseline -0.003 -20"><span class='ocrx_word' id='word_1_223' title='bbox 143 2985 223 3046; x_wconf 89' lang='lat' dir='ltr'><strong>aliud</strong></span> <span class='ocrx_word' id='word_1_224' title='bbox 247 2987 328 3046; x_wconf 87' lang='lat' dir='ltr'><strong>scias</strong></span> <span class='ocrx_word' id='word_1_225' title='bbox 351 3007 429 3062; x_wconf 87' lang='lat' dir='ltr'><strong>esse,</strong></span> <span class='ocrx_word' id='word_1_226' title='bbox 452 2994 613 3064; x_wconf 88' lang='lat' dir='ltr'><strong>peccatum</strong></span> <span class='ocrx_word' id='word_1_227' title='bbox 632 3005 771 3065; x_wconf 83' lang='lat' dir='ltr'><strong>regnare,</strong></span> <span class='ocrx_word' id='word_1_228' title='bbox 795 2993 825 3045; x_wconf 88' lang='lat' dir='ltr'><strong>et</strong></span> <span class='ocrx_word' id='word_1_229' title='bbox 849 2983 930 3044; x_wconf 89' lang='lat' dir='ltr'><strong>aliud</strong></span> <span class='ocrx_word' id='word_1_230' title='bbox 954 3001 1063 3063; x_wconf 87' lang='lat' dir='ltr'><strong>pecca·</strong></span> 
     </span>
     <span class='ocr_line' id='line_1_34' title="bbox 143 3067 1061 3150; baseline -0.001 -25"><span class='ocrx_word' id='word_1_231' title='bbox 143 3075 204 3128; x_wconf 89' lang='lat' dir='ltr'><strong>tum</strong></span> <span class='ocrx_word' id='word_1_232' title='bbox 229 3071 359 3149; x_wconf 86' lang='lat' dir='ltr'><strong>regnari.</strong></span> <span class='ocrx_word' id='word_1_233' title='bbox 382 3070 551 3150; x_wconf 83' lang='lat' dir='ltr'><strong>intelligis?</strong></span> <span class='ocrx_word' id='word_1_234' title='bbox 575 3069 651 3129; x_wconf 87' lang='lat' dir='ltr'><strong>Nam</strong></span> <span class='ocrx_word' id='word_1_235' title='bbox 676 3070 720 3127; x_wconf 88' lang='lat' dir='ltr'><strong>sic</strong></span> <span class='ocrx_word' id='word_1_236' title='bbox 742 3076 830 3148; x_wconf 87' lang='lat' dir='ltr'><strong>potes</strong></span> <span class='ocrx_word' id='word_1_237' title='bbox 853 3067 955 3126; x_wconf 89' lang='lat' dir='ltr'><strong>dicere</strong></span> <span class='ocrx_word' id='word_1_238' title='bbox 970 3068 1061 3126; x_wconf 84' lang='lat' dir='ltr'><strong>etiam</strong></span> 
     </span>
     <span class='ocr_line' id='line_1_35' title="bbox 142 3149 1063 3232; baseline -0.002 -22"><span class='ocrx_word' id='word_1_239' title='bbox 142 3150 259 3211; x_wconf 86' lang='lat' dir='ltr'><strong>Lulomi</strong></span> <span class='ocrx_word' id='word_1_240' title='bbox 284 3172 356 3232; x_wconf 88' lang='lat' dir='ltr'><strong>usu,</strong></span> <span class='ocrx_word' id='word_1_241' title='bbox 390 3153 470 3212; x_wconf 90' lang='lat' dir='ltr'><strong>aliud</strong></span> <span class='ocrx_word' id='word_1_242' title='bbox 494 3173 562 3213; x_wconf 87' lang='lat' dir='ltr'><strong>esse</strong></span> <span class='ocrx_word' id='word_1_243' title='bbox 584 3156 745 3231; x_wconf 87' lang='lat' dir='ltr'><strong>peccatum</strong></span> <span class='ocrx_word' id='word_1_244' title='bbox 771 3151 865 3228; x_wconf 90' lang='lat' dir='ltr'><strong>velle,</strong></span> <span class='ocrx_word' id='word_1_245' title='bbox 888 3149 970 3209; x_wconf 89' lang='lat' dir='ltr'><strong>aliud</strong></span> <span class='ocrx_word' id='word_1_246' title='bbox 993 3168 1063 3228; x_wconf 89' lang='lat' dir='ltr'><strong>pec·</strong></span> 
     </span>
     <span class='ocr_line' id='line_1_36' title="bbox 143 3235 1063 3313; baseline -0.004 -19"><span class='ocrx_word' id='word_1_247' title='bbox 143 3239 243 3294; x_wconf 82' lang='lat' dir='ltr'><strong>catum</strong></span> <span class='ocrx_word' id='word_1_248' title='bbox 269 3235 410 3313; x_wconf 87' lang='lat' dir='ltr'><strong>explere,</strong></span> <span class='ocrx_word' id='word_1_249' title='bbox 441 3255 510 3295; x_wconf 89' lang='lat' dir='ltr'><strong>oum</strong></span> <span class='ocrx_word' id='word_1_250' title='bbox 535 3237 572 3294; x_wconf 88' lang='lat' dir='ltr'><strong>eit</strong></span> <span class='ocrx_word' id='word_1_251' title='bbox 595 3243 696 3295; x_wconf 89' lang='lat' dir='ltr'><strong>tamen</strong></span> <span class='ocrx_word' id='word_1_252' title='bbox 720 3235 800 3294; x_wconf 90' lang='lat' dir='ltr'><strong>idem</strong></span> <span class='ocrx_word' id='word_1_253' title='bbox 824 3238 1002 3312; x_wconf 86' lang='lat' dir='ltr'><strong>peceatum,</strong></span> <span class='ocrx_word' id='word_1_254' title='bbox 1031 3236 1063 3290; x_wconf 88' lang='lat' dir='ltr'><strong>ut</strong></span> 
     </span>
     <span class='ocr_line' id='line_1_37' title="bbox 142 3313 1062 3396; baseline -0.003 -20"><span class='ocrx_word' id='word_1_255' title='bbox 142 3315 252 3377; x_wconf 80' lang='lat' dir='ltr'><strong>furtum</strong></span> <span class='ocrx_word' id='word_1_256' title='bbox 277 3317 323 3377; x_wconf 92' lang='lat' dir='ltr'><strong>vel</strong></span> <span class='ocrx_word' id='word_1_257' title='bbox 346 3318 553 3380; x_wconf 85' lang='lat' dir='ltr'><strong>homicidium.</strong></span> <span class='ocrx_word' id='word_1_258' title='bbox 597 3319 654 3378; x_wconf 87' lang='lat' dir='ltr'><strong>Die</strong></span> <span class='ocrx_word' id='word_1_259' title='bbox 676 3337 760 3396; x_wconf 88' lang='lat' dir='ltr'><strong>ergo,</strong></span> <span class='ocrx_word' id='word_1_260' title='bbox 783 3316 907 3396; x_wconf 84' lang='lat' dir='ltr'><strong>quando</strong></span> <span class='ocrx_word' id='word_1_261' title='bbox 930 3313 1062 3375; x_wconf 89' lang='lat' dir='ltr'><strong>nubibus</strong></span> 
     </span>
     <span class='ocr_line' id='line_1_38' title="bbox 144 3397 1062 3462; baseline -0.002 -4"><span class='ocrx_word' id='word_1_262' title='bbox 144 3400 387 3462; x_wconf 84' lang='lat' dir='ltr'><strong>testimoniorum</strong></span> <span class='ocrx_word' id='word_1_263' title='bbox 410 3400 584 3462; x_wconf 86' lang='lat' dir='ltr'><strong>advehitur:</strong></span> <span class='ocrx_word' id='word_1_264' title='bbox 613 3402 746 3461; x_wconf 89' lang='lat' dir='ltr'><strong>Domine</strong></span> <span class='ocrx_word' id='word_1_265' title='bbox 774 3406 951 3460; x_wconf 86' lang='lat' dir='ltr'><strong>numerator</strong></span> <span class='ocrx_word' id='word_1_266' title='bbox 980 3397 1062 3457; x_wconf 87' lang='lat' dir='ltr'><strong>teeti-</strong></span> 
     </span>
     <span class='ocr_line' id='line_1_39' title="bbox 144 3479 1062 3565; baseline -0.003 -22"><span class='ocrx_word' id='word_1_267' title='bbox 144 3484 315 3544; x_wconf 90' lang='lat' dir='ltr'><strong>moniorum</strong></span> <span class='ocrx_word' id='word_1_268' title='bbox 352 3492 383 3544; x_wconf 91' lang='lat' dir='ltr'><strong>et</strong></span> <span class='ocrx_word' id='word_1_269' title='bbox 411 3505 472 3546; x_wconf 91' lang='lat' dir='ltr'><strong>non</strong></span> <span class='ocrx_word' id='word_1_270' title='bbox 503 3485 692 3565; x_wconf 88' lang='lat' dir='ltr'><strong>ponderator</strong></span> <span class='ocrx_word' id='word_1_271' title='bbox 721 3503 843 3557; x_wconf 90' lang='lat' dir='ltr'><strong>eorum,</strong></span> <span class='ocrx_word' id='word_1_272' title='bbox 876 3501 933 3542; x_wconf 92' lang='lat' dir='ltr'><strong>vos</strong></span> <span class='ocrx_word' id='word_1_273' title='bbox 970 3479 1062 3541; x_wconf 85' lang='lat' dir='ltr'><strong>valde</strong></span> 
     </span>
     <span class='ocr_line' id='line_1_40' title="bbox 144 3561 1062 3648; baseline -0.004 -22"><span class='ocrx_word' id='word_1_274' title='bbox 144 3563 223 3627; x_wconf 89' lang='lat' dir='ltr'><strong>bene</strong></span> <span class='ocrx_word' id='word_1_275' title='bbox 258 3566 410 3648; x_wconf 88' lang='lat' dir='ltr'><strong>probatis,</strong></span> <span class='ocrx_word' id='word_1_276' title='bbox 443 3587 504 3628; x_wconf 90' lang='lat' dir='ltr'><strong>non</strong></span> <span class='ocrx_word' id='word_1_277' title='bbox 542 3587 609 3628; x_wconf 88' lang='lat' dir='ltr'><strong>esse</strong></span> <span class='ocrx_word' id='word_1_278' title='bbox 645 3568 675 3627; x_wconf 89' lang='lat' dir='ltr'><strong>in</strong></span> <span class='ocrx_word' id='word_1_279' title='bbox 699 3566 819 3626; x_wconf 84' lang='lat' dir='ltr'><strong>Sanctis</strong></span> <span class='ocrx_word' id='word_1_280' title='bbox 848 3564 895 3624; x_wconf 91' lang='lat' dir='ltr'><strong>vel</strong></span> <span class='ocrx_word' id='word_1_281' title='bbox 919 3561 1062 3644; x_wconf 83' lang='lat' dir='ltr'><strong>oporibus</strong></span> 
     </span>
     <span class='ocr_line' id='line_1_41' title="bbox 140 3647 1062 3732; baseline -0.004 -22"><span class='ocrx_word' id='word_1_282' title='bbox 140 3657 250 3712; x_wconf 85' lang='lat' dir='ltr'><strong>&#39;eornm</strong></span> <span class='ocrx_word' id='word_1_283' title='bbox 264 3655 425 3730; x_wconf 83' lang='lat' dir='ltr'><strong>peceatum</strong></span> <span class='ocrx_word' id='word_1_284' title='bbox 440 3670 583 3732; x_wconf 88' lang='lat' dir='ltr'><strong>regnans,</strong></span> <span class='ocrx_word' id='word_1_285' title='bbox 605 3650 658 3710; x_wconf 88' lang='lat' dir='ltr'><strong>sed</strong></span> <span class='ocrx_word' id='word_1_286' title='bbox 674 3669 734 3709; x_wconf 91' lang='lat' dir='ltr'><strong>non</strong></span> <span class='ocrx_word' id='word_1_287' title='bbox 749 3647 897 3729; x_wconf 85' lang='lat' dir='ltr'><strong>probatis,</strong></span> <span class='ocrx_word' id='word_1_288' title='bbox 908 3665 971 3708; x_wconf 92' lang='lat' dir='ltr'><strong>non</strong></span> <span class='ocrx_word' id='word_1_289' title='bbox 994 3665 1062 3707; x_wconf 87' lang='lat' dir='ltr'><strong>esse</strong></span> 
     </span>
     <span class='ocr_line' id='line_1_42' title="bbox 144 3729 1063 3816; baseline -0.004 -22"><span class='ocrx_word' id='word_1_290' title='bbox 144 3739 305 3816; x_wconf 81' lang='lat' dir='ltr'><strong>peecatum</strong></span> <span class='ocrx_word' id='word_1_291' title='bbox 328 3737 504 3814; x_wconf 86' lang='lat' dir='ltr'><strong>regnatum,</strong></span> <span class='ocrx_word' id='word_1_292' title='bbox 528 3753 582 3794; x_wconf 88' lang='lat' dir='ltr'><strong>seu</strong></span> <span class='ocrx_word' id='word_1_293' title='bbox 604 3732 694 3810; x_wconf 89' lang='lat' dir='ltr'><strong>illud,</strong></span> <span class='ocrx_word' id='word_1_294' title='bbox 717 3730 799 3813; x_wconf 87' lang='lat' dir='ltr'><strong>quod</strong></span> <span class='ocrx_word' id='word_1_295' title='bbox 820 3730 932 3792; x_wconf 87' lang='lat' dir='ltr'><strong>Paulus</strong></span> <span class='ocrx_word' id='word_1_296' title='bbox 954 3729 1063 3811; x_wconf 85' lang='lat' dir='ltr'><strong>tangit,</strong></span> 
     </span>
    </p>
   </div>
   <div class='ocr_carea' id='block_1_3' title="bbox 0 0 1203 4170">
    <p class='ocr_par' dir='ltr' id='par_1_4' title="bbox 0 0 1203 4170">
     <span class='ocr_line' id='line_1_43' title="bbox 0 0 1203 4170; baseline 0 0"><span class='ocrx_word' id='word_1_297' title='bbox 0 0 1203 4170; x_wconf 95' lang='lat' dir='ltr'><strong> </strong></span> 
     </span>
    </p>
   </div>
  </div>
 </body>
</html>
