2392 4170
380 277 522 335 Ambrosii
541 276 651 334 esthon
665 285 705 335 ἰ.
712 276 795 336 tttt.
828 286 831 291 “
999 272 1063 343 29ἵ

142 433 307 514 opiniones
329 440 400 496 sunt
420 433 663 513 Thomistorum,
691 453 753 496 uns
779 439 827 495 est
852 442 883 495 et
904 433 1063 518 simplicis³

133 517 213 578 sime
232 518 298 578 eius
320 518 424 580 incise
467 517 563 579 Servs
585 517 638 578 tibi
662 518 766 579 clevos
789 519 855 578 sine
877 537 952 595 usu,
979 518 1061 581 suffia

136 601 189 662 cit
197 599 305 662 nobis
313 600 416 662 dutum
441 621 527 662 osum
546 602 687 679 clerium,
712 605 803 664 etism
827 610 857 662 ts
871 601 1059 728 distincione,

136 685 314 747 extorsisse.

208 767 259 828 ut
280 777 314 828 ut
334 767 433 829 dicum
457 767 539 847 quod
563 787 612 828 res
640 774 702 844 est,
734 786 795 828 non
829 768 883 829 tibi
905 735 1061 850 permitto,

135 857 167 912 ul
189 848 366 932 Scripturas
387 851 507 932 plures,
540 869 630 931 quem
665 870 757 911 unum
790 869 913 913 sonsum
936 851 1061 930 tribuas

135 933 216 994 Nihil
237 933 319 1014 spud
350 953 400 995 me
431 935 530 1011 velet,
566 933 647 1031 quod
681 936 772 996 toties
805 941 923 998 tentus
956 935 1062 998 Potest

136 1018 226 1078 etiem
259 1018 306 1079 sic
337 1017 419 1094 dici,¹
451 1026 553 1103 potest
589 1019 680 1078 etium
712 1020 759 1078 sic
780 1019 924 1116 intelligi,
958 1024 1062 1100 potest

136 1101 227 1161 etism
249 1096 514 1181 sicrssponderi,
519 1110 622 1182 potest
634 1100 789 1161 literaliter
809 1103 855 1162 sio
869 1102 938 1182 dici,
960 1108 1063 1183 potest

138 1185 266 1264 mystice
288 1185 333 1244 sic
354 1184 422 1245 dici.
465 1185 553 1245 Tolle
575 1184 651 1264 hoc,
683 1191 803 1264 potest,
824 1187 865 1245 mi
888 1185 1062 1257 Osthcrios,

137 1266 214 1328 hoec
236 1269 339 1328 omnio
357 1275 428 1327 sunt
449 1277 630 1347 arguments
651 1266 807 1344 fslsrlstis,
831 1276 860 1329 et
881 1286 967 1330 mers
989 1269 1063 1329 sttu-

136 1351 205 1430 gis,
232 1359 264 1410 et
285 1351 377 1430 plens
399 1350 512 1411 roboro
546 1352 841 1429 mesescntentiue,
864 1352 947 1411 ·hinc
979 1353 1060 1412 enim

137 1453 228 1514 snper
249 1436 359 1494 cristes
382 1434 525 1494 incedere
547 1436 701 1515 argueris,
731 1443 762 1494 et
792 1436 895 1496 omnis
915 1435 946 1494 in
969 1433 1062 1495 dubis

139 1525 268 1581 vertere
312 1515 372 1578 seu
395 1518 440 1576 sic
463 1517 571 1578 dicito:
600 1517 669 1578 Hoc
690 1517 755 1595 sic,
774 1523 805 1577 et
825 1536 886 1579 ιιοιι
911 1517 998 1579 aliter
1019 1518 1061 1577 ln

138 1600 231 1681 telligi
255 1598 356 1675 debet,
380 1608 412 1659 ut
433 1600 544 1660 ulferes
568 1619 660 1660 unnrn
675 1608 867 1662 constantem
880 1600 1062 1681 simplicem·

136 1701 195 1762 que
217 1702 340 1743 sensum
365 1681 550 1762 scripturae,
572 1685 652 1744 sicut
673 1703 734 1765 ego
753 1683 834 1746 facio
857 1693 888 1744 st
911 1685 980 1766 leci,
1001 1683 1062 1744 hoo

136 1774 187 1827 est
205 1767 286 1828 eninr
310 1765 457 1846 theologi,
481 1768 559 1827 sicut
581 1765 655 1826 illud
669 1766 842 1846 sophistae.
886 1767 952 1828 Scis
969 1769 1060 1845 enim,

136 1848 218 1928 quod
242 1849 310 1910 solo
333 1849 440 1909 literali
465 1869 556 1910 sensu
579 1848 777 1930 pugusndnm
793 1858 848 1926 est,
871 1852 921 1929 qui
944 1858 976 1910 et
998 1851 1063 1910 uni·

136 1951 206 1992 cus
213 1940 261 1993 est
282 1951 336 2012 per
359 1940 455 1992 tctsm
469 1933 665 2013 scripturum
709 1932 791 1994 Nihil
806 1933 966 2014 Origenes,
988 1933 1060 1993 nihil

66 2093 67 2096 Ἴ
136 2015 352 2096 Hieronymus
367 2015 438 2074 nilril
453 2035 576 2096 omnes,
594 2015 759 2096 qniplures
780 2013 1061 2123 sensusdedcrunt,

136 2099 251 2160 docent
273 2097 406 2177 quidem,
430 2099 483 2159 sed
506 2120 567 2160 non
589 2103 739 2180 pugnent.

109 2257 111 2260 y
216 2182 258 2242 At
274 2181 373 2242 dices:
395 2181 563 2242 Errasseno
578 2200 651 2263 ergo
666 2190 712 2244 ιοι
723 2183 779 2254 Pet
781 2201 828 2243 res
842 2180 1060 2242 confiteberis?

133 2264 271 2326 Errssse
285 2265 434 2325 confiteor
451 2267 641 2346 saepissime,
663 2272 696 2326 ut
705 2266 855 2342 hommes,
878 2274 908 2325 st
929 2266 1060 2346 ignosco

133 2347 331 2428 prudensque
352 2347 484 2410 declino,
527 2349 592 2408 Vos
616 2356 718 2409 sutem
740 2351 819 2410 sicut
840 2348 984 2409 animalis
1005 2349 1060 2408 im·

115 2430 246 2501 ,mundo
276 2432 346 2490 siue
372 2430 445 2490 lisso
469 2431 609 2512 ungula,
644 2433 709 2492 sine
747 2433 918 2493 ruminante
945 2432 1059 2511 lingue,

134 2515 239 2575 omnio
255 2513 430 2594 glutientes,
453 2515 535 2593 quod
558 2514 601 2575 illi
615 2513 767 2582 Catholici
780 2523 965 2592 erraverunt,
988 2515 1059 2575 hoe

131 2598 226 2658 retice
249 2595 377 2657 docetis.
420 2597 513 2658 Error
534 2615 596 2657 non
618 2596 691 2658 fucit
713 2597 901 2674 haereticos,
930 2596 985 2658 sed
1008 2596 1059 2657 ds:

131 2681 231 2741 lensio
256 2685 288 2740 et
308 2681 477 2760 pertinacis
500 2679 620 2742 erroris.
643 2680 960 2760 ,Atquchicunicum
974 2690 1058 2739 ιιιιιιιι

131 2763 362 2824 fundamentum
384 2763 459 2840 ruit,
492 2764 543 2840 qui
578 2766 690 2843 mugis-
708 2782 800 2844 super
822 2763 943 2823 Petrum
968 2762 1059 2838 dicto,

133 2865 225 2926 quem
251 2864 342 2927 super
365 2845 457 2907 verbo
479 2846 589 2908 (lhristi
614 2848 732 2923 niteris,
766 2865 824 2907 nec
851 2845 912 2907 alio
934 2847 983 2904 vis
1005 2863 1059 2906 sos

133 2931 243 3005 tueris,
279 2948 368 3008 qusm
394 2936 424 2989 ul
447 2928 636 2991 Themistico
659 2948 745 2990 more
783 2928 821 2989 sd
845 2930 985 2989 miserum
1009 2947 1057 2988 se·

132 3012 359 3092 quivocntionis
380 3012 524 3092 effugium
547 3013 686 3091 recurris,
709 3012 906 3092 quodtcmen
930 3010 1057 3072 desolo

133 3095 261 3156 cerebro
283 3093 373 3174 lingis
395 3095 595 3166 nudissimum
619 3104 649 3155 st
670 3097 801 3174 inerms,
832 3113 902 3155 cum
933 3113 983 3155 me
1006 3114 1058 3154 nu·

133 3179 199 3239 diss
222 3178 371 3238 rationem
387 3187 416 3237 et
428 3177 598 3258 Scripturas
613 3186 727 3258 petere,
749 3179 811 3238 imo
832 3177 955 3238 Petrum
978 3178 1059 3238 dicto

133 3281 206 3323 vera
227 3261 341 3342 premis
364 3268 393 3320 et
415 3280 542 3324 errones
565 3262 712 3338 suscitas,
735 3260 816 3322 bone
837 3263 892 3323 vir.

214 3344 278 3407 Isni
302 3361 392 3423 quom
405 3345 529 3425 egregie
552 3346 692 3424 teipsum
716 3345 801 3425 copis
823 3345 853 3403 in
879 3342 972 3404 verbo
996 3345 1056 3403 oris

133 3428 185 3504 tui,
209 3427 262 3507 qui
284 3426 373 3488 Petro
396 3426 501 3490 Mntlh.
526 3431 573 3494 16.
595 3429 779 3508 promissos,
802 3446 864 3488 non
887 3425 974 3487 datos
997 3425 1056 3506 cles

134 3529 186 3570 ves
213 3509 347 3571 asseris?
380 3509 498 3570 Deinde
526 3509 614 3571 dates
637 3529 697 3571 nou
721 3511 780 3571 elia
802 3509 915 3589 probas
938 3510 1057 3585 virtute,

133 3610 224 3672 quam
248 3592 331 3672 quod
354 3592 492 3652 Christus
504 3613 599 3654 verax
618 3593 791 3674 impleverit
811 3593 1056 3673 promissionem.

133 3675 232 3753 Audi,
266 3677 306 3736 mi
329 3675 509 3752 catherine,
545 3696 607 3737 non
636 3678 711 3736 satis
740 3685 787 3737 est
822 3676 1057 3756 promissionem
1173 3703 1182 3719 x

133 3759 163 3820 in
186 3757 350 3840 scripturis
372 3777 441 3819 esse
463 3759 606 3840 positam,
628 3758 833 3853 ssdlnscesse
855 3764 901 3820 est
922 3763 955 3818 st
974 3756 1057 3818 exhi·
