2392 4170
444 262 577 324 ministris
595 261 740 325 ecclcsiae.
997 256 1060 336 497

220 437 304 497 Haec
326 443 419 517 certe,
442 445 474 498 ut
496 445 566 498 sunt
588 440 778 500 atrocissima
795 436 1059 518 etcrudelissima,

136 520 301 582 iustissime
324 540 504 601 permovere
527 521 656 597 debent,
689 530 722 583 ut
744 524 880 583 unanimi
905 541 1057 583 consensu

138 611 202 664 tota
224 600 352 665 Bocmia
383 605 429 663 his
460 605 604 664 monstris
633 605 800 666 claudatur.
844 607 891 666 Ac
920 606 1011 684 plane
1033 608 1058 666 si
1103 606 1107 613 ’

136 693 222 748 tanta
254 695 337 747 esset
365 686 413 746 vel
442 688 602 748 infelicitas
625 688 676 748 vel
699 691 884 768 necessitas,
919 686 1059 748 utnulla

136 771 196 830 alia
217 770 268 831 via
290 771 411 850 possint
432 771 559 831 ministri
583 771 687 831 haberi
713 791 803 851 quam
826 774 901 848 ista,
929 770 1059 832 tidenter

137 853 358 929 consuluerim,
392 861 423 913 ut
446 874 569 934 prorsus
592 855 693 913 nullos
715 855 869 915 haberetis
893 856 1057 920 ministros.

135 937 241 996 Tutius
264 938 343 997 enim
369 943 398 997 et
421 937 569 996 salubrius
593 944 694 1014 esset,
726 938 893 1017 quemlibet
925 944 1058 1018 patrem·
1136 1006 1146 1023 ‚

135 1019 266 1079 familias
287 1039 361 1095 suae
384 1019 487 1080 domui
511 1020 615 1101 legere
638 1018 880 1100 Evangelium1)
906 1031 935 1080 et
957 1021 1056 1101 bapti·

134 1122 203 1163 sare
230 1103 423 1182 (quandoid
448 1104 544 1163 Laicis
567 1105 714 1184 permittit
741 1105 832 1165 etiam
856 1106 950 1164 totius
973 1104 1056 1165 orbis

141 1204 312 1246 consensus
330 1192 361 1246 et
382 1185 472 1268 usus)
497 1205 552 1247 eos
575 1188 624 1266 qui
647 1187 703 1248 sibi
727 1182 933 1268 nascerentur,
955 1206 992 1246 ac
1013 1189 1058 1247 sic

90 1304 95 1315 ·
133 1270 218 1328 iuxta
238 1269 409 1330 doctrinam
434 1269 545 1330 Christi
575 1290 608 1330 sc
637 1279 668 1330 et
690 1289 762 1330 suos
784 1290 907 1350 regere,
936 1271 1056 1330 etiamsi

134 1360 198 1412 tote
219 1353 283 1413 vita
301 1352 351 1412 vel
372 1372 433 1412 non
457 1352 630 1435 audeant²)
655 1355 703 1413 vel
727 1374 787 1414 non
805 1354 925 1434 possint
937 1352 1054 1414 Eucha-

133 1437 246 1494 ristiam
270 1455 400 1497 sumere.
443 1435 636 1497 Eucharistia
666 1437 746 1496 euim
770 1456 833 1496 non
857 1445 904 1496 est
925 1435 981 1495 sub
1005 1456 1055 1517 pe-

131 1518 256 1578 ricnlum
284 1519 389 1578 salutis
419 1518 611 1599 neccssaria,
641 1518 752 1579 suflicit
783 1526 885 1579 autem
914 1519 1055 1600 Evange-

132 1601 203 1661 lium
226 1608 258 1661 et
280 1603 465 1682 baptismus,
488 1622 556 1663 cum
580 1603 649 1664 sola
669 1601 745 1662 fides
767 1601 911 1663 iustiliaet
934 1609 965 1663 et
987 1604 1055 1663 sola

134 1685 245 1743 caritas
267 1683 346 1744 bene
369 1687 461 1750 vivat.
974 1698 976 1703 “

219 1767 307 1828 Certe
335 1768 360 1826 si
383 1767 442 1827 hoc
464 1767 558 1829 modo
580 1767 676 1848 duae,
702 1772 778 1847 tres,
802 1767 909 1829 decem
934 1768 1053 1848 domus,

136 1848 184 1908 vel
207 1855 271 1910 tota
295 1851 417 1927 civitas,
450 1851 499 1909 vel
528 1851 643 1911 multae
674 1852 813 1912 civitates
842 1852 901 1912 sibi
927 1871 1055 1912 consen·

135 1933 225 1995 tinent
247 1941 278 1993 st
299 1932 389 1992 fidem
413 1951 450 1992 ac
468 1936 626 1994 caritatem
648 1953 704 2014 per
725 1935 927 2016 Evangelium
951 1934 1055 1995 dome·

134 2017 243 2076 sticum
269 2025 457 2093 exercerent,
481 2017 600 2077 etiarnsi
623 2018 653 2076 in
677 2024 834 2078 aeteruum
852 2017 953 2078 nullus
968 2037 1054 2078 acce·

134 2098 220 2160 deret
242 2100 410 2177 ordinatus,
432 2120 519 2161 rasus
541 2107 593 2161 aut
615 2107 734 2175 unctus,
759 2102 938 2180 velquovis
962 2101 1054 2162 modo

134 2183 295 2260 impositus
312 2185 465 2265 minister,
499 2185 550 2263 qui
566 2182 788 2245 Eucharistiam
812 2191 865 2245 aut
887 2185 947 2244 alia
969 2185 1054 2245 mini·

133 2270 220 2346 stret,
242 2265 379 2326 Christus
401 2267 517 2347 absque
542 2267 633 2328 dubio
665 2269 694 2328 in
718 2265 821 2330 medio
845 2286 950 2328 eorum
974 2275 1056 2328 esset

135 2354 165 2406 et
188 2365 243 2407 eos
265 2366 321 2428 pro
344 2349 476 2412 ecclesia
498 2371 554 2411 sua
575 2351 767 2430 agnosceret,
790 2371 851 2411 non
876 2349 969 2411 modo
992 2369 1059 2413 non,

135 2429 347 2512 damnaturus,
379 2432 433 2492 sed
467 2433 559 2514 plane
581 2443 781 2496 coronaturus
812 2434 891 2495 hanc
920 2435 1002 2514 piam
1026 2443 1056 2495 et

135 2512 338 2575 Christianam
373 2514 587 2577 abstinentiam
621 2518 660 2579 ab
683 2517 825 2578 omnibus
848 2517 1054 2579 sacramentis

134 2597 218 2675 aliis,
252 2617 307 2678 per
341 2598 452 2678 impios
483 2606 514 2659 et
535 2601 702 2680 sacrilegos
725 2601 940 2666 ministrandis.
984 2600 1055 2681 lpse

134 2683 214 2742 enim
239 2682 330 2761 dixit,
363 2682 460 2742 solum
484 2700 576 2741 unum
599 2703 668 2744 esse
689 2686 913 2764 necessarium,
943 2703 1056 2765 nempe

136 2764 259 2826 verbum
284 2765 356 2844 Dei,
388 2767 418 2825 in
455 2784 516 2844 quo
545 2766 619 2826 vivit
649 2766 752 2829 horno.
797 2765 888 2843 Quod
910 2768 936 2828 si
959 2768 1054 2829 verbo

121 2849 209 2933 ,vivit
229 2857 259 2911 et
282 2847 407 2911 verbum
430 2849 538 2926 habet,
571 2846 681 2909 ceteris
704 2850 845 2911 omnibus
859 2928 862 2933 ,
876 2871 981 2913 carcre
1001 2870 1055 2932 po·

134 2937 204 3008 test,
227 2940 259 2993 ut
281 2941 448 2994 caveantur
467 2933 631 3012 impiorum
655 2931 801 3013 dogmata
823 2941 855 2994 et
877 2934 1054 2997 ministeria.

134 3014 175 3074 Et
196 3015 267 3094 quid
289 3016 432 3097 prodest,
470 3018 579 3077 ceteris
609 3016 750 3077 omnibus
778 3017 835 3076 frui
866 3026 896 3078 et
917 3018 1054 3098 verbum,

134 3117 194 3178 quo
221 3100 346 3180 vivitur,
380 3120 442 3162 non
465 3098 602 3161 habere?
645 3099 686 3159 At
708 3100 769 3159 hoc
790 3109 886 3180 agunt
907 3102 1001 3182 empti
1025 3109 1056 3161 et

133 3183 240 3242 intrusi
262 3183 304 3244 illi
327 3183 514 3265 papisticiss)
551 3181 690 3262 ordines,
721 3192 753 3243 ut
783 3181 908 3243 verbum
930 3203 992 3243 non
1016 3184 1055 3244 sit

133 3266 163 3324 in
185 3265 328 3345 Boemia,¹
359 3276 476 3329 tantum
499 3286 573 3328 vero
596 3275 789 3328 sacramenta
811 3268 887 3347 sint,
916 3266 976 3326 hoc
998 3272 1056 3345 est,

133 3351 314 3490 peccesariis
344 3370 400 3411 vos
436 3352 571 3432 spolient
604 3358 636 3411 et
668 3370 728 3413 non
757 3351 938 3412 necessariis
968 3350 1055 3411 vobis

156 3432 338 3497 ominentur.

135 3548 555 3564 -A—-d—-u—-n-—n———nn-——A-

187 3631 216 3700 1)
236 3592 270 3685 rn'
294 3629 338 3686 ea.
358 3629 428 3700 orig.
451 3625 496 3684 nn
520 3636 549 3687 st
576 3627 655 3688 atron
683 3628 864 3702 evangelion.
908 3628 941 3700 a)
961 3628 993 3686 rn
1011 3625 1056 3688 sa.

132 3701 314 3844 {ppffittliesuut
342 3701 442 3759 verba=
472 3702 516 3785 vel
544 3720 600 3759 non
625 3705 755 3760 audeant.
793 3707 825 3776 3)
847 3707 879 3760 In
908 3703 951 3760 cd.
971 3703 1055 3775 origo

87 3929 89 3933 ἲ
159 3877 250 3921 liuthari
265 3890 317 3931 opp.
331 3880 357 3924 v.
373 3879 399 3919 A.
415 3875 499 3918 adrat.
513 3873 564 3917 hist.
579 3874 593 3921 i.
608 3888 629 3929 p.
644 3873 693 3921 Vct.
708 3876 746 3919 vl.
892 3847 932 3918 32
948 3878 951 3891 ¹
