2392 4170
130 222 194 293 Μ
433 220 477 281 Da
494 222 569 280 rone
586 220 748 282 mnu-'de

133 395 181 453 tea
203 383 395 467 introdueut,
431 394 462 451 et
488 387 657 453 moenium
684 385 770 449 oona
798 379 997 467 unpnaiatlt
1022 387 1057 443 at

133 470 240 535 merita
262 477 293 530 et
314 472 451 550 praemia
473 472 555 554 apud
582 473 698 551 Deum,
728 489 788 535 nae
819 488 891 533 aeae
922 466 1056 529 invioan

132 553 325 637 praeferant,
358 565 466 616 omues
494 576 570 619 vern
601 557 696 638 gratie
729 555 867 617 serviant
898 550 1057 615 communi

131 638 193 707 tide
214 643 245 699 et
268 635 390 701 Christo
412 639 619 719 abundantes,
641 639 692 720 qui
715 643 860 719 operatur
880 632 1057 714 inaequalia

132 719 272 801 aequalia
293 720 362 801 ipae
383 723 414 783 in
436 723 588 791 omnibus.
632 721 723 800 Quod
741 723 773 785 ei
793 720 921 801 indigne
950 717 1057 779 tularie

132 813 164 869 te
184 804 333 885 virginem
356 807 480 889 coniugi
500 807 638 889 aequari,
659 804 741 870 nube
763 810 795 867 et
814 811 858 886 tu,
876 802 984 865 melina
1007 805 1059 863 eat

133 888 186 959 tibi
208 888 292 968 pium
314 895 346 951 et
365 889 494 953 liberum
523 890 714 970 coniugium,
743 907 837 970 quam
865 885 1058 949 mercenaria

137 977 170 1039 et
190 971 287 1050 impia
308 973 476 1052 virginitas.
518 974 587 1037 sut
608 973 774 1037 mutantia:
804 969 906 1052 Opera
925 976 960 1033 et
990 987 1060 1049 pen

137 1073 231 1115 aenae
254 1072 316 1115 uon
339 1058 464 1134 respicit
486 1058 583 1136 Deua,
604 1057 659 1119 aed
681 1075 737 1117 eor
757 1054 912 1134 attidem,
932 1052 1061 1117 Ieme:

137 1137 281 1216 Domine,
303 1139 384 1201 oculi
406 1142 450 1201 tui
471 1140 563 1203 fldem
586 1141 762 1223 respiciunt.

218 1218 315 1285 Vides
336 1242 411 1304 argo
437 1244 480 1287 ex
508 1225 556 1286 hie
585 1223 804 1293 demonstrari:
837 1221 903 1283 uni
931 1217 1061 1299 aliquod

136 1302 270 1373 vovendi
292 1307 466 1388 exemplum
490 1314 594 1390 puteat
620 1327 692 1369 enee
718 1307 802 1388 pium
830 1305 940 1366 virtute
968 1305 1061 1367 mira·

134 1387 194 1457 onii
216 1431 225 1465 ‚
247 1392 349 1453 tamen
371 1391 472 1471 ipaum
494 1393 665 1461 inatituturu
687 1389 822 1453 verendi
836 1395 869 1451 et
886 1386 965 1451 ratio
986 1402 1060 1451 ean

135 1472 227 1541 uitam
251 1471 382 1537 docendi
402 1475 569 1556 impietatia
601 1475 773 1537 damnatur.
822 1471 909 1536 Sicut
939 1475 970 1530 et
1003 1469 1062 1533 lex

136 1554 205 1625 oola
228 1554 316 1623 litera
335 1557 450 1623 tradita
472 1565 576 1640 potant
597 1557 711 1626 nabere
732 1555 907 1636 exemplum
930 1553 1061 1631 oman,

135 1644 169 1700 ut
188 1638 219 1697 in
243 1637 353 1720 Paule,
376 1643 426 1721 qui
448 1662 486 1707 ea
510 1661 582 1705 uana
604 1647 651 1705 eat
668 1642 740 1702 aine
760 1638 858 1718 litera,
880 1645 984 1707 tamen
1006 1656 1060 1696 ra·

136 1722 179 1787 tie
202 1719 364 1789 docendae
384 1725 491 1789 literae
512 1726 590 1806 legis
612 1731 645 1791 et
664 1743 794 1805 operum
808 1724 875 1787 eina
889 1721 985 1802 impia
998 1727 1059 1787 eet.

135 1804 184 1867 ln
204 1803 399 1873 Bernhardne
422 1809 507 1876 vovit
527 1814 559 1870 et
580 1808 657 1875 uixit
677 1807 708 1867 iu
731 1811 817 1885 rote,
849 1803 903 1867 aad
924 1823 988 1865 nou
1016 1822 1065 1869 ax

136 1888 321 1951 necessitate
343 1892 418 1968 uoti,
440 1893 502 1953 imo
524 1912 565 1953 ex
586 1890 726 1953 libertate
745 1889 881 1970 epiritue,
901 1888 975 1949 lieet
1007 1904 1064 1953 no·

136 1973 209 2052 tum.
222 1990 311 2039 enum
332 1973 413 2035 hane
434 1974 610 2039 libertatem
630 1993 695 2035 non
716 1972 854 2047 innaret,
874 1972 939 2033 imo
952 1989 1065 2033 uenea-

136 2055 256 2123 sitalem
277 2054 411 2119 libertati
431 2060 616 2121 contrariam
632 2056 768 2119 doceret.
799 2055 885 2125 Haec
898 2055 961 2119 nint
976 2052 1061 2120 diuiti

135 2156 191 2217 pro
214 2142 417 2218 responsione
433 2142 471 2203 nd
488 2141 695 2204 ellectionem
711 2139 911 2222 praedictam,
932 2144 967 2199 ut
981 2137 1064 2203 auia·

136 2238 212 2297 mua,
234 2222 260 2281 ei
281 2230 386 2285 votum
409 2224 499 2291 fuerit
521 2231 734 2305 praeceptum,
763 2225 849 2284 iuxta
871 2221 963 2285 illud:
997 2220 1062 2283 Vo-

135 2309 205 2367 vete
226 2309 257 2365 et
278 2305 405 2384 reddite,
429 2326 521 2388 opera
545 2309 611 2368 eiua
633 2326 703 2369 eoae
725 2305 866 2369 facienda
886 2305 917 2365 iu
948 2304 1061 2385 apiritu

134 2385 293 2466 libertatis,
316 2391 394 2453 aient
417 2409 512 2471 opera
532 2391 693 2471 Deealogi,
715 2410 777 2451 nou
800 2390 872 2469 quia
894 2394 978 2467 vota,
1000 2387 1059 2449 aad

134 2469 206 2548 quia
227 2473 360 2551 gratuito
383 2473 498 2555 placita
519 2481 550 2536 et
570 2474 682 2556 libeua,
706 2491 898 2553 quanquam,
927 2478 959 2533 ut
982 2471 1058 2550 dixi,

135 2552 210 2617 nulli
241 2555 299 2617 uiei
334 2557 481 2623 miraculo
514 2557 598 2623 ducti
631 2558 677 2619 aie
708 2559 831 2619 seruent
864 2559 1059 2635 repugnante

134 2637 202 2715 ipen
223 2639 342 2703 ratione
363 2639 498 2701 vovendi
520 2648 551 2703 et
578 2639 716 2719 vivendi,
748 2658 809 2718 qua
843 2638 1016 2701 avelluntur
1041 2654 1061 2699 n

133 2718 274 2788 libertate
295 2723 355 2785 iata
383 2731 415 2784 et
435 2726 594 2803 rapiuntur
613 2725 646 2784 io
679 2724 855 2784 servitutem
888 2728 919 2783 ct
954 2740 1062 2783 neum·

136 2802 267 2865 uitatem.

218 2885 280 2949 Sed
302 2908 384 2953 nunc
405 2889 560 2970 pergimus
590 2892 621 2951 et
653 2907 818 2969 negamue,
850 2893 954 2951 votum
991 2903 1062 2947 aeae

136 2976 189 3031 aut
211 2968 275 3031 fieri
297 2991 392 3052 ponae
413 2978 631 3052 praeceptum,
663 2973 744 3035 eicut
763 2989 820 3033 nee
851 2989 949 3050 opera
981 2968 1062 3049 legia

136 3059 207 3119 aunt
227 3058 281 3115 aut
300 3062 433 3135 poaauut
455 3074 524 3117 neae
545 3061 721 3134 praecepta.
771 3055 854 3115 Deua
883 3053 967 3113 euim
998 3071 1061 3117 nun

137 3141 184 3201 eat
217 3137 404 3216 impietatem
439 3138 564 3217 velena,
597 3136 710 3200 Pealm.
732 3142 760 3216 5,
791 3137 854 3199 imo
891 3134 1060 3215 probantu·

137 3217 325 3296 prohibitum
347 3240 417 3281 enee
438 3241 477 3287 ea
504 3221 564 3287 heo
589 3221 657 3300 ipae
685 3220 877 3300 Euangeliou
910 3218 1061 3283 libertate.

138 3299 248 3373 Paulus
271 3302 353 3367 euim
371 3303 472 3368 Galat
486 3307 513 3367 1.
534 3303 754 3384 Euangeliuam
772 3303 945 3367 libertatem
964 3321 1062 3363 aneae

136 3388 220 3445 turue
250 3384 337 3447 dicit:
382 3386 446 3451 Sed
475 3389 541 3448 eive
566 3405 626 3449 noa
652 3388 718 3449 eive
744 3387 874 3468 angelus
902 3385 939 3445 de
967 3386 1060 3447 enain

136 3466 219 3531 uiuo
242 3467 399 3549 docuerit,
421 3490 513 3550 quam
536 3469 619 3550 qued
647 3470 790 3548 audietis,
818 3469 985 3531 anathema
1012 3469 1062 3547 ait,

136 3556 167 3609 et
186 3549 330 3634 intrati
365 3553 431 3614 Vna
451 3554 560 3617 fratrae
589 3553 619 3613 in
649 3553 822 3617 libertatem
845 3554 948 3615 vocati
976 3552 1060 3633 eatie,

138 3696 442 3707 ——t--n-o--n-——n—
447 3699 557 3705 ---——--

213 3757 246 3839 l)
267 3755 300 3819 ln
319 3754 364 3816 etl.
382 3757 489 3842 puerei
506 3757 663 3839 munerat..
702 3758 732 3829 ⁴)
754 3756 845 3817 Galat
865 3760 891 3823 5.
