2392 4170
455 242 538 300 Doni.
557 242 637 300 Mart,
657 242 752 300 [ruth.¹
993 242 1056 313 293

134 416 250 478 iatum?
283 414 324 477 ut
344 415 439 495 iuata,
463 435 527 477 our
548 433 612 478 non
641 415 716 477 solie
744 414 928 479 attendimus
957 417 1057 481 verbio

137 498 216 562 Dei?
260 500 321 561 Gur
353 500 476 581 apin‘tne
513 498 645 561 oonsilio
678 499 822 583 negleoto
857 520 919 563 non
953 505 1058 564 omnia

134 583 311 665 probamus,
334 589 497 663 antequam
520 583 702 644 teneamus?

219 667 505 745 antemuranum,
537 667 741 748 virginitatem
771 687 840 729 esee
867 688 931 731 rem
962 671 1057 731 maxi-

137 770 237 831 mam,
261 752 285 812 ai
307 770 357 812 rae
379 751 459 812 inter
480 769 548 812 aeae
570 756 803 830 comparentur,
827 751 881 812 aed
903 753 992 814 simol
1016 752 1058 814 di·
1142 814 1145 818 ,

136 835 251 896 nimus:
273 832 307 898 Si
329 835 415 914 virgo
438 853 507 896 aeae
528 833 634 894 itidem
656 852 761 895 ooram
785 835 852 896 Deo
876 837 985 897 oeterie
1008 857 1056 898 au·

134 919 299 999 parionem,
312 919 384 982 -inro
407 937 512 999 parem
536 917 652 994 fauerit,
675 917 809 980 Satanae
830 918 917 1001 virgo
934 925 990 982 eat.
1023 920 1056 981 ln

134 1002 304 1074 novissimo
338 1001 409 1063 loeo
442 1001 550 1079 eadere
591 1000 682 1062 dooet
722 1002 992 1084 ravengarium),
1028 1009 1058 1064 et

134 1085 266 1146 invicem
288 1087 463 1165 superiores
486 1084 636 1146 arbitrari.
673 1146 678 1157 ,

218 1168 269 1231 Sio
290 1187 364 1250 ergo
387 1167 549 1229 traotanda
576 1173 608 1228 et
634 1167 779 1229 -dooenda
810 1175 856 1230 eat
889 1169 1058 1250 virginitas,

136 1261 170 1315 ut
192 1251 276 1313 nulla
298 1252 378 1332 lege,
400 1251 486 1313 nulla
506 1252 709 1331 necessitate,
731 1250 815 1312 nulla
835 1271 892 1333 ape
919 1254 1058 1333 praemii,

137 1334 194 1397 aed
219 1336 352 1416 gratuito
374 1340 405 1396 et
425 1335 597 1397 voluntaria
619 1341 722 1395 mente
736 1340 883 1416 servetur,
908 1341 941 1397 ut
955 1355 1058 1397 exem·

135 1419 180 1500 pli
202 1420 300 1500 gratia
322 1419 410 1499 virgo
431 1418 477 1480 aio
498 1419 627 1498 cogitat:
661 1416 842 1498 Quanquam
864 1419 981 1500 possim
1003 1439 1057 1480 nu-

134 1502 224 1581 bere,
264 1510 366 1562 tamen
397 1501 500 1582 planet
533 1502 682 1580 virginem
717 1520 857 1582 manere,
891 1522 953 1564 non
987 1503 1059 1583 quia

135 1594 313 1667 praeoepta,
347 1604 410 1646 non
442 1585 513 1665 quia
542 1585 699 1663 consulta,
729 1604 790 1646 non
825 1586 896 1665 quia
923 1588 1059 1668 pretiosa

135 1677 165 1729 et
201 1688 315 1751 magna
347 1687 422 1751 prae
456 1668 565 1729 oeteria
597 1667 777 1744 virtutibus,
820 1668 874 1730 sed
908 1670 980 1750 quia
1014 1669 1059 1729 aio

134 1752 208 1813 mihi
248 1754 347 1814 rieum
387 1758 434 1812 eet
470 1753 589 1826 vivere,
629 1751 707 1811 nont
746 1751 833 1813 alteri
873 1753 972 1814 visum
1012 1759 1059 1813 eet

134 1835 249 1898 nubere
293 1834 344 1896 val
370 1834 541 1915 agricolari.
584 1833 666 1895 Nolo
689 1835 770 1896 enim
796 1836 962 1897 >molestias
984 1855 1055 1896 oon·

131 1919 221 2000 iugii,
258 1919 333 1981 volo
373 1917 470 1980 libera
503 1936 572 1978 ease
604 1936 624 1977 a
655 1919 734 1978 auris
764 1925 795 1979 at
827 1919 895 1979 Deo
936 1937 1057 1980 vaoare.

132 2003 215 2064 ane
236 2003 298 2064 hoo
318 2008 366 2063 eat
380 2001 581 2083 aimplioitate
603 1999 777 2062 Christiana
798 2003 947 2083 virginem
978 2020 1057 2078 esee,

133 2105 212 2166 quaa
242 2105 305 2148 non
335 2087 377 2145 in.
399 2105 433 2147 oe
464 2087 549 2166 ipsa,
586 2083 640 2145 aed
673 2086 702 2145 in
737 2084 859 2146 Christo
895 2084 1057 2165 glorietur.

131 2169 348 2249 Unusquisque
370 2170 451 2228 enim
473 2171 503 2229 in
533 2168 617 2230 dono
646 2186 702 2229 eno
739 2166 832 2230 dehet
859 2169 953 2251 gratia
991 2167 1058 2229 Deo

133 2252 258 2332 servire,
280 2269 390 2311 omnen
413 2257 516 2312 autem
537 2253 693 2312 eommuni
716 2249 788 2312 fidei
818 2251 995 2332 virginitate
1024 2251 1056 2311 in

134 2352 195 2394 uno
217 2333 343 2394 Ohriato
360 2332 500 2412 gloriari,
530 2333 581 2393 ubi
603 2352 666 2394 non
697 2341 746 2395 eat
774 2335 929 2396 maaoulna
956 2353 1058 2415 neque

132 2417 257 2494 famina,
280 2416 324 2476 ita
346 2433 405 2476 neo
425 2415 513 2494 virgo
536 2433 596 2475 neo
618 2417 771 2493 coniunx,
801 2436 860 2478 noo
887 2417 979 2478 vidam
1001 2434 1059 2478 neo

133 2498 270 2577 ooalaha,
292 2497 347 2559 aad
370 2516 478 2559 ornnes
500 2517 593 2558 unum
615 2499 647 2557 in
671 2497 803 2564 Christo.

216 2583 284 2644 Huo
305 2582 459 2662 pertinent
488 2579 681 2643 nobilissima
708 2600 783 2662 prae
820 2583 929 2643 eeteria
957 2600 1059 2643 exem·

133 2667 239 2748 plain
262 2666 340 2728 Vitia
363 2665 497 2745 Petrum,
520 2663 570 2724 ubi
588 2664 736 2725 ooriariua
755 2662 807 2725 ille
829 2663 1058 2725 Alexandrinus

134 2749 239 2812 divino
264 2748 389 2810 oraculo
413 2748 561 2827 aequalia,
583 2747 647 2809 imo
671 2747 780 2809 melior
793 2747 930 2809 Antonio
953 2745 1059 2808 deflui·

132 2839 197 2911 tur,
225 2834 361 2895 coniunx
392 2832 509 2912 virgine
532 2837 586 2892 aut
618 2829 753 2910 onelibe‚
787 2832 863 2892 oivie
895 2829 1058 2909 monacho,
1097 2840 1100 2845 ’

132 2915 273 2997 plebeius
298 2915 526 2976 monachornm¹
542 2918 651 2995 patre,
662 2919 694 2974 et
707 2912 793 2995 illud,
817 2913 869 2976 ubi
885 2912 1059 2993 Paphnutio

134 2999 283 3080 aequales
303 2998 382 3059 flunt
404 2997 483 3059 duae
505 2996 665 3057 maritatae
690 2996 849 3076 mulieres,
881 3003 912 3057 et
934 2995 1058 3076 quidam

132 3081 293 3146 Aulaedue
315 3079 470 3161 quondam
494 3081 572 3141 latro
602 3085 659 3141 ato.
710 3079 790 3156 Quid
819 3077 881 3142 illie
910 3078 1080 3160 exemplis.

132 3167 218 3227 Deua
239 3164 347 3240 voluit,
371 3165 429 3226 niei
450 3170 577 3247 propter
599 3163 732 3226 Sannina
753 3165 830 3226 istos
854 3163 956 3224 adhue
987 3182 1059 3243 pau-

133 3250 229 3310 lulum
255 3247 375 3309 differre
396 3249 507 3328 impiae
531 3253 685 3309 saetarum
708 3245 863 3308 doetrinae
885 3251 917 3306 et
937 3246 1058 3307 institu-

134 3333 249 3409 tiones,
284 3350 364 3410 quae
385 3331 445 3392 iam
475 3338 538 3391 tum
572 3329 760 3411 incipiebant
792 3329 939 3391 adversus
967 3327 1059 3390 fidem

133 3434 254 3477 summa
267 3415 374 3495 epeoie
392 3413 530 3474 irruere?
553 3412 631 3475 Sunt
647 3413 738 3494 igitur
755 3412 838 3474 dona
853 3413 911 3473 Dei
928 3411 1060 3488 diversa,

133 3505 164 3560 et
195 3516 326 3580 magna,
358 3504 390 3557 et
418 3514 529 3577 parva,
565 3499 590 3561 l.
615 3495 751 3558 Corinth.
780 3495 828 3560 12.
858 3502 889 3556 et
910 3497 940 3573 7,
973 3494 1059 3556 dives

134 3580 224 3662 plura
242 3580 336 3642 hahet
358 3598 450 3659 quarn
471 3597 599 3660 pauper,
621 3578 677 3640 aed
698 3598 790 3639 nemo
811 3577 967 3658 p'er'haeo
987 3595 1055 3638 oao-

208 3759 238 3828 *)
258 3761 351 3836 Lunae
371 3762 415 3818 14.
