2392 4170
339 256 481 315 Ambrosii
500 258 608 315 cauea
626 275 650 317 a.
669 259 751 319 ibit«
951 258 1015 324 317
1121 302 1128 311 ·

88 417 139 473 tur
160 411 314 492 principes
337 419 368 472 et
390 415 492 493 capita
514 413 712 476 ecelesiarum
736 413 882 475 habemus
904 413 1013 475 haruin

90 493 243 556 indorum
266 502 400 559 autores

174 575 260 638 Haeo
282 585 384 638 autem
407 586 455 639 eet
475 579 596 658 plaga
588 600 652 640 rrae
674 580 741 645 Dei
768 581 885 641 mittere
908 599 1014 676 opera·

88 661 190 723 tiones
214 663 324 723 erroris
356 668 386 722 at
407 662 703 742 pseudoprophetas
746 662 823 725 Nam
847 665 1015 726 misericor*

89 743 161 804 diae
182 741 338 824 flagellum
352 753 408 822 est,
430 753 558 825 pestem,
581 745 727 825 gladium,
749 746 871 816 famem
894 746 1015 826 aliaque
1127 783 1130 794 ·

88 827 266 922 corporalia
288 828 368 888 mala
389 829 515 907 inferre,
544 837 573 887 at
597 831 717 907 privare
740 829 833 890 verbu
855 819 962 890 salutis
983 837 1015 890 et

89 911 211 971 mittere
231 925 383 971 venenum
407 915 534 988 erroris,
561 913 621 972 boo
643 911 781 972 ultimum
805 921 850 972 est
872 914 935 972 irae
955 911 1014 974 Dei

89 992 214 1056 malum.
258 993 383 1054 Poterat
404 993 443 1054 de
463 993 563 1055 Turoa
586 994 681 1054 videri
701 995 821 1056 loeutus
840 995 960 1073 Daniel,
983 997 1013 1057 iu

88 1077 177 1136 enirn
214 1078 343 1155 imperio
378 1077 620 1137 obscuraverunt
657 1077 790 1158 populos
828 1079 1014 1157 iniquitates,

89 1159 148 1219 nisi
171 1158 269 1219 daeo
293 1161 464 1239 principatu
487 1179 545 1220 uos
557 1160 663 1220 Petrus
687 1162 811 1220 doceret
833 1161 1013 1241 intelligere,

88 1243 143 1320 qui
165 1244 195 1301 in
217 1243 334 1322 populo
358 1243 413 1302 Dei
437 1245 561 1323 geritur,
584 1251 614 1302 et
636 1243 674 1302 de
696 1246 742 1322 iia,
766 1246 817 1322 qui
842 1244 911 1304 loeo
934 1244 1015 1305 Dua·

88 1335 189 1385 torum
213 1332 244 1384 et
266 1327 483 1405 episcoporum
494 1327 612 1404 sedent,
634 1328 712 1386 sieut
734 1337 765 1385 et
779 1327 885 1387 Daniel
910 1329 1014 1387 deeia·
1073 1384 1078 1390 .

88 1407 160 1468 dem
182 1427 251 1468 aeae
274 1408 357 1487 loqui
380 1409 457 1470 intra
479 1409 629 1487 ostendet,
648 1410 757 1488 aquales
778 1419 866 1469 erant
887 1413 917 1469 in
940 1412 1015 1471 anti·

88 1509 152 1570 qno
172 1490 289 1571 populo
312 1490 379 1551 falsi
401 1492 579 1571 prophetae.
622 1491 708 1552 Haeo
724 1493 805 1552 euim
827 1492 866 1552 ad
884 1491 1015 1553 Tuream

88 1593 152 1634 non
174 1575 341 1654 pertinent,
371 1576 422 1653 qui
444 1576 565 1635 abieoto
589 1574 772 1655 baptismate
794 1582 824 1635 et
845 1575 1015 1655 Evangelio

88 1659 149 1718 iam
174 1657 306 1753 populus
328 1657 384 1717 Dei
406 1677 469 1720 uon
492 1667 539 1718 est
561 1676 618 1718 neo
639 1658 777 1737 babetur,
799 1661 887 1719 sicuti
903 1659 1015 1720 baben-

88 1749 149 1818 tur,
172 1742 223 1818 qui
246 1741 412 1838 episcopos
434 1741 575 1801 habent
569 1760 598 1801 in
620 1741 788 1860 baoparte,
811 1744 851 1800 sit
868 1761 942 1822 ergo
955 1741 1016 1802 hoo

87 1825 188 1904 primo
211 1825 359 1903 positum:

173 1905 262 1966 Hune
291 1924 396 1985 regem
417 1906 483 1967 fore
518 1924 679 1986 magnum
714 1916 845 1985 quantus
877 1908 924 1966 vel
960 1927 1016 1968 rex

88 1990 251 2050 Persarum
275 1990 322 2050 vel
346 1988 551 2066 Graecorum,
584 1990 632 2050 vel
654 1991 882 2067 Romanorum,
905 1989 1015 2051 deinde

88 2079 286 2152 regnaturum
308 2074 339 2132 in
363 2072 501 2132 doctrina
531 2073 705 2149 hominum,
739 2075 886 2134 adversus
909 2073 1015 2133 illumi-

88 2158 247 2217 nationem
269 2154 431 2234 Evangelii
454 2156 484 2214 in
508 2157 624 2235 populo
647 2155 768 2218 Christi.

77 2300 82 2308 ,
172 2239 232 2300 Pro
254 2239 394 2318 ingressu
424 2240 550 2300 visionis
581 2240 669 2299 buius
698 2240 791 2299 verba
812 2239 893 2300 Petri
916 2241 1017 2301 videa·

89 2341 168 2384 mus.
211 2320 287 2396 Quis
314 2325 395 2381 enim
423 2321 478 2381 hae
501 2322 675 2401 iniquitates
704 2342 765 2383 non
796 2323 930 2383 videtin
954 2322 1015 2384 Ro·

91 2424 202 2466 manae
237 2404 388 2465 eeclesiae
424 2413 563 2483 pastores
603 2405 641 2466 ad
676 2426 808 2485 unguem
844 2405 1016 2485 quadrare?

91 2487 209 2563 Quibus
232 2487 407 2567 loqueretur
428 2487 553 2563 Petrus,
576 2490 632 2547 nisi
655 2490 717 2548 auis
740 2489 903 2565 Romanis,
934 2489 1015 2568 apud

91 2591 169 2651 quoa
193 2572 240 2630 eui
262 2571 329 2632 libri
340 2572 466 2650 recepti,
487 2577 586 2631 etsua
607 2574 755 2635 autoritas
768 2574 900 2631 maxime
914 2571 1016 2632 valet?

91 2655 202 2718 Nonne
226 2654 328 2714 Moses
351 2663 382 2714 et
402 2653 572 2733 prophetae
593 2673 650 2714 auo
674 2654 790 2735 populo
813 2655 906 2714 loouti
925 2654 1016 2714 aunt?

92 2737 179 2800 Sient
200 2737 313 2798 Paulus
336 2737 408 2797 dicit
430 2737 519 2798 Rom.
542 2740 577 2801 3:
600 2736 734 2810 Scimus,
757 2738 901 2817 quoniam
926 2755 1016 2816 quae·

92 2841 213 2900 cunque
235 2821 288 2882 lex
309 2821 457 2899 loquitur,
492 2823 531 2900 iis!
557 2823 608 2899 qui
631 2823 660 2880 iu
683 2821 752 2901 lege
781 2829 852 2880 aunt
874 2821 1016 2898 loquitur.

93 2905 204 2978 Erunt,
237 2905 351 2983 iuquit,
381 2903 533 2965 iuvabis.
584 2902 701 2978 Quibus
731 2902 842 2964 vobis?
875 2904 932 2962 nisi
965 2905 1017 2981 qui

93 2988 213 3049 Petrum
237 2987 366 3048 audiunt
385 2994 416 3048 et
444 2997 625 3067 agnoscunt.
668 2987 733 3047 Noe
757 3006 847 3067 ergo,
880 2988 930 3065 qui
961 2985 1017 3048 sub

93 3071 233 3133 Romana
255 3069 415 3150 Babylone
436 3090 558 3148 sumus,
580 3090 617 3131 ea
639 3070 733 3130 verba
749 3079 886 3150 tangunt,
908 3070 938 3128 in
962 3087 1016 3130 uo·

94 3154 139 3215 bis
162 3153 281 3233 impleri
303 3160 440 3233 oportet,
471 3172 550 3233 quae
574 3153 700 3230 Daniel,
723 3152 877 3231 Christus,
900 3153 1017 3232 Petrus,

92 3236 216 3314 Paulus,
237 3236 339 3314 Iudae,
360 3234 515 3297 Inbaunes
537 3239 567 3298 in
590 3238 689 3316 Apoa.
712 3236 939 3316 praedixerunt.

177 3319 284 3381 Falaoe
305 3320 459 3380 Doctores
481 3340 585 3381 nonne
612 3323 674 3380 iam
704 3320 806 3379 multis
828 3320 914 3379 annis
941 3321 1017 3398 pati-

94 3402 183 3464 mur?
209 3405 266 3482 qni
289 3404 443 3464 exstineto
467 3403 637 3483 Evangelio
660 3422 730 3463 suas
754 3403 932 3463 traditiones
960 3421 1017 3463 nos

94 3486 228 3550 donent..
262 3485 403 3546 Universi
417 3488 564 3567 episcopi,
587 3493 737 3567 pastores,
760 3486 896 3565 theologi
921 3486 1017 3546 notati

94 3579 164 3630 sunt
185 3570 234 3630 bia
258 3571 396 3649 egregie,
426 3587 554 3649 quorum
578 3571 714 3630 omnium
738 3589 799 3629 una
819 3570 938 3629 insania
961 3575 1019 3647 est,

94 3653 218 3714 decreta
242 3652 370 3714 Romani
393 3652 550 3714 Pontifiais
573 3652 710 3713 exaltare
732 3661 762 3712 et
779 3652 952 3713 bominibus
973 3652 1017 3710 iu·

95 3737 228 3800 ouleare.
280 3735 379 3814 Quam
412 3756 486 3799 vero
518 3735 699 3817 emphatiaie
731 3743 762 3797 et
791 3736 890 3815 plenis
917 3733 1018 3795 verbis
