2392 4170
468 246 599 307 ministris
616 197 763 307 soolssiss:
995 245 1058 316 535

137 442 264 505 prorsus
287 411 512 501 desistendum,
535 439 597 482 non
620 421 802 483 luotsbimm
815 419 842 503 ¹)
864 438 933 481 oum
968 438 1061 484 osms
1091 411 1096 431 '

136 514 167 567 st
187 507 348 605 sanguine,
377 504 431 567 sed
454 524 523 565 oum
547 504 753 585 spiritualibus
775 505 917 585 nequitiis
930 504 977 580 -in
991 521 1060 566 oos-

134 588 304 735 lembilddso
325 671 363 734 ds
391 671 512 734 rstions
545 636 720 733 instituendi
751 671 951 732 ecelesiastici
972 671 1060 731 mini·

137 757 218 817 storii
242 775 297 838 pro
320 775 390 816 mes
411 755 560 816 tenuitate
584 754 726 834 (quondo
748 756 791 816 ita
809 753 960 835 oportuit)
984 752 1060 831 dixi,

137 838 203 900 sliis
226 838 403 901 melioribus
426 848 457 899 st
478 837 666 898 doctioribus
688 839 869 919 optimoque
892 836 993 899 dicero
1007 857 1059 899 vs·
1175 879 1177 883 «

136 922 268 983 lentibus
290 924 485 984 ooonsionem
508 921 647 1001 sapiendi
668 929 699 982 et
720 921 841 982 dioondi
856 919 978 982 dedisse
989 919 1061 982 son·

136 1012 249 1067 tentus.
291 1005 361 1067 tion
385 1007 465 1066 enim
490 1007 593 1066 omnis
615 1009 910 1085 possumusomnos,
932 1011 963 1065 et
985 1004 1059 1066 divi·

136 1089 519 1166 sionesministmtionum
542 1094 629 1167 sunt,
668 1107 744 1148 unus
774 1094 876 1148 autem
899 1088 1060 1169 Dominus,

137 1174 189 1252 qni
212 1179 356 1255 oporatur
375 1190 438 1232 non
460 1174 491 1232 in
513 1190 575 1232 uno
597 1171 677 1252 solo,
698 1169 753 1232 sed
774 1173 803 1231 in
822 1170 974 1251 omnibus,
997 1190 1060 1233 non
1106 1186 1108 1190 ·

137 1257 227 1315 siouti
248 1273 306 1317 nos
327 1256 478 1335 volumus,
500 1253 556 1315 sed
579 1255 743 1339 sicutipse
766 1255 839 1317 vult.
1099 1256 1102 1260 ’

220 1337 423 1400 Ceterumde
444 1336 628 1419 oorrigsndn
649 1338 742 1399 idisss
764 1345 794 1399 et
815 1339 899 1398 onitu
921 1336 978 1398 Dei
1014 1338 1060 1398 in·
1124 1396 1128 1403 .

137 1419 304 1483 stonmndo
326 1421 454 1502 aliisque
475 1420 583 1481 officiis
606 1421 763 1482 ministerii
780 1421 986 1495 ,ecclesiastici
1008 1427 1061 1481 sut

138 1505 188 1567 ulii
211 1504 324 1582 dioent,
346 1510 400 1564 aut
419 1503 480 1564 alio
503 1512 641 1584 tempore
662 1505 730 1585 ipso
752 1505 1059 1584 dioom,'quanusm
1147 1540 1153 1556 =

139 1591 164 1648 si
186 1586 224 1647 ad
247 1587 448 1670 Evangoiium
481 1587 635 1648 institutus
669 1589 707 1647 sit
735 1589 887 1669 minister,
909 1589 978 1668 ipss
1004 1605 1061 1668 per

138 1689 208 1732 sess
243 1670 374 1731 dosonte
402 1670 610 1730 unctionsxin
645 1669 704 1731 huo
725 1690 758 1731 re
779 1670 908 1732 feliciter
929 1672 1060 1751 regusrs

138 1760 249 1836 potest.
292 1750 384 1817 Nunc
405 1754 485 1814 enim
509 1753 582 1813 sutis
604 1759 660 1834 est,
679 1750 708 1813 'si
721 1754 852 1836 primum
869 1752 1059 1815 orationibus

139 1844 170 1898 et
191 1838 270 1899 votis
309 1835 390 1918 apud
413 1835 512 1897 Deum
540 1837 703 1918 impetrare
729 1837 830 1917 ipsum
859 1836 1058 1917 ministerium
1142 1872 1146 1877 ·

139 1927 171 1983 et
199 1922 394 2001 impetratum
418 1919 523 1981 videro
543 1938 583 1992 ao
601 1918 736 2001 gaudere
757 1920 842 2001 digni
863 1920 1018 1984 iussimus.

551 2101 645 2165 Finis.
666 2163 668 2168 .

413 2267 415 2271 Α
478 2251 709 2339 unxxmu.

139 2427 348 2441 Ἣ

207 2480 240 2547 1)
259 2477 379 2535 Ibidem:
397 2479 540 2536 luctamur.
576 2480 605 2549 2)
624 2478 676 2537 llio
702 2430 835 2541 numerud
859 2483 993 2554 repetitus
1020 2488 1064 2546 sot
1096 2514 1098 2519 ¹

137 2565 172 2606 οι
190 2549 234 2606 sd.
253 2543 322 2620 ion,
341 2566 397 2607 non
415 2549 518 2624 legitur
535 2551 565 2606 in
583 2552 627 2609 sd.
646 2552 716 2624 orig.
