2392 4170
147 259 209 327 196
338 261 462 317 Auertio
483 278 561 318 omn.
579 263 657 317 artic.
675 259 710 315 Ι).
732 263 765 314 ii.
780 260 813 315 -h
832 274 882 330 per

417 415 585 492 Quartus
607 415 797 476 decimus:

208 555 317 617 Nuilus
349 556 440 616 debet
474 556 625 617 sacerdoti
661 555 864 636 respondere,
900 574 968 616 sese
1000 571 1070 612 esse

209 640 384 717 contritum,
407 657 464 699 nec
486 639 630 700 sacerdos
653 640 816 718 requirere.

42 813 45 817 ,
227 755 297 819 Ηοο
323 757 393 833 ideo
423 756 502 835 dixi,
538 760 609 837 quis
636 759 668 818 in
694 756 807 817 iudicio
833 756 890 817 Dei
917 755 995 814 haec
1021 771 1071 814 res

147 841 296 902 consistit.
349 840 431 902 Dicit
464 843 545 901 enim
580 841 690 901 Paulus
717 840 739 902 Ι.
763 839 899 901 Corinth.
921 839 956 899 4:
987 832 1070 897 Nihil

146 923 219 985 mihi
242 925 385 985 conscius
407 942 484 1000 sum,
508 925 642 985 sednon
665 926 695 985 in
706 923 768 983 hoc
789 919 970 986 iustificatos
991 937 1072 994 sum,

146 1014 178 1068 et
200 1011 253 1072 10:
276 1005 345 1067 Non
368 1003 419 1088 qui
442 1009 590 1087 seipsum
615 1006 825 1084 commendat,
851 1005 903 1065 iiie
924 1002 1072 1083 probatus

146 1096 203 1153 est.
240 1089 281 1151 Et
301 1109 336 1150 su
360 1088 438 1172 rn*)
453 1091 576 1167 „dicium
600 1097 661 1151 est:
686 1091 804 1150 Delicta
823 1092 890 1168 quis
906 1082 1069 1166 inteiligit?
1110 1167 1112 1170 Ι

147 1172 179 1234 si
201 1190 276 1253 ergo
299 1109 424 1235 dederet
445 1174 537 1235 homo
551 1173 738 1254 respondere
761 1192 794 1233 se
816 1191 885 1232 esse
898 1169 1073 1247 contritum,

147 1266 309 1337 cogeretur
330 1256 368 1316 ad
390 1258 451 1317 hoc
471 1258 677 1339 impossibiie,
701 1267 733 1316 ut
755 1256 865 1316 deiicis
888 1273 943 1314 sus
965 1250 1070 1313 inteiii·

146 1349 250 1421 geret,
281 1345 311 1400 et
333 1359 367 1401 se
396 1342 495 1420 ipsum
525 1339 702 1402 iustificaret
731 1358 768 1400 ac
788 1338 941 1420 probaret.
984 1335 1075 1395 Nunc

149 1432 250 1486 autem
273 1424 303 1483 in
327 1423 537 1485 misericordia
559 1424 615 1484 Dei
633 1425 722 1484 situm
747 1432 802 1497 est,
827 1420 1073 1502 quaesoutritio·

147 1526 217 1567 nem
239 1525 295 1588 pro
320 1517 365 1567 ter
385 1505 476 1567 iidem
488 1515 639 1589 acceptat,
659 1506 836 1586 ignoscens,
859 1505 909 1565 ubi
924 1522 984 1563 non
998 1503 1074 1563 satis

147 1589 270 1653 fuerit·
289 1527 340 1650 gie
361 1591 441 1650 eninr
464 1589 540 1651 fldes
563 1592 667 1668 faciet,
691 1598 722 1649 ut
745 1589 904 1666 contritio,
933 1605 1013 1666 quae
1035 1584 1075 1645 de

148 1692 182 1734 se
203 1672 286 1734 nuiis
309 1680 356 1734 est
377 1676 466 1757 satis,
488 1694 526 1735 ne
549 1676 692 1735 contritio
716 1671 837 1751 quidem
850 1669 900 1753 ¹),
922 1689 978 1751 pro
1002 1687 1074 1730 oon-

147 1755 270 1817 tritione
303 1763 468 1837 reputetur.
511 1757 582 1819 Non
615 1760 695 1818 enim
729 1756 891 1834 contritio,
921 1752 975 1813 sed
996 1749 1074 1812 iides

150 1846 309 1920 reputatur
330 1839 369 1900 ad
391 1840 554 1914 iustitium,
575 1840 664 1900 Rom.
687 1841 716 1902 4.
1074 1858 1078 1864 ’

58 1914 71 1934 ”
229 1921 273 1986 At
294 1923 343 1982 isti
366 1923 545 1983 seductores
567 1922 639 1983 dota
661 1942 756 2002 opere
779 1921 884 1982 voiunt
901 1938 958 1980 nos
980 1936 1075 1998 snper

149 2012 287 2067 nostrum
315 2024 393 2086 opus
421 2005 585 2067 aedificare
607 2012 637 2064 et
669 2008 706 2066 sd
730 2004 922 2065 mendacium
952 2019 1076 2082 cogere.

150 2087 227 2151 Cum
250 2089 331 2149 enirn
360 2109 451 2150 nemo
482 2108 538 2149 sue
564 2097 693 2169 peccata
720 2096 886 2167 agnoscat,
916 2083 1075 2165 quomodo

150 2179 253 2253 potest
273 2190 342 2231 sese
371 2191 442 2232 vere
471 2175 633 2233 contritum
662 2170 820 2232 asserere?
852 2171 917 2230 imo
952 2167 1075 2228 cumin

150 2255 250 2336 primo
273 2255 401 2315 articulo
425 2255 537 2316 dictum
561 2257 615 2333 sit,
638 2274 745 2315 omnes
768 2254 899 2315 Sanctus
923 2252 1024 2313 adhuc
1044 2251 1076 2311 in

150 2356 242 2398 carue
259 2356 394 2456 peccare
416 2347 446 2398 ei
468 2347 597 2420 peccato
621 2341 750 2415 servire,
781 2340 872 2398 tutius
895 2337 985 2396 fuerit
1007 2353 1077 2395 cum

150 2419 250 2481 David
280 2422 315 2494 *i
340 2419 455 2482 dicere:
477 2422 547 2483 Non
563 2425 656 2483 inires
674 2425 703 2482 in
727 2422 870 2482 iudicium
894 2439 962 2480 cum
985 2412 1077 2479 servo

151 2510 220 2583 tuo,
244 2503 387 2584 Domine,
409 2513 439 2565 et
461 2504 599 2566 confiteri
621 2525 654 2566 se
677 2525 738 2566 non
762 2525 830 2565 esse
853 2506 943 2584 digne
966 2501 1077 2563 contri-

32 2596 37 2605 ‘
152 2594 275 2647 tunsae
298 2608 353 2668 pro
376 2589 436 2649 hoc
463 2591 530 2670 ipso
558 2609 696 2671 gemere,
731 2588 813 2667 quod
838 2591 997 2648 resistente
1019 2584 1076 2645 sibi

151 2670 221 2753 lege
242 2673 361 2752 peccati
383 2675 412 2734 in
436 2672 578 2734 membris
614 2675 729 2733 conteri
760 2673 850 2751 digne
884 2690 944 2731 non
967 2668 1077 2750 possit,

151 2760 185 2816 ui
206 2753 246 2815 ad
275 2755 501 2816 misericordiae
524 2757 759 2836 promissionem
780 2752 948 2836 perfidem
970 2752 1077 2815 coufu-

151 2837 230 2921 giat,
264 2844 294 2898 et
327 2838 386 2899 hac
412 2841 481 2920 ipsa
503 2838 562 2899 iide
584 2841 742 2920 impetret,
778 2839 860 2919 quod
893 2837 1077 2899 contritione

151 2921 316 3002 impetrare
338 2940 398 2982 uon
421 2929 532 3003 potest.

233 3003 330 3084 Igitur
357 3003 447 3066 fidem
480 3008 583 3087 potius
617 3004 761 3067 sacerdos
791 3006 911 3085 exigat,
946 3009 977 3064 ei
997 3003 1078 3063 hanc

152 3097 270 3148 asserat
289 3091 451 3167 poenitens
474 3089 620 3150 dicendo:
644 3090 711 3170 Ego
735 3088 838 3166 credo,
860 3087 951 3147 fidem
974 3094 1076 3147 autem

153 3172 321 3232 certissime
343 3174 455 3232 sentire
477 3180 579 3254 potest
603 3174 631 3233 in
655 3173 762 3249 eorde,
784 3173 809 3231 si
833 3191 899 3231 eam
922 3170 1024 3250 hebet,
1046 3178 1079 3231 ut

153 3254 341 3335 Augustinus
365 3256 446 3333 dicit,
468 3265 498 3316 et
519 3255 632 3317 Pauins
654 3258 683 3319 2.
698 3254 835 3316 Corinth.
859 3254 925 3317 uit:
949 3253 1077 3314 Vosmet

152 3338 238 3421 ipsos
260 3345 386 3415 tentate,
408 3341 434 3400 si
458 3341 531 3400 estis
555 3342 583 3399 in
607 3338 678 3415 fide,
700 3341 758 3419 ipsi
776 3335 836 3397 'vos
860 3337 998 3418 probate.
1019 3336 1075 3397 An

153 3439 215 3483 nou
238 3422 424 3503 cognoscitis
448 3421 686 3504 vosmetipsos?
709 3424 780 3501 quis
798 3421 934 3484 Christus
947 3421 1030 3482 Iesus
1046 3420 1077 3481 in

159 3594 462 3604 u—-uu-..a—..m-..r
486 3598 489 3602 .
507 3598 510 3602 ,
526 3595 575 3602 ...m

185 3688 188 3695 ’
209 3694 422 3762 'iPssim.19.
454 3695 499 3763 ”i
518 3694 621 3750 Psaim.
642 3695 701 3750 143.

28 3760 63 3938 b
207 3767 239 3835 1)
259 3765 290 3820 ln
310 3766 425 3823 eddon.
444 3767 544 3823 desunt
561 3768 740 3822 haecvcrba:
761 3780 795 3818 ne
816 3766 947 3837 contritio
957 3761 1079 3834 quidem.
