2392 4170
384 255 510 314 Rationis
530 255 709 311 Letomlanae
725 254 778 312 eto.
988 247 1051 317 litt

130 422 255 474 mavors
276 411 376 492 legem
398 412 487 473 illusi.
530 412 731 488 doeendus,
758 408 841 490 quod
864 408 970 469 Petrus
997 408 1050 468 im-

130 493 278 576 possibile
301 495 382 556 dioit.
426 494 505 572 Quid
529 501 630 556 autem
666 493 772 555 delinit
802 490 947 552 tandem?
991 489 1050 552 sed

131 594 187 658 per
219 579 363 659 graiium·
380 577 513 660 (inquit)
547 577 670 637 Domini
710 577 805 638 nostri
836 573 907 637 Iesu
939 574 1050 635 Christi

131 661 285 722 eredimus
320 661 452 740 salvari,
486 659 747 741 quemadmodum
781 665 811 720 et
832 658 884 720 illi.
929 657 968 718 lit
988 672 1051 717 non

131 744 244 823 tabes,
273 745 379 821 Petne,
411 745 611 804 substantiam
634 743 804 821 fastorum,
840 760 918 822 quae
951 747 1053 821 portet

131 840 210 888 odas
232 833 265 887 et
284 828 412 907 gratiam
435 837 524 907 sogal
548 825 681 886 adesse?
721 842 726 847 ·
750 866 754 877 ·

219 909 337 971 Omitto
361 927 407 986 ea,
431 928 510 989 quae
524 912 561 968 ad
579 906 786 988 Hebraeos*)
812 920 873 969 tlon
898 925 957 967 uno
981 907 1051 966 loeo

135 992 173 1053 de
208 992 458 1073 impossibilitate
488 993 546 1052 ista
580 993 730 1072 loquitur,
762 991 900 1052 Chiistus
931 1002 1054 1069 quoque

134 1075 238 1138 lltttlt.
264 1078 312 1140 19.
334 1074 386 1136 nbi
408 1075 553 1153 dixisset,
585 1075 706 1136 facilius
738 1092 825 1152 esse,
856 1081 890 1134 ut
918 1073 1053 1133 camelus

133 1165 270 1221 transeat
289 1172 345 1238 per
365 1158 502 1218 foramen
525 1170 610 1237 udus,
634 1174 724 1238 quum
748 1168 781 1217 nt
801 1156 889 1217 dives
909 1157 1002 1216 intret
1022 1156 1053 1214 in

136 1258 263 1322 ragnum
286 1240 454 1318 ousiarum,
477 1241 669 1322 et³disaipuli
693 1245 861 1323 stupentes,
882 1238 1054 1319 impossibi

134 1324 192 1385 lem
222 1342 291 1383 esse
322 1324 468 1402 salutem,
497 1324 647 1385 dicerent:
691 1323 731 1384 lit
764 1324 831 1402 quis
860 1328 963 1403 potest
995 1320 1054 1382 sal·

135 1424 187 1467 uus
225 1405 313 1467 listi?
355 1409 422 1488 ipsa
450 1407 576 1488 ignarus
613 1407 702 1468 huius
737 1407 877 1486 ptiuoipii
900 1405 969 1465 lldei
993 1421 1055 1465 non

135 1490 271 1570 negavit,
293 1490 356 1550 imo
380 1490 544 1550 affirmavit
553 1489 746 1571 impossibile
767 1488 848 1550 istud
860 1488 976 1567 salutis,
999 1501 1056 1548 neo

135 1574 262 1633 mutavit
282 1573 313 1632 in
328 1571 461 1651 diiiloile,
485 1571 540 1632 sed
557 1574 672 1635 sioait:
693 1570 889 1652 Impossibile
912 1577 958 1632 est
973 1569 1053 1651 apud

134 1655 290 1733 homines,
325 1656 378 1716 sed
416 1656 497 1737 apud
520 1656 618 1717 Deum
649 1656 753 1717 omnis
781 1658 852 1715 sunt
886 1653 1055 1736 possibilia

137 1736 203 1800 Hos
225 1739 307 1798 enim
329 1757 391 1798 non
414 1745 533 1799 tantum
557 1740 595 1800 de
617 1738 819 1815 divitedixit,
841 1738 896 1798 sed
920 1737 958 1798 ad
982 1736 1054 1797 illud

134 1821 308 1902 respondit:
330 1820 405 1898 Quis
427 1828 530 1902 potest
550 1823 654 1883 salvus
676 1821 764 1883 lieni?
786 1820 917 1882 Proinde
933 1834 1002 1880 eum
1025 1821 1055 1879 in

135 1922 219 1966 novo
230 1904 429 1964 'testamento
452 1904 839 1988 propiieregnsredebeat
856 1903 1055 1964 ministerium

135 1985 322 2068 spiritus,·id
345 1995 400 2065 est,
422 1990 611 2068 praedicatio
626 1991 754 2070 gantiae,
778 1995 809 2048 ut
830 1986 990 2067 apostolus
1005 1987 1057 2063 dit,

138 2069 307 2152 optandum
329 2070 394 2149 init,
416 2080 454 2131 ut
471 2071 532 2133 hoo
545 2072 673 2133 verbnm
696 2081 750 2133 aut
762 2071 967 2152 Hieronymus
981 2086 1054 2129 nun-

136 2172 227 2234 qunm
251 2153 381 2213 dixisset
408 2162 461 2214 aut
476 2156 511 2216 ‘in
535 2155 668 2216 tenebris
697 2155 849 2252 sepultum
875 2154 1055 2232 mansisset,

137 2237 316 2298 christianis
334 2238 413 2297 enim
436 2256 498 2298 nan
520 2239 665 2299 convenit
685 2239 744 2299 nisa
757 2239 886 2319 gloriam
901 2237 956 2297 liei
969 2252 1056 2319 prae·

136 2320 239 2381 diesne
261 2325 293 2379 et
315 2320 471 2398 oonflten‘,
491 2322 520 2380 id
545 2329 600 2397 ast,
622 2329 759 2382 nostram
780 2320 1056 2402 impossibilitatem

137 2412 166 2464 et
188 2403 245 2463 Dei
268 2403 521 2488 possibilitatem,
544 2413 577 2465 ut
597 2403 735 2465 Ohristus
758 2404 808 2464 hio
829 2402 919 2480 didit,
941 2404 1056 2466 omnia·

140 2506 199 2567 que
221 2486 369 2546 seandala
391 2487 603 2548 submovenda
624 2495 704 2568 sunt,
727 2504 806 2568 quae
830 2485 956 2548 liberum
980 2486 1055 2548 subl·

137 2572 225 2630 trium
257 2571 374 2650 erigere
402 2577 455 2631 aut
488 2570 595 2632 inflare
617 2577 760 2652 possent,
794 2569 885 2650 quale
916 2580 964 2630 est
996 2570 1057 2630 hod

137 2651 332 2713 deenetellum
362 2654 410 2713 vel
438 2655 517 2716 inter
546 2656 657 2736 prima,
694 2661 727 2715 ut
754 2673 830 2735 pura
860 2654 977 2733 gratiae
1000 2652 1056 2713 Dei

137 2747 167 2796 st
190 2743 314 2796 nostrae
338 2737 478 2798 miseriae
500 2739 636 2818 cognitio
660 2739 872 2798 custodiretur.

175 2838 177 2843 ·
220 2817 282 2879 Sed
312 2823 409 2880 movit
436 2821 516 2881 forte
552 2822 723 2899 hominem,
754 2820 842 2900 ‘quod
875 2819 952 2880 dixi:
987 2817 1056 2879 No'u

137 2903 242 2963 omnia
265 2901 322 2962 Dei
345 2903 489 2965 mandata
524 2906 616 2964 etiam
648 2905 677 2966 in
701 2905 799 2984 gratia
826 2903 917 2984 plene
938 2902 1058 2982 impleri

137 2988 167 3046 in
191 2986 250 3045 huo
272 2986 345 3046 vita.
387 2985 476 3061 Quae
498 3006 559 3048 uon
584 3006 663 3065 mes,
685 2987 739 3047 sed
753 2987 915 3068 Augustini
937 2992 1057 3047 senten·

138 3073 179 3129 tia
203 3075 251 3129 est
273 3072 301 3130 1.
324 3068 426 3132 Retia.
450 3071 505 3150 19,
534 3071 572 3131 de
590 3086 654 3150 oua
676 3071 754 3131 inira
773 3069 955 3131 videbimus.
997 3068 1057 3130 Sed

137 3153 187 3232 qni
229 3151 291 3210 dixi
325 3171 387 3211 nun
426 3153 508 3232 lieri,
543 3174 603 3214 non
640 3155 758 3234 negavi
785 3172 877 3234 posse
912 3152 993 3234 lieri,
1028 3159 1060 3213 et

138 3235 284 3315 Sophiste
314 3234 373 3295 iste
416 3236 595 3316 magnificus
631 3255 692 3298 non
726 3242 841 3297 tantum
881 3234 919 3296 de
944 3236 1059 3316 Lugios

137 3339 195 3378 sna
228 3317 348 3396 didiait,
384 3326 418 3378 ut
446 3321 553 3396 eoiret,
589 3319 761 3380 aliudesse
783 3337 844 3380 non
867 3317 947 3396 fleti,
975 3319 1057 3380 alind

139 3421 201 3463 non
242 3419 335 3481 posse
380 3401 453 3466 lieni.
513 3404 581 3484 Ego
615 3403 698 3464 dixi:
742 3402 811 3463 lion
847 3401 900 3482 lit,
945 3402 996 3463 ille
1017 3405 1058 3461 in-

138 3487 211 3548 fert:
249 3484 333 3564 Ergo
356 3484 474 3547 dixisti:
508 3506 569 3548 non
593 3493 696 3571 potest
716 3485 791 3550 flasi.
835 3484 909 3562 Quis
932 3486 1058 3565 dubitat,

195 3751 223 3816 ‘l
243 3751 357 3807 Hebrus.
376 3751 402 3808 7.
