2392 4170
134 233 177 301 72
388 234 431 290 Dc
452 233 530 306 capt.
552 220 648 304 Babffl.
667 232 808 290 Ecclesiae

221 389 320 453 Unum
345 389 395 451 hio
420 389 519 470 addo,
551 388 633 470 quod
663 391 777 451 aduam
807 391 924 452 cunctis
950 408 1062 470 queam

134 472 336 555 persuadere,
355 472 386 533 id
409 479 470 554 est,
495 480 527 534 ut
549 480 622 535 vota
644 494 769 556 prorsus
792 474 896 535 omnia
918 472 1061 535 tolleren-

135 564 182 619 tur
204 565 256 619 aut
279 558 459 636 vitarentur,
491 558 556 618 sive
578 559 638 617 sint
660 557 856 638 religionum,
888 559 952 617 sive
976 576 1064 637 pere·

134 642 355 722 grinatiouum,
385 642 450 700 sive
477 659 730 721 quorumcunque
752 661 896 722 operum,
925 659 1062 702 manere·

135 743 264 804 musque
291 725 321 784 in
351 723 491 785 libertate
520 724 750 805 religiosissima
778 732 807 785 et
842 725 1062 807 operosissima

134 808 287 888 baptismi.
329 808 397 868 Dici
421 827 482 868 non
507 815 623 888 potest,
647 815 792 888 quantum
821 806 961 868 detrabat
988 806 1063 888 bap·

135 892 226 953 tismo
263 896 294 952 et
328 890 470 951 obscuret
503 892 661 952 sciant-iam
695 892 841 952 libertatis
871 891 1064 952 Christianae

137 976 242 1056 opinio
264 974 317 1034 illa
338 980 492 1049 votorum,
513 975 582 1055 plus
604 977 697 1035 nimio
721 973 864 1050 celebris,
888 981 921 1035 ut
941 975 1061 1034 interim

134 1064 253 1119 taceauu
274 1057 400 1118 iulanda
421 1059 511 1117 etiam
535 1077 633 1138 eaque
646 1057 764 1118 infinita
784 1058 920 1138 pericula
944 1058 1060 1119 auima-

132 1161 218 1221 rum,
241 1160 320 1220 quae
343 1139 475 1201 vovendi
494 1142 554 1202 ista
574 1140 668 1202 libido
701 1141 937 1220 inconsultaque
967 1146 1061 1201 teme·

134 1225 207 1285 ritas
231 1224 367 1304 quotidie
389 1230 490 1304 auget.
534 1224 561 1286 Ο
588 1226 759 1304 impiissimi
782 1223 943 1305 pontifices
966 1229 997 1284 et
1018 1224 1062 1284 in·

134 1307 300 1368 felicissimi
323 1313 473 1388 pastores,
496 1308 546 1386 qui
564 1327 671 1368 secure
693 1309 827 1386 stertitis,
850 1316 880 1367 et
900 1308 930 1366 in
953 1307 1062 1368 vestris

135 1390 353 1471 cupiditatibus
371 1391 544 1466 ¹lascivitis,
578 1401 608 1450 et
631 1390 703 1451 nihil
726 1391 935 1471 compatimini
970 1409 1064 1470 super

134 1475 193 1535 ista
219 1475 403 1536 contritione
430 1473 542 1554 loseph
570 1475 705 1555 pessima
732 1481 763 1534 et
790 1474 1061 1554 periculosissima.

219 1557 363 1638 Oportuit
391 1556 440 1616 bic
466 1558 602 1637 generali
636 1556 737 1618 edicto
767 1557 815 1618 vel
840 1556 948 1620 tollere
977 1563 1061 1638 vota,

134 1640 187 1701 illa
208 1642 386 1721 praesertim
411 1648 571 1720 perpetua,
598 1647 629 1701 et
650 1640 688 1700 ad
710 1639 854 1721 baptismi
877 1645 950 1701 vota
972 1658 1063 1700 cunc·

133 1729 181 1784 tos
205 1742 353 1785 revocare
374 1723 422 1783 vel
446 1723 608 1803 diligenter
630 1743 770 1799 monere,
793 1724 922 1803 nequis
945 1729 1062 1782 temere

135 1813 276 1884 voveret,
311 1806 426 1866 nullum
457 1807 603 1885 invitare,
636 1808 699 1867 imo
728 1806 867 1867 difficiles
895 1803 1063 1884 tardosque

114 1909 203 1967 ,esse
224 1889 264 1950 ad
286 1895 359 1950 vota
369 1890 582 1970 permittenda.
616 1889 746 1950 Abunde
770 1891 849 1949 enim
873 1890 1013 1950 vovimus
1030 1889 1061 1949 in

134 1972 298 2052 baptismo,
320 1979 351 2033 et
362 1972 431 2052 plns
454 1990 544 2051 quam
556 1974 710 2052 possimus
725 1973 862 2054 implere,
886 1978 933 2034 sat
946 1973 1062 2052 negotii

85 2105 88 2110 .
135 2053 284 2132 habituri,
313 2056 337 2115 si
365 2055 437 2116 huic
458 2057 510 2115 nni
531 2056 757 2120 intenderimus.
803 2056 847 2117 At
873 2074 953 2115 nuuc
977 2073 1062 2116 marc

135 2145 164 2199 et
186 2136 301 2198 aridam
325 2138 497 2217 circuimus,
519 2146 551 2199 ot
573 2138 685 2199 multos
708 2138 881 2220 proselytae
902 2138 1062 2216 iaciamus,

133 2221 279 2282 mundum
302 2220 528 2301 sacerdotibus,
551 2222 727 2297 monacbis,
750 2222 933 2282 monialibus
955 2220 1062 2301 imple·

134 2323 217 2381 mus,
253 2310 284 2364 et
312 2303 369 2365 bos
398 2324 506 2365 omues
534 2307 689 2385 perpetuis
718 2306 798 2366 votis
825 2306 1062 2366 incarceramus.

133 2386 191 2446 Hic
211 2387 365 2465 invenias,
395 2387 445 2467 qni
475 2386 629 2468 disputent
650 2395 681 2448 et
702 2394 852 2464 statuant,
881 2406 960 2465 opus
982 2387 1063 2447 intra

134 2475 238 2530 votum
261 2489 330 2530 esse
351 2471 556 2550 praestantius
578 2489 672 2551 opere
695 2476 828 2532 extruet
850 2471 926 2530 citra
945 2478 1060 2544 votum,

135 2559 165 2613 et
186 2553 292 2614 nescio
313 2553 434 2632 quantis
458 2553 601 2632 praemiis
630 2555 659 2613 in
683 2553 771 2614 coelo
802 2552 868 2613 aliis
890 2553 1061 2632 praeteren-

134 2633 215 2698 dum.
248 2635 403 2696 Pharisaei
416 2636 501 2696 caeci
525 2642 555 2696 et
576 2637 670 2715 impii,
693 2637 744 2715 qui
766 2656 806 2696 cx
828 2654 954 2716 operum
978 2654 1061 2717 mag·

133 2717 270 2778 nitudine
298 2724 329 2779 et
358 2717 564 2798 multitudine,
594 2718 694 2780 aliave
722 2719 868 2799 qualitate
897 2720 1062 2780 metiuntur

131 2801 277 2863 iustitiam
314 2807 345 2862 at
370 2803 582 2879 sanctitatem,
618 2820 698 2880 quae
733 2822 773 2862 ex
807 2800 875 2862 sola
895 2800 957 2862 tide
979 2801 1061 2882 apud

134 2883 233 2944 Deum
256 2891 463 2962 mensuratur,
491 2884 572 2965 apud
602 2903 692 2964 quem
716 2883 800 2944 nulla
823 2890 870 2944 est
891 2884 1062 2946 differentia

133 2984 271 3046 operum,
294 2968 352 3027 nisi
373 2973 488 3046 quanta
510 2973 557 3028 est
577 2966 648 3028 fidei
672 2967 850 3028 differentia.

216 3049 344 3110 Faciunt
364 3048 424 3110 bac
446 3050 543 3111 bucca
565 3069 621 3111 sua
653 3050 793 3111 homines
814 3050 900 3130 impii
933 3049 996 3109 suis
1018 3051 1062 3111 iu-

132 3131 326 3192 ventionibos
356 3133 534 3213 opinionem
567 3140 597 3193 et
627 3151 722 3213 opera
755 3133 912 3194 bominum
943 3130 1062 3210 inflant,

133 3213 172 3274 ad
196 3214 391 3276 alliciendum
407 3216 551 3276 stolidum
565 3216 686 3296 vulgus,
709 3215 792 3296 quod
813 3216 917 3296 specie
932 3233 1061 3295 operum

131 3297 195 3357 iere
217 3296 346 3377 ducitur,
367 3298 397 3359 iu
422 3318 563 3380 magnam
586 3300 733 3359 iacturam
756 3297 845 3377 fidei,
873 3297 1061 3359 oblivionem

132 3378 286 3460 baptismi,
307 3382 447 3442 iniuriam
470 3382 618 3444 libertatis
640 3381 840 3444 Christianae.
878 3381 954 3442 Oum
978 3382 1061 3442 enim

133 3471 237 3523 votum
260 3463 299 3523 sit
321 3462 371 3524 lex
393 3464 544 3544 quaedam
567 3471 599 3526 et
619 3466 757 3541 exactio,
786 3465 962 3526 necessario
984 3464 1060 3525 mul-

131 3546 275 3626 tiplicatis
299 3547 378 3607 votis
400 3546 484 3627 legas
508 3554 539 3608 et
560 3565 656 3628 opera
678 3547 928 3627 multiplicantur,
950 3547 1061 3691 quibus

132 3628 340 3711 multiplicatis
362 3629 438 3690 fides
462 3631 682 3710 exstinguitur,
713 3637 744 3691 et
771 3630 915 3711 baptismi
937 3630 957 3690 li
980 3636 1061 3691 artas

132 3712 311 3794 captivatur.
353 3711 409 3774 His
423 3712 576 3774 blanditiis
588 3714 689 3794 impiis
707 3732 768 3775 nou
785 3713 923 3777 conteuti
944 3711 1062 3775 addunt
