2340 4162
284 251 691 313 manutentum&
921 250 984 319 121

55 418 150 471 terum
174 427 287 471 eorum
307 406 543 489 quomodolibet
564 408 737 486 attentatis,
757 406 846 469 laedo
868 416 900 473 et
920 427 984 473 mo

55 494 130 575 litis,
152 492 363 570 attentandis,
382 491 532 552 faciendis
545 500 576 551 et
586 490 764 554 moliendis:
784 492 984 571 ipsorumque

56 576 194 639 nullitate
219 578 301 651 (suis
320 574 442 637 honore
462 584 495 635 et
520 575 692 636 reverentia
719 592 842 654 semper
868 573 982 658 salvis)

55 667 200 741 imquam
229 659 343 739 iniquis
364 665 396 719 et
416 658 554 737 iniustis,
574 677 658 718 mere
680 659 847 738 tyrannicis
869 667 900 718 et
921 661 984 721 vio·

55 744 158 824 botis,
178 762 241 803 neu
261 761 326 802 non
354 761 375 801 a
390 739 529 821 quolibet
554 741 657 803 tuturo
673 743 871 820 gravamine,
898 741 983 820 quod

55 826 123 889 mihi
148 846 193 887 ex
215 845 255 887 eo
278 827 383 887 venire
402 827 535 905 poterit,
562 834 624 885 tam
646 843 703 905 pro
725 842 775 887 me
802 844 894 903 quam
924 845 982 906 pro

56 908 198 971 omnibns
220 918 253 969 et
277 909 406 988 singulis
428 910 500 968 mihi
534 907 771 971 adhaerentibus
810 916 842 967 et
872 907 983 973 adhae-

55 1013 120 1055 rare
142 992 323 1053 volentibus
343 993 383 1051 ad
405 991 537 1051 loturum
559 991 724 1051 eonsilium
740 991 887 1071 legitime,
903 994 983 1052 acin

58 1077 124 1141 looo
145 1083 228 1155 tuto,
249 1075 290 1135 ad
311 1092 403 1154 quem
423 1093 483 1157 ego
506 1075 555 1135 vel
576 1082 758 1154 procurator
784 1093 841 1154 per
863 1095 912 1135 me
933 1077 984 1137 de·

55 1160 212 1241 putandus
232 1157 330 1219 libere
351 1160 437 1218 adire
457 1167 578 1238 potero,
600 1159 649 1218 vel
670 1158 800 1237 poterit,
834 1169 865 1217 et
893 1157 933 1219 ad
952 1158 983 1217 il·

56 1246 114 1305 lum
136 1242 189 1305 vel
209 1240 251 1303 sd
271 1241 360 1318 illos,
381 1241 421 1303 ad
442 1259 534 1321 quem
555 1261 611 1301 seu
633 1260 712 1320 quos
733 1240 772 1301 de
792 1243 875 1318 iure,
895 1243 986 1321 privi-

56 1327 148 1408 legio,
168 1324 408 1404 consuetudine,
428 1325 478 1385 vel
499 1325 577 1387 alias
600 1326 675 1384 mihi
694 1342 867 1404 provocare
888 1334 920 1387 et
932 1345 984 1404 ap·
1088 1318 1092 1329 '

54 1411 169 1491 pellere
191 1409 278 1487 lieet,
299 1426 438 1489 provoeo
461 1417 492 1468 et
512 1409 636 1491 appello
650 1410 681 1468 iu
696 1408 743 1466 his
755 1408 888 1487 seriptis,
910 1426 985 1487 apo·

57 1494 218 1573 stolosque
236 1493 351 1572 primo,
372 1491 519 1568 seeundo,
529 1494 629 1574 tertio,
641 1493 806 1567 instanter,
823 1492 984 1553 instantius

57 1587 86 1639 et
103 1576 330 1637 instantissime
352 1574 425 1637 mihi
447 1575 512 1635 dari
530 1583 616 1656 peto,
637 1576 664 1634 si
687 1576 755 1652 quis
777 1575 827 1650 sit,
848 1575 899 1652 qui
911 1573 984 1633 mihi

60 1661 130 1723 dare
147 1660 208 1721 hos
232 1658 364 1719 voluerit
386 1664 417 1718 et
435 1661 580 1738 potuerit,
602 1666 633 1718 et
653 1658 833 1738 praesertim
855 1677 874 1717 a
896 1657 984 1723 robis

64 1742 181 1805 domiuo
203 1741 335 1802 Notario
357 1742 595 1820 testimoniales,
628 1752 658 1801 et·
678 1748 834 1822 protestor
855 1741 894 1801 de
915 1759 984 1820 pro·

62 1827 215 1907 sequendo
229 1826 312 1886 hano
333 1844 433 1885 meam
442 1825 692 1905 appellationem
712 1844 770 1904 per
792 1825 872 1884 viam
895 1824 985 1891 nulli-

60 1916 137 1989 tatis,
156 1911 293 1989 abusus,
314 1910 481 1988 iniquitatis
503 1917 534 1968 et
556 1909 737 1985 iniustitiae,
760 1915 792 1967 et
812 1906 900 1983 alius,
913 1925 984 1986 pro·

59 2006 89 2053 nt
117 1995 229 2054 melius
258 1993 536 2072 potero„optioue
564 1993 637 2051 mihi
659 2000 818 2053 reservata
840 1990 983 2072 addendi,

58 2075 233 2154 minuendi,
255 2075 410 2156 mumndi,
431 2075 621 2156 corrigendi,
643 2076 726 2134 etin
750 2074 860 2139 melius
888 2076 983 2134 reior-

60 2161 161 2221 mandi
188 2159 336 2237 omnique
358 2158 419 2218 alio
440 2160 513 2218 iuris
536 2157 686 2218 beneficio
709 2156 829 2219 mihiao
846 2159 918 2218 mihi
932 2157 984 2225 ad·

57 2244 255 2305 haerentibus
277 2253 308 2302 et
338 2243 504 2303 adhaerere
533 2242 708 2303 volentibus
738 2260 859 2320 semper
885 2241 983 2303 salvo.

57 2327 124 2403 Qua
148 2326 273 2406 quidem
303 2327 449 2386 schedula
477 2344 581 2385 eoram
610 2344 660 2383 me
688 2332 719 2383 et
748 2324 875 2385 testibus
904 2324 984 2389 infru

57 2413 198 2492 seriptis,
228 2418 262 2468 ut
282 2411 494 2490 praemittitur,
509 2411 699 2488 interposita,
722 2418 908 2487 protestatus
930 2409 986 2468 luit

60 2506 90 2555 et
110 2493 342 2575 protestabatur
363 2512 510 2573 expresse
531 2512 566 2551 se
588 2512 642 2572 per
669 2511 703 2551 se
732 2491 779 2550 vel
806 2502 985 2570 procurato·

60 2600 123 2638 rem
147 2598 211 2637 non
234 2576 389 2658 possead
411 2596 480 2637 eum
502 2580 661 2652 accedere,
684 2595 703 2635 a
725 2594 786 2654 quo
799 2578 915 2635 exstitit
936 2595 987 2654 ap

59 2663 220 2743 pellatum,
243 2672 344 2720 tamen
367 2671 493 2740 propter
514 2667 628 2721 metum
647 2659 845 2738 plurimorum
875 2659 932 2719 sibi
959 2667 989 2719 et

61 2747 143 2805 vitae
164 2762 242 2804 suae
262 2745 481 2822 insidiantium,
496 2761 534 2803 ae
547 2745 623 2820 eius,
639 2761 729 2820 aquo
746 2741 921 2821 appellavit,
929 2752 991 2801 tum

61 2838 187 2908 propter
210 2829 326 2886 viarum
350 2827 534 2904 discrimina,
555 2827 689 2905 ideoque
710 2829 798 2904 petiit
819 2823 876 2887 sibi
899 2845 918 2884 a
940 2843 989 2893 me

61 2911 190 2971 Notario
213 2911 336 2990 publioo
359 2929 427 2971 oum
450 2910 554 2971 debita
581 2911 727 2969 instantia
755 2908 915 2989 apostolos
947 2918 988 2966 ta·

61 2995 116 3074 les,
139 2995 248 3074 quales
270 2993 327 3053 sibi
349 2992 389 3053 de
410 2995 474 3054 iure
498 2994 680 3055 deberentur
702 2994 766 3051 dari
791 2998 884 3069 atque
917 3010 987 3050 oon·

63 3081 139 3140 oedi.
185 3078 241 3137 Cui
263 3077 386 3156 quidem
407 3081 523 3157 petenti
546 3077 617 3138 dedi
639 3076 800 3156 apostolos
813 3076 900 3151 tales,
917 3093 988 3154 qua-

62 3162 106 3221 les
129 3160 189 3220 sibi
211 3160 376 3239 debentur,
404 3162 453 3220 vel
480 3162 589 3222 saltem
611 3158 832 3219 testimoniales
854 3177 989 3237 praeser-

63 3247 115 3304 tim
138 3247 343 3304 instrumento
368 3245 493 3324 publico
522 3252 635 3304 extunc
664 3242 848 3304 exarandus.
891 3241 989 3329 Super

64 3328 174 3407 quibus
199 3329 342 3387 omnibus
364 3336 395 3388 et
416 3329 543 3413 singulis
565 3330 651 3408 petiit
674 3348 692 3387 a
716 3346 764 3386 me
787 3325 915 3386 Notario
943 3324 990 3383 in·

65 3412 108 3471 tra
121 3413 238 3490 scripto
253 3431 349 3473 unum
371 3413 420 3472 vel
441 3415 530 3492 plura
552 3410 663 3472 oonfioi
681 3420 772 3490 atque
794 3408 859 3468 fieri
894 3407 990 3488 publi·

65 3515 133 3556 oum
150 3497 202 3556 vel
215 3496 340 3575 publiea
353 3498 587 3556 instrumentum
612 3495 659 3555 vel
673 3496 883 3554 instrumenta.
914 3497 989 3551 Auta

67 3590 136 3640 sunt
157 3580 237 3639 haee
257 3578 824 3660 VuittembergaeBraudenhurgeusis
848 3576 991 3652 diooesis,

67 3665 122 3724 sub
146 3681 242 3747 anno,
263 3665 442 3743 indictione,
464 3667 523 3744 die,
546 3684 650 3724 meuse
672 3672 702 3723 et
724 3659 990 3743 pontificatu„qui-

68 3747 124 3809 bus
156 3765 263 3828 supra:
292 3759 442 3833 regnante
463 3750 535 3811 divo
551 3747 759 3810 Maximiliano
781 3744 989 3806 Romanorum
