2392 4170
137 242 201 311 dd!
421 246 587 304 'murnum
605 248 774 303 Luthnrtnns

136 403 238 482 Atque
260 409 292 462 ut
314 401 374 464 hue
392 404 444 482 sir,
466 401 609 484 bsptismi
626 401 867 484 symbolumprn
879 402 1059 467 testimonio

134 485 240 562 hebes,
259 486 290 546 in
312 504 374 566 quo
396 487 555 548 verissime
578 487 682 549 omniu
702 492 831 568 perenn
852 485 906 548 nni
927 486 1060 549 renim

135 576 214 647 sunt,
237 569 375 645 remisse,
398 571 532 650 inquam,
554 571 706 647 intutum,
728 569 783 631 sed
798 569 936 633 noudum
953 571 1061 633 uuis

134 651 258 714 nbulitu.
302 652 461 715 Credimus
497 655 579 714 enirn
617 653 829 715 remissionem
859 661 1059 732 pennatum

135 736 270 797 omnium
291 735 402 798 fautum
426 737 542 816 ubsque
560 736 669 811 dubio,
703 735 899 817 redegimus
921 736 1061 816 quotidie

135 825 166 880 et
187 826 418 899 exspectamus,
440 827 474 881 ut
495 820 548 881 fist
571 822 661 880 etiam
685 820 820 879 omnium
858 827 1059 899 pennatorum

135 901 261 964 anonuo
293 911 325 962 et
346 902 525 966 omnimoda
546 903 726 978 stanneum
760 903 849 978 etii,
871 904 976 982 quiin
999 905 1062 967 bon

134 985 293 1064 laborant,
314 985 430 1047 finiunt
452 1006 548 1066 opere
569 987 661 1050 bona.
705 985 788 1047 Eiune
811 986 889 1047 hseo
909 994 958 1048 est
980 985 1059 1051 fldsr

133 1086 221 1146 mnu,
255 1070 399 1148 quonium
422 1069 501 1130 huso
522 1076 569 1130 est
590 1069 744 1131 unthnliuu
764 1067 851 1131 fides.
893 1069 1060 1149 dupinium

134 1170 223 1226 vero,
247 1153 298 1231 qni
320 1151 398 1213 been
420 1154 615 1234 impugnant,
638 1153 698 1214 hon
719 1159 830 1233 agunt,
859 1159 893 1215 ut
913 1151 1006 1215 nubis
1026 1152 1060 1216 d

133 1235 254 1296 dnuinrn
277 1254 404 1316 operum
429 1238 557 1316 erigunt,
579 1244 694 1298 ettam
712 1234 941 1297 miseriuurdiue
963 1254 1057 1314 quem

133 1317 237 1379 iudinii
259 1318 317 1381 uei
346 1336 424 1400 opus
458 1328 642 1397 extenuent,
680 1321 759 1380 siunt
791 1319 831 1378 de
863 1317 908 1379 eis
948 1317 1059 1381 diditur

132 1401 245 1464 Psuirn.
271 1400 368 1484 ¹0¹)?=
411 1402 597 1464 Auferuntur
618 1401 731 1465 inditis
754 1402 810 1462 Dei
832 1422 853 1463 u
880 1401 959 1463 sanie
982 1403 1058 1465 eins.

133 1485 174 1545 Et
194 1483 265 1546 ideo
288 1491 320 1546 et
340 1486 481 1548 timorem
501 1486 561 1548 Dei
593 1494 624 1546 et
656 1485 799 1547 fidutiam
830 1490 966 1545 nuruum
990 1484 1057 1547 snt)

76 1596 82 1607 x
133 1571 267 1646 vertunt,
289 1567 544 1648 terendiniioqni,
570 1571 595 1629 si
617 1589 678 1631 unu
695 1568 900 1629 hunusurtern
922 1573 1060 1631 nostrum
1088 1570 1091 1574 ’

104 1651 108 1658 “
133 1658 165 1711 et
187 1651 321 1730 nnpituie
342 1652 450 1712 salutis
474 1652 661 1733 praesidium
683 1649 772 1713 nubis
793 1649 933 1712 demoliri
955 1656 987 1712 et
1009 1670 1060 1714 rn-

137 1740 220 1794 stare
240 1733 430 1814 anhelarent,
451 1745 482 1796 et
503 1737 533 1796 iu
555 1734 721 1796 levioribus
742 1732 833 1794 rebus
855 1731 1063 1797 rettuderunt

135 1815 183 1877 vel
204 1816 382 1882 insanirent.

217 1899 259 1960 At
282 1899 366 1961 dines
388 1900 475 1961 mihi:
505 1901 667 1962 Distinutio
697 1900 751 1961 itte
772 1917 855 1960 nove
876 1905 908 1959 et
928 1906 983 1960 tua
1004 1909 1060 1979 nst,

131 1980 170 2043 de
190 1991 322 2062 pensato
344 1991 494 2064 regnante
517 1993 548 2043 et
580 1989 708 2062 regnatu
729 1989 763 2043 et
783 1981 908 2043 arbitrio
930 1989 984 2044 tuo
1006 2002 1060 2064 pn·

130 2065 198 2125 sim
242 2064 448 2146 Respondent
482 2067 574 2143 Esto,
609 2072 773 2127 sontemne
800 2084 886 2143 eum,
918 2084 982 2126 non
1012 2075 1060 2129 est

133 2147 206 2206 mihi
228 2148 258 2206 in
283 2147 384 2209 verbis
407 2150 636 2223 controversis,
659 2148 741 2229 finge
762 2155 793 2206 tu
818 2147 921 2225 uliud3
948 2149 1057 2211 saitem

131 2231 289 2310 regnantis
311 2233 432 2310 pseusti
455 2252 537 2306 vox,
571 2251 633 2292 nou
662 2250 762 2292 meum
795 2232 970 2311 inventum,
1002 2234 1058 2294 sed

132 2310 219 2372 Pauli
241 2316 391 2374 autoritas
414 2324 469 2376 est.
511 2316 557 2376 Tu
580 2333 662 2374 nunu
692 2314 786 2392 illud,
818 2314 901 2393 quud
930 2334 992 2376 nou
1015 2337 1059 2378 re·

134 2400 221 2474 gunt,
242 2414 304 2474 quo
328 2399 375 2457 vis
397 2399 521 2458 nomine
535 2398 702 2478 appellate,
726 2400 865 2475 quumvis
888 2399 980 2459 stium
1003 2419 1059 2480 pru

129 2496 182 2537 me
202 2477 296 2539 funiut
318 2478 397 2542 Gen.
417 2481 453 2542 4:
478 2480 541 2541 uun
564 2491 593 2540 te
616 2481 673 2540 erit
694 2481 848 2559 appetitus
871 2482 946 2557 eius,
968 2491 1001 2542 st
1026 2489 1056 2543 tu

132 2559 340 2622 dominaberis
361 2562 452 2623 iltius.
494 2564 552 2624 Hie
588 2570 670 2622 nerte
702 2569 863 2641 pennatum
887 2564 1057 2627 subientum

131 2642 322 2707 describitur.
366 2645 426 2707 Sed
454 2654 483 2706 et
506 2647 671 2725 Sophistue
693 2653 845 2724 unguntur
875 2647 1058 2722 consedere,

132 2726 214 2788 uliud
248 2736 410 2806 pennatum
445 2729 583 2802 veniale,
617 2727 700 2788 uliud
733 2729 872 2790 mortale.
917 2729 958 2789 Et
987 2749 1056 2792 num

131 2811 253 2871 veniale
273 2820 413 2872 asserent
426 2831 487 2872 unu
503 2830 625 2886 nouere,
648 2830 709 2872 uon
725 2831 864 2890 regnare,
887 2831 950 2873 non
973 2813 1056 2875 dum·

131 2912 221 2970 nure,
255 2895 444 2954 verissimum
468 2901 569 2955 tumen
594 2902 709 2954 vouunt
740 2905 771 2954 et
797 2897 919 2974 proprie
942 2895 1056 2958 dietum

131 2983 313 3055 pennatum,
346 2996 405 3037 nen
442 2977 512 3039 ideo
546 2978 670 3041 ulterius
705 2979 826 3058 generis
855 2987 908 3038 sut
928 2989 1058 3041 usturee

132 3065 294 3138 pennatum
317 3059 449 3136 tunium,
472 3059 639 3140 quiaillud
662 3060 809 3139 mortale,
843 3061 903 3120 hun
926 3060 1057 3142 reninis,

133 3141 188 3201 sed
211 3148 373 3221 utrumque
403 3143 553 3204 detentum
588 3148 697 3223 stege
720 3144 777 3203 Dei
812 3151 844 3203 et
870 3147 1055 3205 eontrarium

132 3223 193 3304 legi
217 3224 275 3284 Dei
298 3232 449 3286 usserunt.
493 3226 532 3286 Et
554 3247 612 3307 ego
635 3227 716 3288 uliud
741 3226 814 3287 nihil
838 3236 927 3306 peto,
964 3246 1055 3306 quum

136 3313 170 3366 ut
191 3307 263 3366 mihi
286 3310 464 3386 permittunt
477 3309 537 3371 hun
560 3310 653 3370 modu
669 3317 829 3390 penustum
844 3328 956 3370 sunere
981 3311 1056 3371 illud

133 3388 282 3469 reliquum
321 3390 493 3470 baptismo,
530 3393 687 3471 quomodo
720 3393 777 3472 ipsi
813 3393 933 3452 veniale
973 3393 1055 3472 quud

135 3471 345 3533 misericordis
362 3482 468 3553 egent,
503 3481 533 3534 et
555 3483 664 3536 natura
685 3494 741 3535 suu
763 3475 875 3534 mulum
898 3484 928 3534 et
950 3477 1055 3536 vitium

135 3641 272 3650 ...ι-ι--
278 3643 302 3648 ...
309 3643 554 3652 *mn-m

207 3739 236 3810 1)
257 3738 288 3794 In
308 3739 351 3796 ed.
371 3743 456 3812 nrig.:
477 3740 501 3797 9.
