2392 4170
131 227 174 295 64
397 232 434 286 De
452 229 530 302 cept
549 232 649 301 Babyl.
665 232 807 288 Ecclesiae

215 375 262 445 lta
283 383 453 466 baptismus
476 387 628 447 neminem
651 387 809 467 iustificat,
839 387 971 451 necnlli
994 405 1062 468 pro·

132 467 210 546 dest,
231 467 286 528 ssd
308 467 384 528 fides
408 469 437 529 in
461 470 586 530 verbum
630 473 836 549 romissionis,
869 473 918 534 cui
939 471 1063 532 additur

132 551 310 631 baptismus,
332 553 410 611 haec
431 554 512 612 enim
534 492 693 632 iustilcat,
718 564 748 614 st
768 556 875 636 implet
902 555 950 633 id,
978 554 1061 634 quod

134 634 302 714 baptismus
325 634 486 715 significat.
529 636 619 697 Fides
648 640 727 697 enim
749 645 797 699 est
820 639 990 699 submersio
1012 658 1062 698 vs·

133 721 205 778 teris
228 718 370 797 hominis,
393 727 424 778 st
445 721 576 781 emersio
600 721 671 781 nori
693 721 834 784 hominis.
880 721 981 798 Quare
995 721 1061 801 tisri

133 813 196 862 nou
225 808 344 881 potest,
380 810 412 861 ut
441 812 635 863 sacramenta
663 823 744 865 nova
774 805 914 866 differant
942 805 981 865 ab
1010 824 1060 865 an

134 885 224 963 tiquis
268 887 483 962 sacramentis,
526 886 641 961 habent
681 889 761 946 enim
798 907 896 967 aeque
934 888 1072 968 promis·

132 969 234 1029 aiones
265 969 383 1029 divinas
417 975 447 1029 st
479 970 610 1030 eundem
644 971 782 1050 spiritum
814 971 902 1049 fidei,
941 971 1012 1031 licet
1036 991 1062 1031 a

132 1050 236 1131 figuris
270 1053 404 1131 antiquis
436 1053 716 1132 incomparabiliter
749 1054 903 1132 differant,
935 1061 1062 1134 propter

133 1134 259 1194 verbnm
282 1135 511 1214 promissionis,
540 1137 623 1216 quod
652 1143 699 1197 est
728 1137 860 1198 medium
884 1139 1011 1197 unicum·
1029 1144 1061 1198 et

132 1217 379 1279 efficacissimum
409 1218 604 1280 differentiae.
662 1216 748 1280 Sicut
777 1230 807 1280 et
837 1240 917 1281 nnnc
946 1237 1062 1301 pompa

133 1303 278 1378 vestium,
301 1301 455 1382 locorum,
478 1302 630 1383 ciborum,
653 1313 685 1362 st
711 1303 895 1365 infinitarum
925 1321 1060 1364 ceremo-

102 1414 107 1423 ·
132 1387 250 1445 uiarum
272 1386 338 1445 sine
355 1385 447 1444 dubio
470 1383 580 1465 figurat
591 1387 717 1465 egregia
729 1389 759 1447 in
773 1389 879 1467 spiritu
892 1387 1061 1467 implenda,

132 1476 305 1546 ettamen,
338 1468 547 1547 quianullum
580 1470 668 1529 adest
700 1472 744 1529 eis
779 1471 904 1530 verbum
939 1470 1061 1530 divinae

25 1549 28 1553 ’
132 1553 359 1631 promissionis,
388 1551 473 1611 nulla
501 1552 621 1612 ratione
644 1571 712 1611 cum
741 1553 836 1632 signis
866 1554 1008 1632 baptismi
1031 1559 1061 1612 st

131 1635 220 1714 panis
248 1635 377 1695 conferri
406 1643 550 1714 possunt,
578 1654 637 1696 nso
663 1635 829 1697 iustificant
859 1645 913 1696 ant
931 1645 1061 1716 prosunt

133 1717 195 1779 ullo
208 1717 328 1794 tmodo,
356 1737 426 1789 cum
454 1718 592 1797 impletio
621 1738 727 1779 eorum
755 1721 794 1779 sit
822 1722 889 1800 ipse
911 1739 984 1779 usus
1004 1737 1059 1779 ssu

131 1820 210 1881 opus
232 1821 338 1861 sorum
361 1803 428 1861 sins
448 1799 519 1880 fide,
543 1801 613 1862 dum
637 1804 716 1861 enim
732 1801 817 1880 liunt,
839 1823 894 1863 seu
917 1811 1059 1882 aguntor,

132 1885 304 1963 implentur.
338 1884 423 1945 Sicut
439 1893 475 1963 et
489 1884 649 1964 apostolus
663 1885 784 1947 Coloss.
796 1889 825 1950 2.
849 1886 886 1946 de
909 1888 953 1947 eis
976 1886 1059 1963 dicit,

132 1987 211 2047 quae
240 1963 344 2029 omnia
375 1969 443 2049 ipso
472 1975 602 2048 pereunt
623 1988 695 2045 usn,
722 1970 810 2029 iuxta
840 1978 1008 2049 praecepte
1029 1977 1061 2028 st

133 2053 288 2112 doctrinas
309 2052 467 2127 hominum
489 2057 547 2112 etc.
591 2052 633 2110 At
643 2060 837 2112 sacramenta
850 2072 909 2115 non
933 2051 1063 2132 implens

132 2142 190 2212 tnr,
212 2134 284 2193 dum
306 2133 392 2211 liunt,
415 2132 469 2193 sed
493 2135 564 2193 dnm
588 2134 760 2198 creduntur.

214 2218 260 2277 lta
272 2237 330 2278 nec
342 2235 446 2278 verum
458 2237 527 2277 esse
539 2228 650 2296 potest,
673 2221 873 2279 sacramentis
884 2220 986 2278 inesse
998 2219 1059 2276 vim

132 2301 290 2362 efficacem
312 2300 553 2380 iustificationis,
582 2320 637 2361 sen
660 2321 727 2362 esse
750 2321 787 2362 sa
810 2304 899 2382 signa
921 2299 1060 2361 slfloaoia

132 2386 260 2465 gratiae.
314 2384 400 2445 Haec
431 2385 512 2444 enim
541 2387 645 2444 omnis
677 2385 817 2445 dicuntur
849 2387 879 2444 in
909 2388 1059 2444 iacturam

131 2468 212 2546 lidei,
246 2487 287 2526 ex
307 2468 483 2546 ignorantia
509 2469 721 2547 promissionis
750 2468 887 2528 divinae:
920 2467 978 2526 nisi
999 2467 1061 2527 hoo

133 2551 226 2611 modo
250 2550 388 2611 efficacia
409 2550 538 2628 dixeris,
575 2551 673 2631 quod,
704 2553 729 2610 si
763 2551 843 2612 adsit
865 2550 941 2610 fides
975 2549 1060 2609 indn-

133 2634 246 2708 bitats,
288 2636 456 2695 certissime
503 2643 533 2693 et
571 2634 782 2694 efficacissime
816 2637 944 2715 gratiam
988 2651 1060 2694 coo·

131 2718 240 2780 ferant.
283 2720 324 2778 At
360 2736 422 2778 non
455 2719 517 2778 boc
552 2717 644 2780 modo
677 2717 848 2779 efficaciam
876 2718 934 2777 illis
969 2717 1059 2776 tribui

132 2801 280 2881 probant,
308 2801 391 2880 quod
422 2820 459 2861 sa
480 2802 629 2881 prodesse
650 2801 770 2878 dicunt,
798 2800 939 2862 omnibus
967 2800 1060 2880 etiam

109 2886 234 2964 ,impiis
263 2893 295 2944 et
326 2884 508 2963 incredulis,
543 2886 635 2944 modo
669 2905 729 2945 non
769 2891 887 2964 ponant
923 2882 1060 2944 obicem:

134 2970 220 3047 quasi
242 2970 310 3048 ipsa
330 2968 526 3028 incredulitas
555 2987 616 3028 non
640 2970 679 3028 sit
701 2971 836 3028 omnium
860 2966 1060 3027 obstinatissi-

134 3070 201 3111 mus
223 3062 253 3111 et
278 3051 493 3113 hostilissimus
516 3051 599 3129 obern
626 3053 758 3130 gratiae,
790 3050 869 3111 adeo
892 3071 932 3110 ex
960 3066 1060 3109 sacre·

134 3143 237 3197 mento
260 3144 469 3217 praeceptum,
493 3155 533 3195 ex
553 3133 615 3196 lide
636 3154 714 3215 opus
736 3134 837 3195 facere
860 3134 955 3195 moliti
979 3139 1058 3192 sunt.

133 3217 211 3279 Nam
235 3221 260 3279 si
289 3219 341 3280 dat
369 3221 499 3300 gratiam
532 3219 604 3279 mibi
631 3226 873 3291 sacramentnm,
909 3218 980 3296 qnia
1011 3234 1060 3275 su·

134 3304 242 3384 scipio,
265 3306 325 3364 iam
348 3322 421 3365 vste
442 3322 589 3382 exspers
605 3321 686 3377 meo,
708 3321 770 3362 non
794 3322 834 3362 ex
856 3300 916 3360 fids
930 3301 1059 3380 gretiam

134 3385 277 3465 obtineo,
310 3407 368 3448 nso
400 3388 636 3467 promissionem
669 3388 699 3445 in
731 3390 924 3445 sacramento
952 3400 1060 3462 appre-

133 3470 252 3550 hendo,
274 3471 329 3532 sed
351 3471 451 3534 solum
474 3473 594 3551 signnm
617 3472 786 3530 institutum
809 3476 840 3529 st
861 3475 1059 3548 praeceptum

133 3555 249 3616 aDeo.
291 3556 340 3617 lta
361 3556 443 3615 clere
460 3555 561 3631 vides,
591 3572 682 3633 qnam
704 3552 779 3612 nibil
800 3559 995 3613 sacramenta
1014 3550 1060 3608 in·

89 3696 94 3717 ,
133 3638 256 3700 tellecta
277 3639 604 3700 suntsenteutionariis
626 3636 788 3715 theologis,
812 3633 897 3715 quod
918 3629 1058 3693 nsclidsi

134 3725 414 3806 compromissionis
429 3723 521 3784 ullam
535 3724 565 3785 in
578 3721 777 3784 sacramentis
787 3721 937 3781 rationem
948 3716 1059 3777 babue-
