2392 4170
128 260 191 326 424
332 258 436 313 Contra
454 254 601 311 Hauricum
619 270 712 326 ragam
730 252 854 324 Angliae

132 421 252 485 Deinde
273 441 312 483 ex
336 439 410 481 auro
427 419 549 479 Domini
571 418 720 496 imagines
741 416 797 477 sibi
820 416 956 479 conflent
979 436 1056 478 mas·

130 507 265 586 culinas,
300 512 332 564 ut
355 502 497 564 Ezechiel
520 503 610 579 dicit,
640 509 671 561 et
698 502 760 561 suis
793 503 921 563 somniis
952 501 1057 563 divina

132 592 223 649 verba
248 595 362 668 aptent.
406 585 482 645 Turn
507 584 623 645 dicant:
646 583 777 665 Oportet
798 587 844 645 sic
865 603 951 663 esse,
974 585 1056 664 quod

132 692 191 754 ego
216 671 296 750 dico,
321 671 391 748 quia
414 672 459 728 aic
480 675 527 728 est
548 667 630 747 quod
650 668 807 748 Scriptura
827 668 910 730 dicit.
945 667 971 728 Ο
995 667 1057 746 dig·

132 775 189 816 nos
212 754 371 835 papisticis
393 750 591 831 indulgentiis
607 760 638 811 et
651 750 852 812 sacramentis
874 760 1067 812 assertores.-

214 837 275 898 sed
306 837 382 895 baec
410 842 457 894 est
485 835 536 894 illa
563 853 709 915 germana
739 834 872 895 Satanae
902 833 1058 910 machina,

133 941 195 1000 qua
217 940 285 980 sese
317 916 512 997 transfigurat
539 920 568 977 iu
593 918 735 996 angelum
764 917 849 982 lucis.
903 917 943 977 Et
966 925 1000 977 ut
1021 915 1058 975 ab

133 1005 219 1065 initio
248 1001 353 1062 similis
382 1019 450 1060 esse
479 1001 576 1060 voluit
598 1001 772 1079 ditissimo,
801 1001 844 1061 ita
867 1020 929 1060 non
958 1008 1061 1060 cessat

133 1087 245 1146 similia
266 1092 328 1144 tarn
357 1083 457 1143 verbis
486 1102 576 1162 quam
605 1084 692 1144 lactis
720 1083 830 1144 divinis
859 1083 960 1143 moliri
984 1102 1060 1143 sern-

135 1190 203 1250 per,
232 1170 260 1228 in
285 1166 499 1246 deceptionem
522 1166 652 1227 tiliorum
676 1167 907 1230 incredulitatis.
955 1165 1010 1227 Sic
1030 1167 1058 1225 in

135 1254 218 1332 Papa
240 1270 295 1310 suo
319 1251 404 1324 ludit,
428 1249 488 1325 nbi,
512 1269 580 1308 cum
599 1251 656 1309 sibi
673 1250 718 1310 ius
732 1257 891 1330 arrogaret
913 1251 979 1310 voti
1002 1248 1060 1309 sol·

137 1334 242 1412 vendi,
266 1353 378 1412 magna
402 1332 497 1392 bucca
519 1335 549 1392 in
573 1332 782 1393 Decretalibus
806 1336 869 1393 suis
892 1335 968 1394 satis
991 1352 1059 1393 con-

136 1417 265 1477 fidenter
293 1417 407 1475 evomit
439 1414 518 1475 hanc
539 1416 785 1478 similitudinem:
818 1417 1059 1497 Primogenitum

136 1501 213 1560 asini
236 1500 410 1559 mutabatur
432 1517 507 1578 ove,
540 1518 614 1578 ergo
637 1518 696 1580 ego
720 1507 823 1560 votnm
848 1502 977 1562 mutabo
1001 1500 1060 1561 alio

137 1603 242 1663 opere,
264 1584 350 1662 quasi
374 1583 611 1662 primogenitum
634 1584 712 1643 asini
735 1584 773 1642 sit
795 1591 912 1645 votum.
947 1583 995 1644 Ita
1016 1583 1061 1641 hic

137 1667 205 1727 Rex
228 1665 374 1725 blaterat:
398 1665 493 1745 Virga
515 1664 624 1725 dicitur
646 1667 732 1746 virga
753 1674 784 1726 et
805 1674 909 1727 tamen
932 1685 997 1727 non
1020 1671 1062 1725 est

139 1751 234 1827 virga,
257 1768 330 1828 ergo
351 1747 461 1807 Paulus
485 1767 595 1828 panem
620 1755 722 1825 vocat,
744 1749 826 1827 quod
851 1769 914 1810 noa
938 1756 988 1810 est
1011 1768 1060 1830 pa·

139 1834 195 1912 nis,
219 1831 415 1910 quasiqvirga
437 1839 466 1889 et
488 1833 575 1910 panis
598 1831 677 1892 idem
702 1832 770 1895 siut.
809 1832 897 1908 Quae
920 1833 1060 1893 barathra

141 1935 203 1975 non
227 1913 390 1974 inundaret
406 1913 501 1974 Satan
523 1916 553 1974 in
576 1915 750 1992 ecclesiam,
772 1924 936 1995 postquam
957 1915 1061 1997 Sopbi-

138 2008 204 2059 stae
225 1999 254 2057 in
278 1996 439 2057 cathedras
462 1998 577 2076 recepti
598 1998 657 2058 hac
679 1998 775 2058 forma
797 1998 930 2059 docendi
953 2007 986 2059 et
1008 1997 1060 2059 dis·

138 2081 264 2163 putandi
287 2083 329 2139 uti
352 2080 544 2159 coeperunt?

223 2162 282 2223 Sed
307 2171 338 2222 et
360 2164 449 2222 aliam
480 2183 565 2223 suam
590 2164 656 2222 Rex
686 2165 819 2224 ostendit
847 2165 1068 2224 dexteritatem.

140 2251 168 2306 in
192 2246 250 2305 bac
271 2266 317 2318 re,
348 2253 379 2305 ut
402 2247 473 2305 nihil
499 2248 554 2305 nisi
577 2246 738 2306 Thomista
759 2268 778 2308 a
801 2266 958 2326 quoquam
983 2246 1059 2307 credi

141 2331 247 2409 possit.
282 2328 323 2409 St,
347 2331 454 2407 inquit,
478 2329 624 2388 Lutherus
647 2341 707 2389 tarn
732 2331 828 2408 rigide
849 2338 953 2409 captat
974 2329 1060 2389 verba

141 2414 315 2492 Scripturas
324 2459 332 2490 ‚
355 2412 436 2471 dicet
458 2421 487 2471 et
511 2412 662 2471 Christum
686 2433 754 2472 esse
778 2434 888 2493 panem
913 2416 1059 2473 triticeum

141 2498 170 2556 in
203 2496 309 2566 coelo,
342 2495 411 2554 dum
442 2495 583 2569 dicim:
618 2496 685 2573 Ego
715 2516 780 2556 sum
810 2498 915 2576 panis,
949 2497 999 2574 qui
1027 2494 1061 2554 de

142 2579 230 2639 coelo
252 2578 411 2656 descendi3
433 2580 515 2646 item,
538 2579 706 2640 naturalem
724 2581 824 2659 vitem,
843 2579 892 2639 ubi
908 2578 983 2639 dicit
995 2578 1060 2657 **):

142 2663 209 2742 Ego
234 2681 299 2720 sum
325 2662 393 2720 vitis
417 2681 488 2720 vera
511 2668 569 2722 etc.

227 2745 298 2804 Dixi
322 2751 423 2820 autea,
447 2744 520 2803 nihil
542 2746 673 2803 crassius
698 2751 728 2803 et
746 2745 891 2804 insulsius
917 2762 987 2803 esse
1011 2741 1061 2801 sub

142 2829 208 2888 sole
231 2833 333 2886 natum
358 2826 553 2885 'l'homisticis
584 2829 737 2888 monstris.
792 2827 866 2901 Quis
889 2828 972 2886 enim
996 2846 1062 2906 pue·

143 2930 243 2971 rorum
274 2911 354 2968 hunc
386 2910 511 2968 delirum
543 2910 658 2988 Regem
695 2911 743 2971 hic
770 2931 831 2970 non
860 2910 977 2982 rideat,
1010 2909 1062 2968 nisi

143 2993 224 3072 quod
257 3012 330 3070 prae
360 2994 470 3071 insigni
502 2994 637 3070 nequitia
667 3001 698 3052 et
724 2993 808 3052 rabie
831 2991 1062 3072 blasphemandi

143 3078 240 3156 magis
271 3077 342 3135 odio
372 3085 422 3134 aut
454 3076 585 3133 lacrimis
613 3075 814 3154 dignoscat?
847 3076 981 3135 Tantum
1005 3094 1062 3134 uon

143 3168 190 3218 est
211 3161 239 3217 in
263 3160 331 3236 ipso
355 3165 408 3216 aut
429 3176 536 3216 sensus
560 3164 613 3217 aut
635 3159 773 3238 vigiliae,
796 3165 829 3217 ut
851 3157 972 3237 videat,
995 3157 1062 3236 quid

143 3242 261 3300 intersit
283 3243 362 3299 inter
384 3259 438 3298 sua
461 3242 581 3299 somnia
596 3240 719 3301 ethaeo
735 3240 827 3300 verba
842 3241 965 3305 Christi.
996 3240 1064 3321 Ipsa

143 3324 223 3381 enim
240 3325 460 3400 consequentia
479 3323 651 3401 verborum,
668 3323 839 3383 absurditas
856 3344 968 3402 rerum,
992 3343 1062 3404 pug-

144 3406 248 3465 nantia
270 3405 557 3485 intelligentiarum,
591 3413 652 3465 tum
676 3409 835 3486 ipsiusmet
854 3408 1064 3486 interpretatio

143 3494 258 3566 cogunt
285 3507 354 3546 eum
384 3488 423 3548 de
451 3508 530 3567 pane
559 3490 708 3568 spirituali
736 3490 835 3568 loqui,
869 3491 950 3550 sicut
979 3490 1065 3551 dicit:

144 3569 246 3630 Verba
269 3589 337 3630 mea
360 3572 482 3650 spiritus
505 3578 535 3630 et
557 3573 619 3631 vita
642 3579 721 3637 sunt.
762 3573 900 3649 Quorum
924 3573 1002 3635 nihil
1024 3580 1068 3633 est

145 3710 179 3719 —-
216 3759 247 3828 't
267 3710 408 3814 lohanld.
455 3757 504 3826 ”)
525 3754 621 3812 Iohau.
640 3759 683 3814 15.
