2392 4170
450 268 726 330 nuenarianam.
991 261 1054 339 329

133 448 180 507 s'st
202 442 403 526 prohibitum,
438 447 509 528 quia
541 460 705 527 resparsa
733 450 788 510 est.
833 444 945 506 Dieens
968 442 1050 505 lrutri

133 536 197 610 tuo,
220 528 334 607 Raetia,
358 548 419 592 non
441 549 564 612 peenas,
586 530 657 611 quiu
679 548 740 591 nou
759 528 899 591 oneidisti
919 527 1052 594 tratrem.

133 613 173 674 ur
194 612 274 675 bans
295 613 431 696 regulam
466 615 656 676 monasticae
685 611 861 694 theologiae
884 612 976 675 duees
999 631 1053 693 per

133 697 237 758 omniu
259 698 316 758 Dei
338 705 517 779 praesepta,
545 699 576 758 in
605 697 694 759 rebus
717 704 748 759 et
768 695 911 778 operibus
934 696 1053 776 magnis
1092 705 1094 710 '

135 778 262 842 dooebis
285 800 323 842 ea
345 800 413 842 esse
429 781 589 860 servanda,
612 783 641 842 iu
656 782 757 863 parvis
780 800 872 860 posse
884 780 1053 861 dispensari

134 869 166 924 et
187 863 263 928 tolli.
306 864 426 927 Deinde
447 875 480 926 ut
502 865 576 926 nibil
596 865 745 944 reliquum
768 862 865 926 lanias
878 863 945 924 Deo
967 868 1053 923 auto·

131 947 239 1028 nitatis,
261 948 291 1008 in
314 948 469 1010 arbitrium
491 957 574 1010 tuum
598 968 676 1010 vona
697 949 744 1009 ius
758 947 952 1024 decernendi,
975 965 1054 1026 quae

132 1050 229 1112 parva
251 1037 282 1092 et
303 1051 382 1113 quae
404 1053 517 1116 magna
540 1041 619 1113 sunt,
642 1033 722 1093 sieut
743 1031 792 1092 bie
818 1031 978 1092 monastioi
1002 1048 1054 1092 au·

132 1115 255 1176 toritate
277 1118 400 1196 propria
433 1119 605 1179 uastitatem
628 1116 802 1197 praeferunt
829 1115 938 1176 ueteris
961 1114 1056 1175 omni·

134 1198 190 1259 bus
214 1199 368 1278 operibus.
412 1200 460 1261 En
483 1200 537 1262 tibi
570 1200 771 1261 monasticam
796 1201 959 1280 pietatem,
995 1198 1056 1257 hoe

133 1288 191 1362 est,
212 1282 441 1345 furiosissimum
465 1290 497 1345 et
517 1285 697 1364 sacrilegam
721 1289 752 1344 et
774 1282 983 1363 blasphemam
1000 1283 1054 1341 im·

134 1366 291 1446 pietatem.
336 1365 516 1429 Didioerunt
538 1368 618 1428 bauo
638 1368 788 1429 insaniam
812 1386 831 1427 a
852 1385 909 1429 suo
931 1384 1004 1445 rege
1026 1372 1057 1424 et

133 1450 235 1529 eapite
254 1450 352 1531 Papa,
392 1452 442 1531 qui
464 1452 495 1511 in
517 1451 658 1512 omnibus
681 1452 759 1512 votis
788 1449 844 1511 sibi
866 1450 913 1510 ius
935 1447 1054 1529 dispen-

133 1531 221 1593 sandi
243 1540 383 1615 arrogat,
407 1536 544 1615 exeeptis
567 1536 647 1596 votis
671 1535 836 1613 eastitatis,
872 1533 1056 1594 visitationis

132 1616 300 1678 Ierusalem
336 1625 367 1678 et
388 1617 418 1681 S.
440 1617 554 1680 laoobi.
599 1618 647 1679 Ad
677 1618 762 1680 euius
796 1617 979 1678 sententiam
1000 1617 1058 1675 iste

134 1701 190 1760 erit
211 1719 319 1761 sensus
340 1703 496 1782 praesepti
520 1701 628 1762 divini:
673 1702 793 1763 Vovete
816 1707 847 1761 et
867 1698 985 1761 redditu
1008 1717 1055 1759 oa·

133 1784 279 1860 stitutum,
303 1785 507 1846 visitationem
520 1784 684 1846 Ierusalem
708 1794 738 1846 et
759 1784 789 1847 S.
807 1782 924 1863 lucebi,
946 1784 975 1842 in
989 1781 1055 1843 aliis

133 1885 207 1927 varo
229 1874 341 1929 vovete
363 1874 394 1930 et
414 1887 477 1930 uon
499 1868 627 1930 reddite.
672 1867 773 1945 Quare
796 1867 877 1929 boo?
910 1867 982 1946 quia
1002 1865 1055 1925 illa

132 1949 191 2011 tria
212 1957 282 2012 sunt
304 1971 431 2033 magna,
464 1958 568 2014 uetera
590 1959 661 2013 sunt
681 1971 786 2033 parva.
829 1949 877 2012 Ita
897 1956 928 2010 et
951 1968 1056 2009 monav

133 2034 215 2096 stiei:
260 2035 380 2096 Vovete
402 2042 433 2098 et
453 2035 571 2097 reddite
594 2037 766 2097 castitatem
791 2034 830 2095 de·
849 2033 965 2114 regula,
988 2032 1055 2093 reli·

133 2135 225 2196 quum
251 2124 352 2179 autem
375 2119 500 2199 regulae
524 2126 636 2182 vovete
657 2128 688 2180 et
704 2139 766 2181 non
788 2116 916 2181 reddite.
960 2113 1054 2178 Oin-

133 2201 234 2260 ssuias
257 2199 432 2263 novissimis
460 2205 522 2264 irae
553 2204 659 2265 diebus
682 2203 890 2282 dignissimas,
919 2199 1055 2260 Christus

134 2280 207 2341 dieit
228 2282 332 2343 blattb.
354 2287 388 2347 5:
431 2283 488 2358 Qui
512 2287 638 2347 solverit
650 2307 741 2347 unum
763 2285 802 2346 de
825 2283 976 2346 mundatis
989 2283 1054 2343 istis

135 2364 267 2424 minimis
290 2373 319 2426 et
341 2365 480 2428 docuerit
501 2370 546 2428 sin
567 2369 716 2446 homines,
738 2369 881 2429 minimus
897 2366 1056 2428 vocabitur

131 2448 163 2508 in
186 2466 282 2528 regno
306 2448 473 2525 saelorum,
496 2452 671 2512 etiterum:
715 2450 785 2512 Non
799 2449 975 2531 praeteribit
990 2451 1055 2511 iota

133 2550 226 2591 unum
249 2540 301 2592 aut
321 2549 403 2612 apex
425 2552 502 2593 unus
527 2533 564 2593 de
584 2533 681 2614 Lege,
717 2532 817 2594 donee
844 2534 948 2594 omnia
970 2532 1054 2593 fiant.

134 2614 176 2676 At
197 2615 281 2696 Papa
298 2623 339 2688 et
367 2617 528 2677 monustini
556 2617 667 2679 tollunt
692 2634 754 2676 non
777 2617 840 2678 iota
863 2622 915 2677 aut
936 2617 1055 2695 apieem

133 2696 252 2777 solum,
288 2697 342 2759 aed
364 2699 483 2780 integra
503 2699 598 2762 verba
620 2704 769 2761 ettotam
791 2705 988 2779 praeseptum
1012 2697 1055 2757 di·

134 2787 256 2846 eentes:
300 2783 333 2843 ln
357 2785 476 2863 magnis
498 2789 628 2860 servate,
649 2784 680 2845 in
701 2784 805 2864 parvis
827 2800 885 2844 nos
898 2778 1054 2843 solvimus.

133 2862 196 2927 Sed
219 2884 276 2925 nos
310 2873 508 2928 exseorautes
536 2874 567 2928 st
599 2866 786 2928 detestantes
808 2865 1054 2927 abominationes

132 2948 207 3008 istas
230 2948 452 3010 abominandas
469 2944 519 3011 bio
540 2951 706 3031 sapiamus.

216 3031 348 3093 Primum
371 3032 445 3094 nibil
466 3034 545 3094 inter
555 3053 651 3114 opera
673 3032 891 3112 disoemamus,
914 3031 1055 3110 aequalia

133 3119 204 3174 sunt
226 3116 306 3195 apud
329 3117 444 3196 Deum,
474 3136 554 3198 quau
576 3137 688 3198 magna
711 3123 742 3179 et
763 3136 858 3196 parva
880 3122 950 3176 sunt
973 3113 1054 3195 apud

133 3215 191 3258 nos
213 3206 244 3257 et
264 3200 343 3260 iuter
363 3219 442 3263 sese.
486 3200 533 3262 Ad
559 3219 732 3262 mensuram
754 3199 825 3262 fldei
848 3199 921 3260 dieit
943 3199 1054 3259 Paulus

133 3278 242 3341 Roma.
269 3283 315 3342 12.
340 3284 444 3344 omnia
467 3283 584 3345 donari.
628 3283 685 3345 Ille
708 3284 787 3345 enim
812 3283 967 3365 probatur,
990 3301 1052 3343 non

133 3364 186 3442 qui
207 3364 295 3444 plura
316 3371 347 3424 et
369 3367 487 3428 maiora
509 3367 708 3446 lucerinam
730 3369 779 3447 qui
804 3368 919 3428 maiore
941 3365 1001 3426 fide
1023 3371 1054 3426 et

133 3447 261 3508 uanitate
295 3446 411 3514 feeerit.
468 3449 599 3511 Oastitas
640 3450 811 3530 coniugalia
848 3449 988 3511 Abrabae
1023 3456 1055 3510 et

132 3527 229 3593 Sarae
265 3530 430 3591 multorum
465 3533 630 3614 virginitati
661 3534 857 3615 praeferetur.
901 3533 941 3592 Et
973 3533 1052 3593 Petri

132 3613 266 3692 apostoli
289 3614 464 3695 coniugium
489 3615 605 3696 absque
634 3616 726 3678 dubio
748 3616 778 3680 S.
803 3615 942 3697 Agathae
964 3616 1052 3697 virgi-

133 3698 229 3757 nitate
251 3696 392 3777 superior
414 3699 478 3759 erit.
523 3699 569 3760 Ad
593 3699 695 3778 fldem,
717 3702 853 3780 inquam,
877 3699 980 3764 omnia
1002 3718 1053 3759 ex·

133 3778 248 3865 igenda
269 3785 358 3863 sunt,
376 3799 440 3844 nou
462 3783 543 3846 enim
566 3784 617 3869 qai
640 3788 785 3870 operatus
807 3783 907 3864 luerit,
930 3780 985 3843 sed
1002 3781 1053 3864 qui
