2392 4170
306 255 415 309 Bnlicm
435 255 521 308 Leon.
542 254 574 308 X.
593 254 717 309 demunt.
736 272 762 311 ι
780 256 861 313 toto.
984 254 1048 322 179

142 428 205 485 nnn,
232 416 263 471 et
283 411 436 491 melignne
459 427 521 470 non
545 416 653 489 tanget
674 429 754 470 eum.
800 412 839 471 Ar
863 414 974 490 omnic,
996 413 1046 490 qui

75 508 81 545 t
139 493 230 573 credit,
251 496 398 574 quoniam
428 493 513 553 leeue
544 492 767 570 caletricus,
799 513 839 554 ex
862 493 929 556 Deo
958 502 1047 556 cutm

75 594 85 631 ι
136 586 181 653 ιιι,
209 588 241 636 ιιι
270 577 385 639 ibidem
408 576 501 652 dicit3
535 578 577 637 ite
598 578 686 636 nimnl
710 596 814 637 verum
837 583 900 659 eet,
934 581 1045 638 iuetum

134 677 180 721 non
198 680 340 745 peccare,
364 667 509 722 ettamen
533 667 695 740 peccatum
709 659 832 740 habene,
856 680 910 720 eeu
931 661 1045 723 melum

183 763 222 805 re.

191 826 422 889 Concludemue
446 845 522 906 ergo
544 843 614 885 cum
638 825 842 906 pulcherrimo
868 826 961 887 verbo
985 828 1045 887 Au·

133 912 238 991 pectini,
259 910 437 989 Peccatum,
459 911 566 989 inquit,
588 911 749 969 remittitur
761 911 792 969 in
806 910 968 990 baptimo,
981 926 1044 970 cen

134 1000 229 1061 dnon
250 996 307 1072 rit,
328 993 383 1055 red
405 1002 521 1054 utnon
543 993 718 1072 imputetur.
763 992 844 1052 lione
873 1000 920 1053 eet
947 1000 980 1051 et
1001 1010 1045 1051 re-

134 1085 220 1138 linet
239 1085 414 1158 peccetum,
435 1077 490 1137 ced
512 1094 575 1136 non
597 1077 773 1154 imputetur.
817 1074 921 1150 Quare
944 1093 1045 1154 perre-

132 1159 280 1227 mdum
302 1167 353 1222 eet
378 1162 408 1220 in
436 1179 495 1220 ceu
515 1158 693 1240 scripturae
713 1165 744 1218 et
772 1159 984 1237 antiquorum,
1015 1165 1045 1217 et

133 1260 180 1303 rou
208 1244 380 1321 delectum,
420 1243 476 1304 eed
511 1261 584 1309 vere
617 1248 780 1321 peccatum
814 1240 1044 1322 appellandum,

133 1324 271 1387 libidinem
293 1335 324 1389 et
345 1328 421 1387 elice
449 1327 610 1408 perniones
639 1325 771 1404 reliquae
799 1323 962 1405 baptismo.
1008 1322 1046 1382 iit

132 1408 198 1471 eliud
218 1429 290 1471 cese
310 1410 415 1471 omnic
436 1416 565 1490 peccet·
587 1411 712 1487 remitti,
736 1406 818 1468 eliud
840 1409 945 1469 omnin
967 1405 1044 1482 tolli,

132 1490 283 1573 [ιμίιιιιιιι
306 1495 411 1555 omnin
430 1494 571 1570 remittit,
594 1492 649 1553 red
673 1491 789 1557 nullum
810 1491 932 1571 ponitur
955 1487 1044 1564 tollit,

132 1576 173 1637 ul
190 1578 298 1657 incipit
317 1577 435 1639 tollere.
477 1576 511 1637 ld
531 1575 616 1656 quod
638 1575 709 1635 illue
726 1574 842 1652 leiellit,
865 1575 917 1653 qui
938 1573 1042 1633 remis-

133 1659 234 1725 fl'ucm
265 1660 484 1722 intellexerim
526 1658 736 1720 omnimodam
775 1656 1042 1738 expurgationem,

134 1760 164 1803 no
180 1744 223 1805 ric
244 1744 397 1805 deiectum
419 1762 475 1827 pro
498 1750 628 1824 peccato
652 1743 796 1821 accipere
814 1742 953 1821 ceipene
977 1756 1045 1798 coe-

134 1834 240 1907 perunt,
268 1848 310 1889 ex
333 1828 415 1889 melo
437 1827 593 1889 intellectu
616 1827 646 1886 in
666 1826 806 1905 peiorem
835 1824 920 1904 lepci.
965 1821 1043 1881 Nem

135 1905 180 1970 Ιιιι
197 1913 349 1973 sententie
369 1930 475 1972 eorum
491 1909 631 1971 homines
641 1910 672 1969 in
687 1908 881 1969 securitatem
895 1912 927 1975 et
940 1922 1043 1984 supcr-

136 1988 190 2054 len
209 1996 489 2075 praesumptionem
512 1993 679 2073 ducuntur,
707 1991 780 2053 dum
803 1990 940 2072 peccetis
962 1988 1045 2051 eble-

137 2074 234 2138 llreibi
255 2079 324 2160 puri
346 2080 402 2138 viel
425 2078 569 2139 omittunt
583 2075 683 2137 rtudie
706 2073 899 2155 expurgandi
913 2069 1045 2154 peccati,

138 2162 257 2222 ntcniue
280 2163 398 2223 conecti
418 2162 479 2221 iem
502 2179 564 2221 non
586 2165 672 2233 eunt,
696 2177 757 2238 quc
777 2159 872 2238 impie
894 2157 1041 2237 opinione

138 2241 235 2321 plurimi
256 2251 387 2327 pereunt
407 2263 536 2306 necesse
558 2252 621 2320 eet,
644 2242 699 2303 red
722 2250 752 2302 et
774 2260 812 2302 eo
835 2245 1043 2322 pervenerunt

139 2324 268 2409 umine,
298 2338 331 2390 ut
350 2330 444 2390 etiem
468 2328 623 2388 libidinem
645 2325 852 2386 inevitabilem
882 2330 1042 2405 parentem

143 2420 309 2489 mrum,
343 2412 412 2472 dnm
442 2420 607 2491 generent,
638 2409 833 2489 quantumvis
863 2408 1042 2468 indomitam

146 2496 500 2575 trummoeinvictoque
520 2494 623 2556 furore
651 2501 759 2555 contro
780 2493 881 2572 legem
893 2490 949 2552 Dei
973 2508 1044 2550 eon·

146 2578 336 2658 uincentem,
356 2578 509 2641 deiectum
533 2596 644 2639 voccre
666 2578 727 2637 eint
753 2577 863 2638 coacti.
907 2575 977 2635 Hoc
997 2581 1044 2633 eet

144 2664 295 2724 menimis
318 2672 487 2723 extenuare
509 2670 679 2743 peccatum,
702 2660 804 2721 dicere
825 2667 887 2725 tem
903 2664 1041 2719 etrooem

83 2830 86 2835 Ι
142 2738 246 2808 llldinie
267 2748 415 2829 impetum
438 2765 507 2809 eeee
525 2745 689 2807 delectum.
730 2743 793 2807 sed
816 2742 855 2803 de
874 2741 937 2802 boc
958 2741 1042 2807 scos.

496 2912 667 2973 Tertius:

187 3038 290 3102 tomes
314 3042 445 3123 peceati,
468 3041 586 3100 etiemei
600 3041 715 3102 nullum
740 3039 819 3100 adsit
834 3038 954 3100 actuale
976 3056 1045 3119 pec·

188 3132 301 3203 cetum,
331 3132 468 3185 moretur
490 3144 508 3184 e
530 3144 661 3206 corpore
685 3127 817 3184 animem
840 3123 879 3185 eb
906 3124 1046 3209 ingressu

73 3263 75 3271 .
187 3207 270 3268 coeli.
809 3234 814 3245 =
926 3230 930 3239 ·

155 3402 160 3414 .
204 3324 349 3401 Quamvis
382 3327 463 3387 hono
498 3326 727 3395 conclusionem
760 3327 884 3407 seepiue
918 3332 1045 3396 testetur

76 3408 85 3465 '.
146 3417 184 3497 tiu
200 3428 259 3470 non
282 3417 442 3487 eeeertcm,
463 3411 518 3471 sed
540 3410 742 3490 disputetam,
770 3418 873 3472 temen
900 3411 960 3469 iem
984 3428 1043 3470 non

148 3481 255 3570 ὗφιιο,
275 3492 332 3554 ced
343 3512 449 3554 cetero
463 3513 541 3571 eom,
564 3502 727 3574 postquem
740 3494 812 3554 nibil
825 3494 917 3554 video
935 3499 1046 3554 contre

72 3626 94 3663 ,ι
146 3582 194 3633 tiu
209 3576 337 3656 produci
358 3576 473 3638 cbullo
490 3578 678 3639 ednereerio.
719 3577 752 3639 Si
768 3578 851 3638 enim
868 3595 944 3638 vene
966 3583 1044 3654 snut,

88 3684 92 3695 ¹
148 3665 203 3726 ltu
222 3663 363 3740 pneximo
386 3662 515 3723 articulo
527 3661 609 3722 dicte
631 3669 712 3739 eunt,
734 3662 952 3723 fomitemeeee
974 3678 1046 3720 vene

148 3748 296 3823 mlum,
321 3764 379 3826 por
400 3746 532 3825 gretiam
555 3745 611 3805 Dei
638 3764 743 3806 verum
766 3747 865 3826 megi·
886 3763 924 3805 cc
942 3745 1043 3824 megin

837 3826 899 3868 roe
