2392 4170
130 259 194 329 130
395 259 555 333 Appellatio
581 263 615 320 o.
634 263 711 317 unt.
730 261 841 318 uuonan

133 457 214 518 oque
238 456 333 498 onere
354 451 512 518 gravatam
536 438 659 517 habere,
682 445 713 498 et
727 437 839 499 iudidio
851 443 992 499 extremo
1003 436 1060 498 Dei

131 539 313 603 supereum
336 521 436 582 losum
460 522 542 584 dare.
571 523 652 583 Dixi.
786 532 791 543 '

216 603 318 680 Quare
347 623 414 665 enm
447 604 525 664 haee
555 624 610 666 sua
642 605 822 685 gravamina
848 605 877 663 in
910 601 1058 664 soheduis

133 686 266 768 quadam
290 707 395 749 eoram
420 707 468 748 me
490 687 754 768 pubiiooNntario
777 694 807 746 et
828 687 957 747 testibus
978 685 1057 747 inira

132 773 252 852 seriptis
274 773 417 852 legisset,
437 778 624 852 protestatus
647 779 694 832 est
715 770 809 830 semei
825 777 917 851 atque
939 773 1058 850 iterum,

132 874 168 915 se
190 857 354 935 persistere
376 875 414 916 eo
437 857 551 934 animo,
574 874 637 935 quo
659 857 776 936 priusa
799 852 937 935 praefato
955 853 1058 914 Leone

132 941 168 1004 X.
192 938 401 1018 appellaverit,
425 939 550 999 haerere
572 958 650 1015 sese,
674 945 704 998 et
725 943 767 997 uti
788 939 853 997 iure
876 944 907 996 et
930 936 1059 1016 patrosi-
1083 984 1086 989 .

132 1024 183 1082 nio
207 1021 342 1102 legitimo
364 1025 448 1102 prius
472 1042 489 1080 a
512 1041 545 1082 se
571 1023 671 1083 saetae
694 1021 927 1102 Appellationis.
972 1016 1059 1081 Unde

132 1106 220 1186 petiit
241 1105 298 1165 sibi
321 1125 340 1165 a
362 1125 411 1166 me
426 1105 554 1165 Notario
580 1105 705 1186 pubiioo
727 1123 795 1164 oum
820 1103 923 1163 debita
943 1103 1058 1181 instan-

133 1190 175 1248 tia
196 1188 356 1269 apostolos
379 1189 464 1264 tates¹
488 1188 594 1268 quales
618 1188 675 1248 sibi
698 1190 735 1247 de
750 1184 1058 1247 inredebenturdari

132 1278 224 1351 atque
247 1271 385 1332 oonoedi.
409 1273 463 1332 Oui
486 1273 602 1352 petenti
619 1271 777 1332 talesdedi
792 1269 961 1351 apostolos,
986 1286 1057 1350 qua·

133 1355 178 1414 les
202 1374 220 1414 a
242 1373 291 1414 me
313 1367 492 1435 exspectare
515 1357 681 1435 potuisset,
710 1355 850 1414 nimirum
874 1353 1060 1414 testimonis·

134 1438 189 1516 les,
207 1439 401 1518 potissimum
424 1440 625 1498 instrumento
640 1438 762 1518 pubiioo
786 1457 825 1498 ex
839 1444 912 1495 tuno
928 1454 1056 1497 exaran-

134 1520 199 1583 dos.
230 1522 327 1601 Super
349 1522 458 1600 quibus
481 1521 621 1582 omnibns
644 1531 674 1581 et
699 1521 826 1600 singulis
850 1520 937 1599 petiit
964 1540 985 1581 a
1011 1538 1059 1580 ms

133 1603 260 1664 Notario
282 1605 485 1685 infrascripto
502 1624 594 1664 unum
616 1605 668 1665 vei
688 1602 895 1684 pluraoooiioi
919 1610 1014 1684 atque
1028 1601 1060 1663 ii-

133 1689 174 1748 eri
197 1687 351 1766 publioum
380 1688 428 1747 vel
456 1688 579 1769 publiea
606 1691 843 1748 instrumentum
874 1687 922 1746 vei
951 1687 1062 1747 instru-

134 1778 246 1830 menta.

216 1855 295 1913 Aeta
316 1860 388 1913 sunt
408 1854 486 1927 haee
513 1853 765 1934 Vuittembergae
786 1851 1059 1934 Brandenburgen·

131 1939 172 1996 sis
196 1937 373 2014 Dioooesis,
396 1955 478 1998 anno
501 1957 520 1997 a
542 1939 701 1999 nativitate
723 1937 845 1996 Domini
868 1943 900 1995 et
920 1934 1058 1997 Seivato

131 2021 171 2079 ris
195 2021 291 2079 nostri
313 2020 386 2079 Jesu
417 2019 526 2080 Christi
550 2021 589 2081 M.
613 2021 649 2082 Ι).
664 2020 741 2098 XX„
763 2019 931 2079 indictione
946 2023 987 2098 8.‚
1011 2019 1059 2079 die

132 2121 205 2163 vero
229 2102 350 2163 Saturni
374 2106 421 2167 17.
435 2105 548 2164 mensis
559 2103 743 2165 Novembris
754 2149 762 2180 ‚
774 2101 975 2163 Pontificatus
990 2102 1059 2163 bea·

131 2186 239 2245 tissimi
260 2186 291 2245 in
313 2185 434 2247 Christo
462 2189 555 2266 putris
578 2196 609 2247 et
636 2187 769 2265 domini,
799 2185 914 2249 domini
936 2185 1058 2267 Leonis,

133 2269 236 2329 divina
257 2268 452 2348 providentia
474 2270 630 2330 Pontifiois
652 2271 793 2347 Romani,
815 2269 903 2329 huius
926 2271 1057 2330 nominis

132 2352 169 2415 X.
191 2370 273 2412 anno
302 2355 342 2427 8,
372 2361 521 2432 regnante
543 2353 614 2414 divo
637 2354 749 2414 Caroio
772 2353 982 2412 Romanorum
1004 2353 1059 2414 Im·

133 2432 286 2516 peratore,
309 2435 386 2495 hora
409 2440 457 2500 10.
471 2437 517 2496 vei
536 2439 621 2515 quasi
632 2439 660 2496 in
676 2438 746 2496 looo
764 2436 962 2497 habitationis
974 2454 1058 2515 suae,

132 2518 199 2578 sive
219 2521 249 2578 in
268 2521 497 2598 aestuariosuo,
515 2522 594 2580 intra
616 2539 719 2580 muros
739 2527 769 2580 et
780 2527 868 2600 septa
882 2520 1058 2580 Monasterii

132 2602 424 2681 Augustinianorum
446 2603 558 2663 ibidem
582 2605 704 2667 situata.

215 2685 461 2746 Praesidentibus
483 2686 594 2746 ibidem
619 2685 843 2747 venerabilibus
862 2686 932 2744 viris
955 2694 987 2745 et
998 2685 1057 2747 Do·

133 2769 232 2846 minis,
254 2769 291 2832 D.
313 2769 457 2829 iohanne
478 2770 696 2850 Pookmanno,
724 2768 939 2848 philosophiae
962 2769 1057 2850 Magi·

132 2859 195 2912 stro
221 2852 259 2911 de
282 2854 381 2930 ouria,
405 2853 559 2913 diocoesis
584 2853 864 2933 Babanbergensis,
887 2852 922 2914 D.
947 2852 1057 2913 Valen-

133 2938 197 2995 tino
221 2935 384 2995 Kloehtzer
411 2955 481 2996 vom
514 2935 598 3017 Geyr
625 2938 777 2997 diocoesis
799 2937 979 3013 Misnensis,
1005 2938 1057 2996 im·

131 3019 237 3098 periali
259 3020 422 3078 autoritate
444 3019 568 3099 publico
591 3020 730 3101 Numerio,
754 3020 790 3084 D.
813 3019 930 3080 Jaeobo
954 3018 1056 3080 Seide
1098 3018 1103 3030 ’

131 3101 177 3162 ler
195 3102 232 3162 de
253 3100 457 3178 Neuendorff‚
489 3105 640 3163 dioooesis
667 3104 850 3180 thianensis,
878 3101 915 3162 D.
937 3102 1058 3164 Thomu

132 3185 251 3264 Kluege
266 3184 432 3265 aCygnea,
447 3187 599 3246 dioooesis
612 3187 863 3266 Numbnrgensis,
887 3185 999 3245 Christi
1013 3204 1060 3246 sa·

132 3267 317 3346 eerdntibus,
339 3276 370 3329 st
392 3269 528 3350 Caspare
551 3270 716 3350 Creuoiger
738 3290 755 3330 a
776 3269 889 3350 Lipsia,
904 3269 1058 3330 diooossis

131 3351 374 3431 Mersburgensis
398 3353 523 3424 clerieo,
542 3354 668 3414 testibus
691 3352 730 3414 ad
743 3353 912 3433 praemissa
935 3353 1054 3414 voeatis

133 3438 247 3514 pariter
269 3443 300 3496 et
320 3438 483 3517 requisitis.

135 3543 139 3549 ·
214 3519 254 3580 Et
275 3538 334 3600 ego
356 3520 514 3580 iohannes
536 3519 715 3599 Agriane)
744 3517 781 3578 de
804 3518 965 3599 Disieben‚
995 3519 1057 3580 dio·

185 3752 213 3818 1)
232 3749 264 3804 In
282 3751 325 3806 sd.
344 3751 405 3807 an.
441 3751 561 3806 Serctor.
