2392 4170
408 270 533 324 Rationis
553 268 730 326 Latomiauae
750 276 801 332 stc.
1014 269 1077 338 457

151 423 485 500 penitusaboisndum.
509 423 568 498 Qui
592 443 662 484 vero
686 425 756 485 huic
779 426 924 494 damnato
948 444 1077 506 conscu-

101 568 105 574 ,
152 507 236 582 serit,
259 508 393 567 incurret
414 508 488 568 iilud
510 507 591 568 loha.
620 511 670 570 16:
701 508 829 587 Spiritus
858 516 965 588 arguet
992 529 1075 582 mun-

152 587 225 647 dum
250 589 288 648 de
310 591 436 668 iudicio,
458 592 529 669 quia
550 592 693 671 princeps
717 592 819 651 mundi
841 593 901 651 iam
924 593 1074 658 iudicatus

150 681 207 731 cst.
252 672 437 734 Damnatum
460 682 621 754 peccatum
651 682 680 733 et
702 673 846 735 iudicium
877 675 936 734 hoc
957 687 1073 741 rectum

149 774 221 813 esse
250 757 375 817 credere
410 758 573 835 debemus,
608 764 638 816 ct
673 757 772 837 ipsum
803 759 941 837 exsequi.
985 758 1072 834 Quae

149 845 223 897 sunt
243 851 345 898 autern
368 841 491 899 vincula
512 839 601 899 huius
623 840 831 919 captivitatis?
863 841 921 902 isa.
947 845 1000 904 11:
1032 843 1072 904 Et

148 922 207 980 erit
228 919 304 981 fides
328 925 508 983 cinctorium
523 942 628 982 renum
651 925 716 983 eius
739 924 893 984 etiustitia
916 925 1070 1006 cingulum

149 1002 322 1066 lumborum
345 1010 420 1069 eius.
445 1007 495 1067 Sic
517 1006 627 1068 PsaIm.
652 1008 691 1070 68
710 1004 757 1081 1);
781 1007 955 1068 Ascendisti
977 1012 1008 1067 in
1030 1010 1071 1071 al·

149 1095 224 1165 tum,
247 1091 399 1169 captivam
410 1090 524 1150 duxisti
535 1091 754 1168 captivitatem,
775 1091 922 1171 accepisti
936 1091 1018 1152 dona
1039 1096 1069 1154 iu

147 1171 330 1231 hominibus.
376 1172 450 1248 Quis
468 1192 539 1232 vero
562 1175 683 1252 ignorat
695 1172 845 1234 latronem
869 1174 995 1234 liberum
1008 1195 1069 1236 non

149 1255 249 1314 minus
273 1274 341 1316 esse
362 1256 514 1317 latronem
544 1274 635 1334 quam
669 1256 847 1334 captivum?
891 1255 951 1316 Sed
975 1261 1068 1319 virtus

147 1339 212 1396 sius
240 1341 392 1399 exstincta
427 1348 489 1416 est,
522 1346 554 1398 ut
580 1338 652 1398 nihii
686 1340 725 1398 sit
754 1358 792 1399 eo
822 1339 985 1414 infirmius,
1019 1347 1066 1402 cui

148 1439 230 1480 mors
255 1432 301 1481 est
323 1426 474 1502 proxima,
497 1441 559 1482 non
573 1430 675 1501 potest
688 1422 792 1501 modo,
817 1421 900 1502 qnod
913 1423 991 1484 latro
1007 1427 1065 1485 vei·

146 1506 196 1582 iat,
221 1507 311 1564 miser
333 1526 425 1586 ergo,
447 1506 501 1565 sed
525 1513 625 1566 tamen
650 1505 746 1581 latro,
768 1507 792 1564 si
813 1507 895 1577 euim
918 1506 1066 1568 dimiseris

146 1607 225 1666 sum,
248 1588 430 1669 facietquae
452 1590 529 1649 latro
552 1589 632 1648 facit.
675 1589 722 1648 lta
743 1597 904 1668 peccatum
926 1589 956 1649 in
976 1590 1065 1653 nobis

145 1679 215 1749 post
238 1670 421 1752 baptismum
445 1692 515 1731 vere
537 1678 699 1751 peccatum
722 1682 767 1730 est
789 1673 980 1752 naturaliter,
1009 1676 1063 1735 aed

146 1758 172 1816 in
189 1756 370 1832 substantia,
385 1774 443 1815 nec
452 1757 484 1815 iu
498 1757 677 1834 quantitate,
690 1755 911 1834 uscquaiitate,
922 1775 981 1816 neo
992 1762 1063 1818 acti·

145 1840 256 1918 one,in
272 1841 418 1918 passione
439 1858 512 1899 vero
530 1844 634 1898 totum.
668 1838 746 1897 Nam
768 1838 848 1899 idem
870 1857 996 1918 prorsus
1016 1849 1062 1902 est

145 1923 352 1986 motusiraeet
364 1922 495 1983 libidinis
504 1924 592 2002 inpio
604 1923 745 2000 etimpio,
758 1921 838 1981 idem
852 1930 923 1982 ante
929 1924 1059 2003 gratiam

143 2018 170 2068 st
190 2013 264 2089 post
284 2007 430 2084 gratiam,
453 2007 532 2065 sicut
553 2004 662 2065 eadem
685 2024 757 2064 caro
781 2012 853 2064 ante
874 2006 1005 2084 gratiam
1028 2017 1061 2068 et

144 2098 212 2169 post
234 2091 375 2170 gratiam,
398 2088 502 2148 sedin
527 2090 626 2169 gratia
647 2088 720 2148 nihil
742 2097 861 2167 potest,
885 2097 971 2150 extra
992 2110 1059 2168 gra-

144 2175 214 2236 tiam
237 2172 403 2253 praevalet.
428 2172 515 2231 Unde
537 2170 831 2249 PaulusRornau.²)
846 2170 890 2236 80:
913 2172 977 2233 Lex
999 2176 1059 2254 spi-

143 2260 215 2317 ritus
234 2259 315 2316 vitae
337 2257 366 2313 iu
382 2255 502 2315 Christo
525 2255 665 2315 liberavit
688 2275 736 2314 me
757 2275 776 2316 a
797 2255 865 2334 lege
887 2259 1007 2334 peccati
1029 2265 1059 2322 et

143 2343 259 2403 mortis.
302 2340 362 2399 Gur
384 2358 444 2399 non
468 2339 561 2416 dixit,
595 2337 733 2400 liberavit
761 2357 809 2396 me
837 2347 1059 2419 apcccatoet

143 2423 260 2486 morte?
283 2423 394 2482 Nonne
408 2423 544 2482 Christus
567 2422 706 2481 liberavit
727 2442 745 2481 a
764 2428 894 2500 peccato
908 2431 938 2484 et
959 2433 1058 2492 morte

142 2507 253 2569 simui?
291 2509 401 2566 Verum
433 2507 471 2564 de
494 2524 588 2584 opere
610 2507 734 2584 proprio
766 2505 843 2583 legis
867 2508 990 2585 spiritus
1013 2509 1056 2570 lo-

141 2594 251 2671 quitur,
274 2609 353 2669 quae
375 2589 436 2648 hoc
458 2589 560 2666 faciat,
583 2588 665 2666 quod
680 2588 816 2648 Christus
832 2590 949 2650 meruit.
973 2589 1055 2653 Chri·

140 2686 203 2735 stus
225 2673 350 2754 quidem
373 2674 468 2733 semel
489 2671 622 2731 absolvit
659 2680 690 2730 et
729 2670 867 2730 liberavit
900 2690 1008 2735 omues
1037 2695 1056 2744 a

139 2767 268 2837 peccato
292 2764 323 2816 et
344 2764 459 2834 morte,
495 2755 566 2814 dum
597 2754 685 2815 nobis
709 2755 807 2835 legem
831 2755 953 2834 spiritus
976 2757 1056 2818 vitae

140 2843 257 2902 meruit.
300 2838 354 2900 Ille
378 2859 452 2919 ergo
465 2839 592 2918 Spiritus
616 2840 696 2897 vitae
718 2837 790 2917 quid
804 2836 896 2897 fecit?
918 2839 1053 2901 noudum

138 2946 156 2985 a
178 2933 288 3002 morte,
305 2923 440 2983 nondum
453 2943 470 2981 a
482 2931 611 3002 peccato
629 2922 777 2999 liberavit,
798 2920 939 2981 liberabit
952 2930 1056 2983 autem
1168 2928 1179 2940 ’

136 3008 274 3079 tandem,
292 3001 369 3085 'quia
391 3005 491 3066 adhuc
514 3004 704 3065 moriendum
727 3012 789 3080 est,
811 3004 912 3065 adhuc
933 3006 963 3064 in
985 3025 1055 3086 pec·

135 3095 212 3152 catis
248 3089 459 3152 laborandum.
504 3089 605 3148 Seda
640 3089 708 3168 lege
744 3089 863 3167 peccati
889 3096 920 3148 et
948 3090 1054 3150 mortis

135 3175 294 3250 liberavit,
317 3174 377 3233 hoc
399 3182 460 3251 est,
489 3193 506 3232 a
528 3191 624 3252 regno
647 3183 677 3231 et
699 3171 859 3252 tyrannide
881 3175 1001 3251 peccati
1023 3181 1055 3234 et

134 3261 252 3334 mortis,
273 3265 306 3317 ut
318 3267 478 3337 peccatum
500 3257 623 3335 quidem
637 3255 725 3335 adsit,
748 3253 802 3313 sed
818 3255 932 3317 amissa
954 3262 1054 3336 tyran-

133 3343 205 3402 nide
228 3341 300 3401 nihii
323 3341 431 3420 possit,
453 3348 482 3398 et
505 3359 587 3400 mors
610 3338 732 3418 quidem
755 3339 863 3414 instet,
886 3337 940 3399 sed
963 3342 1051 3401 amis·

132 3445 167 3487 so
191 3426 315 3487 stimulo
338 3423 412 3484 nihii
434 3442 546 3484 nocere
568 3441 669 3502 neque
691 3429 803 3482 terrers
826 3423 934 3501 possit.
969 3421 1051 3495 Ecce

154 3613 275 3621 .-...-——
283 3613 307 3617 ..Μ
320 3612 366 3616 ,μ
376 3610 510 3615 ..μμωη
520 3610 525 3611 ⁷
539 3609 568 3613 ἡ,

203 3702 235 3765 1)
254 3698 286 3753 ln
305 3697 348 3752 cd.
369 3697 451 3764 orig:
473 3694 516 3748 67.
553 3694 587 3756 2)
608 3688 712 3742 Ibidem
732 3687 962 3824 degztzptoman.
