2392 4170
138 232 181 302 60
395 235 438 301 Ds
457 235 534 308 Ospt
554 235 651 306 Babyl.
670 237 810 305 Ecclesiae

137 397 168 452 et
189 391 269 453 hanc
291 393 389 472 ipsam
413 391 491 455 adeo
513 412 574 455 nou
597 399 737 474 tangunt,
758 401 792 455 ut
810 395 905 454 etiarn
923 399 1063 455 asserant

136 475 220 556 impii
248 475 404 549 homines,
433 495 493 535 non
526 476 638 537 debere
665 477 819 538 hominem
848 496 918 538 esse
944 482 1061 538 eertum

136 558 175 619 de
196 560 611 639 remissione-peccatorum,
640 581 695 621 seu
724 563 823 640 gratia
848 566 1060 623 'sacramento-

135 661 218 715 rum,
256 662 317 720 qua
348 644 505 720 impietate
538 643 643 705 orbem
677 650 774 705 totum
804 644 997 722 dementant,
1031 642 1093 705 et*

136 733 360 786 sacramentum
384 724 536 805 baptismi,
557 729 588 786 in
606 746 667 806 quo
685 729 855 806 statprima
876 727 976 806 gloria
989 745 1062 787 cou-

136 809 282 870 scientiae
305 816 444 884 nostrae,
467 809 600 871 funditus
623 812 836 889 exstinguunt,
858 810 970 871 nedum
991 828 1062 890 cap·

135 893 248 964 tivant,
276 893 395 953 iuterim
423 895 610 954 insanientes
643 895 674 954 in
703 895 830 955 miseras
858 895 976 954 animas
998 892 1062 954 suis

136 976 386 1051 contritionibus,
409 978 508 1038 anxiis
532 977 792 1056 confessionibus,
817 977 1062 1055 circumstantiis,

135 1059 403 1138 satisfactionibus,
427 1059 581 1139 operibus,
603 1067 634 1120 et
654 1060 684 1120 id
707 1080 805 1141 genus
821 1060 946 1121 infinitis
962 1060 1062 1138 nugis.

134 1141 214 1202 Esto
232 1162 306 1222 ergo
329 1143 463 1222 prudens
484 1144 596 1220 lector,
620 1144 683 1204 imo
706 1151 900 1223 contemptor
923 1143 1062 1221 Magistri

135 1227 354 1295 sententiarum
378 1226 429 1286 lib.
451 1228 471 1288 4
494 1246 563 1287 cum
586 1226 727 1287 omnibus
757 1228 819 1287 suis
849 1225 1062 1304 scribentibus,
1098 1214 1103 1239 ⁴

135 1309 186 1387 qui
219 1315 336 1370 tantum
369 1310 407 1369 de
442 1311 569 1371 materia
604 1316 636 1370 et
665 1311 764 1371 forma
797 1315 1060 1370 sacramentorum

134 1390 286 1468 scribunt,
309 1392 379 1453 dum
404 1395 519 1472 optime
541 1392 691 1467 scribunt,
719 1393 750 1454 id
773 1402 833 1472 est,
857 1400 1007 1454 mortuam
1030 1398 1062 1452 et

135 1474 327 1536 occidentem
344 1476 462 1537 literam
476 1483 738 1536 sacramentorum
760 1482 904 1551 tractant,
926 1482 1060 1536 ceterum

135 1559 283 1637 spiritum,
305 1561 443 1620 vitamet
464 1578 562 1633 usum,
584 1559 616 1619 id
637 1566 694 1635 est,
705 1561 917 1638 promissionis
939 1559 1062 1619 divinae

134 1642 292 1702 veritatem
316 1649 347 1702 et
367 1649 503 1707 nostram
525 1642 617 1703 fidem
653 1661 777 1721 prorsus
806 1645 937 1703 intactas
971 1641 1061 1702 relin-

134 1731 240 1803 quunt.

214 1807 295 1867 Vide
317 1809 431 1886 itaque,
460 1827 499 1867 ue
526 1815 564 1868 te
578 1808 684 1868 fallant
707 1827 834 1887 operum
857 1826 1008 1888 pompae,
1031 1815 1062 1869 et

130 1889 330 1951 humanarum
352 1891 550 1952 traditionum
572 1891 721 1965 fallaciae,
746 1898 779 1950 ut
800 1892 919 1951 veritati
939 1891 1061 1951 divinae

133 1979 164 2033 et
192 1971 264 2034 fidei
293 1982 364 2034 tuae
402 1994 463 2034 uon
499 1974 593 2034 iacias
625 1974 775 2038 iniuriam.
828 1973 938 2034 Afide
960 1993 1061 2035 sacra·

132 2063 304 2117 mentorum
327 2057 379 2116 tibi
402 2057 609 2137 incipiendum
632 2062 693 2133 est,
727 2059 794 2117 sine
813 2057 882 2116 ullis
905 2055 1061 2136 operibus,

132 2140 158 2199 si
180 2140 283 2199 salvus
312 2139 376 2199 fieri
406 2140 508 2214 voles,
539 2138 629 2201 fidem
665 2146 767 2200 autern
796 2141 863 2219 ipsa
895 2147 1062 2219 sequentur

79 2216 86 2226 ’
134 2240 244 2302 opera,
276 2230 393 2283 tantum
422 2243 462 2282 ne
489 2223 580 2282 vilem
602 2223 717 2283 habeas
739 2222 848 2297 fidem,
879 2242 958 2300 quae
981 2242 1059 2302 opus

132 2311 179 2365 est
200 2307 335 2366 omnium
349 2325 476 2384 operum
488 2306 779 2367 excellentissimum
794 2313 825 2366 et
835 2306 1060 2382 arduissimum,

132 2407 194 2467 qno
219 2388 297 2463 solo,
320 2390 412 2448 etiam
436 2389 461 2448 si
484 2391 593 2450 ceteris
617 2388 759 2450 omnibus
775 2408 879 2449 carere
895 2390 1061 2468 cogereris,

50 2521 53 2526 .
102 2507 109 2520 ·
132 2469 312 2534 servaberis.
356 2471 412 2531 Est
433 2473 514 2532 enirn
538 2492 616 2553 opus
639 2472 706 2550 Dei,
728 2491 789 2532 non
812 2473 954 2546 hominis,
978 2473 1060 2534 sieut

130 2552 243 2614 Paulus
265 2553 371 2630 docet,
402 2561 505 2615 cetera
527 2555 686 2616 nobiscum
721 2561 752 2615 et
780 2574 833 2633 per
862 2574 918 2615 nos
953 2573 1060 2633 opera·

131 2643 197 2710 tur,
226 2637 286 2696 hoo
307 2639 430 2698 unicum
452 2640 482 2697 in
508 2637 613 2714 uobis,
646 2645 676 2698 et
706 2639 772 2699 sine
794 2637 882 2698 uobis
906 2645 1059 2718 operatur.

215 2719 263 2779 Ex
291 2720 337 2780 his
364 2722 527 2800 perspicue
561 2721 734 2781 discernere
768 2739 949 2800 possumus,
987 2720 1059 2800 quid

131 2805 209 2863 inter
231 2804 400 2863 ministrum
422 2803 578 2864 hominem
601 2811 630 2864 et
657 2811 794 2865 autorem
819 2804 917 2864 Deum
940 2804 1061 2865 intersit

131 2887 161 2946 in
184 2884 377 2966 baptisando.
411 2887 513 2947 Homo
535 2889 614 2948 euim
629 2886 762 2966 baptisat
784 2894 814 2945 et
825 2905 887 2946 non
910 2886 1060 2966 baptisat,

130 2967 272 3048 baptisat,
295 2970 366 3048 quia
379 2969 496 3049 perficit
509 2989 597 3050 opus,
620 2969 690 3031 dum
711 2969 820 3048 mergit
831 2968 1059 3048 baptisandurn,

132 3066 194 3111 non
217 3050 368 3131 baptisat,
400 3054 472 3131 quia
498 3072 561 3114 non
584 3053 718 3132 iungitur
750 3054 780 3112 in
811 3072 848 3112 eo
882 3071 975 3132 opere
1004 3072 1060 3114 sna

131 3135 306 3209 autoritate,
328 3135 381 3194 sed
406 3137 473 3196 vice
495 3137 563 3198 Dei.
607 3135 694 3197 Unde
723 3143 846 3214 oportet
867 3154 924 3195 nos
938 3135 1060 3214 ,baptis-

132 3236 213 3278 mum
238 3217 275 3276 de
297 3238 389 3278 manu
410 3219 543 3280 hominis
572 3238 634 3279 non
657 3218 745 3279 aliter
767 3220 938 3298 suscipere,
967 3238 1058 3297 quarn

30 3352 32 3359 .
132 3301 158 3360 si
184 3300 252 3380 ipse
275 3301 427 3379 Christus,
456 3305 518 3363 imo
548 3304 615 3382 ipse
637 3301 722 3362 Deus
750 3320 807 3361 nos
836 3303 898 3360 suis
927 3303 1060 3381 propriis

132 3383 272 3444 manibus
300 3382 476 3464 baptisaret.
530 3384 598 3448 Non
634 3387 714 3445 enim
748 3384 879 3445 hominis
909 3391 969 3458 est,
1004 3383 1059 3444 sed

133 3466 244 3528 Christi
269 3473 299 3527 et
322 3468 378 3528 Dei
402 3469 586 3547 baptismus,
609 3488 700 3547 quem
729 3467 892 3546 recipimus
919 3486 975 3546 per
995 3487 1059 3538 ma·

131 3567 204 3609 num
235 3540 378 3613 hominis.
432 3550 518 3613 Sicut
546 3550 702 3631 quaelibet
730 3550 790 3610 alia
811 3556 966 3625 creatura,
999 3567 1060 3630 qua

130 3633 244 3694 utimur
264 3653 319 3713 per
343 3653 466 3694 manum
488 3634 622 3712 alterins,
644 3653 706 3694 non
729 3639 776 3694 est
796 3632 854 3693 nisi
869 3633 936 3694 Dei.
975 3632 1059 3694 Cava

132 3734 217 3797 ergo,
239 3717 284 3779 sic
308 3716 463 3783 discernas
485 3717 681 3799 baptismum,
703 3723 736 3782 ut
757 3722 919 3781 externum
932 3717 1060 3798 homini,
