2392 4170
331 248 430 309 saro.
448 247 585 308 aeman
602 244 831 307 teutrannus.
994 227 1058 308 rm

216 429 372 491 Hactenus
386 426 518 488 indicavi
541 444 603 486 uon
624 422 766 486 debuisse
787 442 838 486 me
859 441 967 505 parere
985 440 1054 484 cum

134 520 221 577 tauto
243 515 365 576 animae
387 511 524 591 periculo
554 508 720 590 pontificiis
744 508 883 590 legibus,
911 527 949 570 eo
971 503 1054 587 qnod

108 643 112 650 -
134 598 239 660 nullae
259 598 416 658 hominum
434 594 625 672 traditiones,
650 594 700 655 nbi
723 613 778 672 per
790 591 1071 655 eas-conscientie-

134 682 331 762 periolitatur,
354 678 566 742 observandae
589 681 668 739 sunl.
712 677 790 739 Nam
812 677 874 737 boc
896 677 960 756 agit
981 675 1057 735 Pau-

134 767 191 844 lus,
214 784 283 826 cum
308 767 391 826 vetat
423 783 481 825 nos
511 762 667 823 homiuum
700 759 898 826 servosfleri.
941 761 1059 835 Restat,

133 856 167 911 ut
188 849 352 930 periurium
374 865 567 909 excusemus.

217 933 286 995 Non
310 952 376 992 sum
400 932 473 992 milri
495 930 637 990 conscius
659 931 749 992 aliter
769 933 898 1011 iurasse,
922 928 1055 1008 quamius

134 1017 213 1078 haec
234 1015 337 1091 verba,
359 1015 507 1077 facturum
529 1015 679 1091 imperata
701 1015 898 1077 traditionum
921 1013 1061 1093 Patrum3

134 1120 201 1161 sum
224 1107 324 1161 autem
348 1099 525 1177 designatus
550 1098 791 1179 Brandsnbnrgii
812 1099 1057 1180 hypodiaconos,

135 1183 341 1245 Halberstadii
364 1183 511 1244 diaconus
524 1231 532 1261 ,
560 1183 591 1241 in
615 1183 698 1242 curia
720 1184 868 1245 Rhaetica
891 1182 1058 1262 presbyter.

135 1268 246 1328 Vestro
268 1286 342 1328 vero
366 1266 479 1327 iudicio
503 1267 656 1345 permitto,
679 1285 758 1344 quaa
780 1268 820 1328 sit
839 1267 920 1327 illins
942 1263 1058 1346 vulgati

135 1352 229 1411 moris
253 1350 406 1430 generalis
428 1350 589 1410 iuramenti
613 1351 670 1426 vis,
694 1371 764 1412 uam
787 1352 812 1411 si
833 1351 967 1431 periuria
989 1352 1061 1410 sunt

134 1434 255 1513 singula
289 1434 421 1512 delicta,
450 1433 560 1513 quibus
590 1432 733 1496 (laconas
763 1434 937 1509 violantur,
968 1433 1060 1494 toties

135 1519 274 1598 peierant
296 1518 485 1590 sacerdotes,
509 1517 629 1596 quoties
651 1537 714 1579 non
736 1520 875 1580 ieiunant
895 1519 981 1578 iuxta
1002 1515 1061 1576 Oa·

135 1620 248 1680 nones,
278 1602 399 1681 quoties
430 1599 518 1661 aliter
537 1602 694 1679 vestiunt,
724 1609 816 1680 atque
843 1602 985 1663 sanciunt
1005 1598 1062 1660 Oa·

135 1703 243 1765 nones.
299 1685 436 1745 Breviter
468 1703 618 1762 nusquam
654 1687 711 1746 erit
741 1684 809 1766 plus
847 1685 1060 1766 periuriorum,

135 1786 226 1846 quarn
260 1767 341 1847 apud
375 1787 450 1844 eos,
482 1768 533 1846 qui
570 1767 631 1826 hoc
668 1768 877 1831 iusiurandum
913 1788 932 1829 a
970 1766 1061 1828 uobis

133 1851 227 1932 impie
250 1858 443 1930 extorquent.

217 1934 282 1995 Nec
304 1934 560 2014 praetereundum
583 1941 644 2012 est,
677 1937 867 1997 voluntatem
889 1935 971 1996 hanc
993 1950 1061 1995 esse

134 2017 428 2096 Oauonnm,nequis
442 2018 648 2099 obstringetur
661 2021 828 2083 contraius
843 2020 988 2094 divinum,
1002 2033 1062 2077 nec

134 2100 217 2161 aliud
245 2102 397 2180 imperare
424 2102 518 2175 velle,
547 2121 637 2180 quam
671 2103 753 2182 qnod
788 2104 863 2165 citra
892 2101 1060 2181 pericnlum

133 2185 410 2256 conscientiarum,
449 2186 511 2244 imo
534 2188 697 2249 commode
724 2187 789 2248 fieri
818 2188 926 2269 possit.
969 2182 1061 2261 Quod

136 2286 206 2327 cnm
228 2269 271 2328 ita
294 2266 343 2346 sit,
367 2269 486 2346 quoties
500 2268 538 2328 de
562 2269 764 2332 observandis
788 2270 966 2332 canonibus
983 2270 1061 2330 iura·

134 2356 197 2428 tur,
224 2351 298 2411 nihil
328 2357 434 2411 contra
468 2352 513 2410 ius
544 2352 679 2414 divinum
715 2356 920 2433 promittitur,
949 2359 979 2414 et
1005 2351 1061 2414 illo

133 2434 202 2512 ipso
224 2433 420 2493 iureiurando
450 2435 602 2513 excipitur
632 2456 722 2497 casus
749 2439 958 2516 necessitatis,
981 2453 1061 2515 quae

134 2516 172 2576 de
195 2516 408 2577 traditionibus
431 2516 598 2597 dispenset.
632 2521 763 2581 Disserit
784 2522 844 2582 hac
866 2520 905 2582 de
926 2539 960 2581 re
982 2517 1061 2580 Ger·

133 2618 191 2659 sou
214 2602 342 2683 copiose
362 2601 393 2659 in
417 2604 639 2664 commentario
662 2604 700 2665 de
723 2604 786 2665 vita
807 2603 966 2685 spirituali.

219 2682 315 2762 Quid,
344 2684 369 2742 si
399 2685 528 2745 iuratum
564 2693 610 2746 est
639 2706 709 2748 cum
749 2687 900 2767 particula
926 2685 1060 2764 adnexa,

134 2765 218 2844 quod
237 2767 381 2828 Oanoues
404 2768 615 2847 praecipiunt:
641 2778 793 2850 quatenns
814 2771 949 2832 hnmana
969 2768 1062 2847 fragi-

133 2849 204 2909 litas
227 2850 382 2929 permittit,
406 2870 477 2911 nam
489 2850 567 2912 haec
579 2854 731 2933 particula
751 2855 783 2915 in
797 2855 899 2916 multis
921 2852 1060 2914 ecclesiis

133 2931 226 2993 adiici
249 2932 338 2996 solet.
382 2934 459 2993 Tum
488 2935 567 2994 enim
590 2937 634 2998 ita
660 2939 790 2999 iuratum
813 2944 879 3014 est,
909 2937 1069 3016 tantisper¹

134 3015 286 3076 coelibem
307 3016 383 3093 fore,
407 3016 477 3077 dum
490 3019 604 3096 patitur
626 3020 821 3082 imbecillitas
837 3023 947 3087 carnis.
980 3017 1061 3096 Quid

134 3106 235 3159 autern
260 3119 351 3159 carue
373 3099 543 3161 infirmius?
566 3122 627 3165 non
651 3122 814 3184 possumus
837 3106 918 3166 enim
942 3123 982 3165 ex
1004 3121 1058 3164 no·

134 3180 180 3239 bis
208 3182 255 3240 vel
297 3183 435 3261 cogitare
462 3184 576 3262 aliquid
618 3187 690 3248 boni
722 3193 813 3257 teste¹
835 3187 989 3269 Apostolo
1028 3186 1059 3247 in

132 3266 299 3342 posteriori
323 3264 360 3325 ad
384 3266 569 3333 Corinthios.

216 3348 256 3408 Et
283 3353 317 3408 ut
339 3350 472 3411 maxime
499 3352 630 3412 iuratum
658 3361 741 3414 esset
770 3355 930 3435 conceptis
959 3353 1060 3415 verbis

133 3429 172 3490 de
195 3430 360 3507 coelibatu,
383 3433 409 3491 si
432 3441 524 3515 cogat
547 3436 862 3516 animaepericulnm,
884 3436 1060 3499 rescinden-

133 3511 205 3573 dum
241 3522 307 3575 erat
342 3520 457 3578 votum.
506 3516 638 3593 Quando
667 3520 789 3600 quidem
815 3522 893 3581 'sine
928 3525 1059 3601 peccato

132 3598 285 3676 praestari
307 3616 370 3658 non
395 3605 506 3677 potest.

216 3678 350 3740 Primum
387 3681 467 3742 enirn
490 3701 553 3744 non
591 3684 656 3746 vult
689 3685 809 3766 quidvis
832 3685 889 3748 sibi
917 3686 1060 3834 promitti

133 3761 228 3842 Deus,
250 3769 284 3824 ut
304 3769 433 3827 testatur
453 3763 561 3830 lerem.
583 3769 613 3832 4.
636 3769 715 3831 liam
737 3786 777 3835 eo
800 3770 916 3834 locciu
938 3775 969 3833 et
989 3787 1059 3855 pro·
