2392 4170
333 243 460 304 estol.
479 251 506 302 et
524 242 606 301 'sauri
626 241 752 300 Sorboua
770 233 901 297 damnati.
980 314 982 319 Α
1055 229 1097 305 89

176 424 208 487 in
222 425 386 503 botherum
400 426 530 509 scripsit
553 424 636 488 Meos
649 419 709 487 hos
722 442 829 487 omnes
841 422 924 487 viros
941 416 1099 484 verissime

178 511 339 592 primarios
363 511 531 572 oontemnit
551 512 609 572 iste
630 504 854 590 Apologetieus
877 507 1036 588 scriptor
1028 523 1099 568 rrre·

178 594 354 656 verentialis
375 600 406 655 et
426 594 581 654 frontosus
603 613 640 655 ae
661 599 851 674 praetensus

260 674 324 739 lam
347 678 491 739 volumus
503 678 595 738 etiam
619 677 877 757 signaeolligere,
901 674 1009 755 quibus
1030 690 1100 753 pro·

178 757 313 838 bamus,
320 759 430 839 quod
421 780 487 841 rpse
509 761 649 822 Melanch
652 760 727 822 then
746 780 807 822 nou
822 760 932 841 possit
941 759 1101 819 veritatem
1178 798 1180 803 -

179 845 267 906 seire
271 842 403 908 Primum
412 851 459 905 est
461 845 552 922 ,quod
561 863 704 925 graecam
713 844 848 922 linguam
858 835 958 904 doeet
967 841 1101 916 Quomo·

180 922 1102 1022 doestpossibile,utilraeoisintboniRomaniethristiani,

181 1010 232 1090 qui
247 1029 368 1091 semper
379 1012 502 1073 fuerunt
519 1011 650 1072 rebelles
660 1010 883 1072 etsohismatiei
893 1015 923 1071 et
936 1004 1103 1070 haeretiei?

263 1093 449 1172 Secundum,
473 1095 554 1176 quod
578 1095 718 1155 audimus
742 1114 809 1155 eum
833 1113 901 1155 esse
923 1092 1104 1154 adolescen-

179 1184 240 1239 tem
264 1176 401 1238 nondum
435 1197 585 1239 annorum
609 1179 715 1256 viginti
738 1184 881 1257 quatuor.
924 1177 965 1237 Ει
985 1177 1043 1235 iste
1067 1192 1104 1234 ao

180 1260 250 1322 talis
279 1279 356 1340 puer
389 1259 471 1321 aredi
500 1260 591 1322 debet
619 1260 733 1340 aliquid
763 1260 845 1320 eliud
879 1278 970 1339 quam
1002 1275 1104 1318 errare

180 1343 297 1426 posse?
318 1362 376 1403 nee
398 1345 475 1404 est
466 1364 496 1404 ru
519 1345 580 1404 hoo
593 1351 666 1405 oont
653 1349 765 1416 t,entus
788 1342 842 1403 sed
865 1342 997 1403 seribere
1011 1339 1105 1401 audet

180 1433 289 1488 eonba
311 1432 372 1487 tam
395 1428 563 1506 antiquam,
585 1447 740 1506 magnam,
764 1427 867 1501 altam,
891 1418 1105 1487 almamseho·

180 1510 253 1573 lam.
297 1510 437 1571 Mirabile
461 1518 523 1590 est,
554 1511 637 1591 quod
668 1510 794 1571 illustris
819 1472 888 1570 Du'x
921 1508 1102 1584 Friderieus,

181 1593 232 1691 qui
256 1591 500 1673 dieitursapiens
523 1613 593 1654 esse
608 1586 763 1674 Princeps,
786 1611 848 1653 non
871 1592 955 1653 videt
976 1607 1104 1687 puerum

181 1677 271 1736 istum
295 1677 439 1755 insanire,
463 1683 493 1737 et
504 1677 616 1738 tolerat
635 1697 714 1749 eum
738 1695 807 1738 oum
829 1675 955 1737 deberet
976 1694 1046 1735 eum
1073 1673 1105 1733 in

182 1776 335 1821 oareerem
367 1780 504 1840 ponere,
543 1759 643 1821 donee
671 1761 872 1840 resipisceret.
924 1757 989 1819 Nos
1023 1757 1104 1817 enim

181 1861 237 1923 pro
266 1842 349 1902 alma
376 1844 466 1919 Faeul
470 1850 532 1904 tate
563 1845 741 1903 miseremur
768 1843 832 1903 eius
862 1843 955 1903 aetati
978 1842 1106 1901 insanae

181 1931 212 1984 et
233 1928 369 1989 tenerae.

263 2009 397 2069 Tertium
421 2004 540 2086 signum
570 2016 631 2087 est,
659 2009 741 2088 quod
765 2007 874 2069 dieitur
896 2027 965 2068 esse
987 2007 1106 2066 minore

180 2110 313 2171 corpore
344 2098 374 2152 et
400 2095 531 2168 statura,
563 2112 652 2170 quam
684 2112 756 2152 suus
778 2093 926 2170 Magister
946 2090 1105 2152 Lutherus.

183 2174 349 2251 Quomodo
374 2180 478 2254 potest
498 2177 528 2235 in
557 2182 619 2235 tam
643 2195 740 2256 parvo
763 2193 893 2255 eorpore
915 2175 1017 2253 eliqua
1039 2191 1103 2233 ma·

181 2277 243 2338 gna
265 2259 394 2319 seientia
416 2278 493 2335 esse,
517 2259 615 2337 qualis
638 2259 736 2319 estin
761 2258 902 2320 Sorbona
923 2265 999 2336 tota,
1022 2273 1104 2336 quae

138 2378 141 2382 ·
182 2349 243 2401 tam
268 2361 379 2419 magua
402 2340 468 2400 est?

263 2423 429 2499 Quartum,
452 2424 533 2503 quod
565 2424 699 2483 omnium
725 2425 891 2485 maximum
917 2432 947 2484 et
970 2423 1101 2484 detesta-

181 2505 242 2567 bile
265 2512 321 2586 est,
345 2505 427 2586 quod
450 2526 512 2568 non
538 2513 585 2566 est
613 2506 741 2567 elerious
764 2505 817 2567 sed
835 2507 942 2585 laieus,
966 2525 1024 2566 neo
1046 2505 1104 2565 sal·
1145 2576 1148 2582 Ι

182 2596 243 2650 tem
266 2589 463 2663 Tonsurista,
486 2596 640 2650 ettamen
666 2574 774 2650 dieitur
796 2610 864 2650 esse
885 2554 1102 2650 Babealaurius

132 2723 135 2731 .
181 2672 318 2750 Bibliae,
353 2679 383 2733 et
410 2672 538 2752 legitS
560 2673 718 2735 Paulum
710 2692 740 2732 ur
762 2673 886 2753 publiea
907 2671 1015 2733 schola
1037 2672 1104 2730 siue

180 2719 328 2834 Almutid,
349 2762 379 2816 et
403 2755 582 2816 sacerdotes
605 2755 719 2815 debent
742 2755 847 2816 audire
878 2774 970 2816 unum
993 2753 1105 2813 laicum

182 2847 212 2897 et
234 2838 400 2935 disoipulus
434 2838 527 2899 donet
554 2857 626 2898 suos
650 2839 831 2919 Magistros,
863 2838 981 2899 iuvenis
1011 2835 1103 2895 doust

181 2922 382 2998 seniores,et
351 2920 535 2982 etGraeous
557 2923 726 2984 Romanos
752 2919 1051 3020 ,OVuittemberga
1072 2924 1105 2978 tu

181 3023 327 3084 perversa
358 3006 507 3084 pervertis
530 3005 648 3082 omnia,
678 3013 709 3065 et
731 3006 777 3066 vis
800 3026 891 3066 unam
906 3003 1105 3115 Babylonem

181 3106 221 3147 ex
246 3087 378 3148 eeclesia
397 3087 508 3154 faeere

266 3171 428 3251 Ultimum,
452 3156 533 3251 quod
556 3171 609 3230 vix
631 3171 757 3232 eredere
778 3171 948 3251 potuimus,
970 3171 1037 3248 ipse
1058 3171 1108 3228 est

182 3252 278 3312 laidus
316 3255 506 3333 coniugatus.
544 3251 608 3314 Et
611 3274 694 3331 enee,
722 3254 817 3314 laicus
840 3252 956 3313 habeus
979 3269 1106 3311 uxorem

182 3336 275 3396 doeet
297 3356 414 3397 eaerum
443 3336 628 3417 Soripturam
655 3338 735 3397 inter
756 3335 954 3414 sacerdotes,
977 3335 1105 3397 elericos

182 3425 213 3479 et
233 3420 424 3498 spirituales,
446 3427 554 3481 eontra
575 3420 753 3480 Decreteles
775 3421 895 3498 Papae,
924 3421 974 3498 qui
1004 3417 1106 3493 doeet,

183 3501 265 3580 quod
288 3522 380 3563 nemo
404 3505 503 3582 possit
518 3504 584 3563 Deo
608 3504 723 3563 servire
744 3503 774 3563 in
798 3498 1016 3580 matrimoniis,
1033 3499 1104 3561 ideo

181 3586 276 3646 etiam
297 3586 456 3666 prohibuit
477 3586 594 3646 elerieis
609 3606 733 3664 uxores,
756 3593 790 3647 ut
812 3586 878 3646 Deo
901 3587 1023 3665 possint
1045 3603 1104 3643 ser-

184 3669 257 3746 vire,
280 3676 311 3729 et
322 3668 444 3729 studere
465 3670 494 3728 in
520 3670 628 3744 aleal).
652 3669 678 3729 Ο
697 3668 780 3749 quod
793 3669 965 3748 Imperator
976 3666 1106 3729 Carolus

183 3773 392 3783 ..φ-..Ἦ

128 3846 152 3884 ,
204 3801 1107 3880 tllned.1eu.verba:inaleasignisparentbesisinoluduntur.
1156 3825 1159 3830 ·
