<?xml version="1.0" encoding="UTF-8"?>
<!DOCTYPE html PUBLIC "-//W3C//DTD XHTML 1.0 Transitional//EN"
    "http://www.w3.org/TR/xhtml1/DTD/xhtml1-transitional.dtd">
<html xmlns="http://www.w3.org/1999/xhtml" xml:lang="en" lang="en">
 <head>
  <title>
</title>
<meta http-equiv="Content-Type" content="text/html;charset=utf-8" />
  <meta name='ocr-system' content='tesseract 3.04.00' />
  <meta name='ocr-capabilities' content='ocr_page ocr_carea ocr_par ocr_line ocrx_word'/>
</head>
<body>
  <div class='ocr_page' id='page_1' title='image "./dmartinilutheri03luthgoog_0361.png"; bbox 0 0 2392 4170; ppageno 0'>
   <div class='ocr_carea' id='block_1_1' title="bbox 140 245 852 315">
    <p class='ocr_par' dir='ltr' id='par_1_1' title="bbox 140 245 852 315">
     <span class='ocr_line' id='line_1_1' title="bbox 140 245 852 315; baseline -0.017 0"><span class='ocrx_word' id='word_1_1' title='bbox 140 246 204 315; x_wconf 58' lang='lat'><strong>&amp;30</strong></span> <span class='ocrx_word' id='word_1_2' title='bbox 370 245 852 315; x_wconf 58' lang='lat' dir='ltr'><strong>&amp;wisamarum</strong></span> 
     </span>
    </p>
   </div>
   <div class='ocr_carea' id='block_1_2' title="bbox 118 401 1065 713">
    <p class='ocr_par' dir='ltr' id='par_1_2' title="bbox 118 401 1065 648">
     <span class='ocr_line' id='line_1_2' title="bbox 118 401 1064 480; baseline -0.001 -18"><span class='ocrx_word' id='word_1_3' title='bbox 118 410 232 471; x_wconf 63' lang='lat' dir='ltr'><strong>*nemo</strong></span> <span class='ocrx_word' id='word_1_4' title='bbox 262 420 322 463; x_wconf 92' lang='lat' dir='ltr'><strong>non</strong></span> <span class='ocrx_word' id='word_1_5' title='bbox 351 401 502 467; x_wconf 74' lang='lat' dir='ltr'><strong>tribuebat</strong></span> <span class='ocrx_word' id='word_1_6' title='bbox 524 402 592 466; x_wconf 82' lang='lat' dir='ltr'><strong>Deo</strong></span> <span class='ocrx_word' id='word_1_7' title='bbox 619 421 675 480; x_wconf 85' lang='lat' dir='ltr'><strong>pro</strong></span> <span class='ocrx_word' id='word_1_8' title='bbox 703 403 835 469; x_wconf 77' lang='lat' dir='ltr'><strong>ecelesia</strong></span> <span class='ocrx_word' id='word_1_9' title='bbox 862 408 1064 471; x_wconf 62' lang='lat' dir='ltr'><strong>summonte</strong></span> 
     </span>
     <span class='ocr_line' id='line_1_3' title="bbox 141 485 1065 564; baseline 0 -18"><span class='ocrx_word' id='word_1_10' title='bbox 141 486 283 546; x_wconf 77' lang='lat' dir='ltr'><strong>Romana</strong></span> <span class='ocrx_word' id='word_1_11' title='bbox 303 486 467 564; x_wconf 67' lang='lat' dir='ltr'><strong>pugnanti,</strong></span> <span class='ocrx_word' id='word_1_12' title='bbox 502 488 589 563; x_wconf 83' lang='lat' dir='ltr'><strong>qussi</strong></span> <span class='ocrx_word' id='word_1_13' title='bbox 613 485 695 550; x_wconf 86' lang='lat' dir='ltr'><strong>Deus</strong></span> <span class='ocrx_word' id='word_1_14' title='bbox 724 505 785 547; x_wconf 93' lang='lat' dir='ltr'><strong>uon</strong></span> <span class='ocrx_word' id='word_1_15' title='bbox 814 486 922 551; x_wconf 74' lang='lat' dir='ltr'><strong>ulons</strong></span> <span class='ocrx_word' id='word_1_16' title='bbox 948 505 1065 551; x_wconf 72' lang='lat' dir='ltr'><strong>osunen</strong></span> 
     </span>
     <span class='ocr_line' id='line_1_4' title="bbox 141 566 1065 648; baseline 0.006 -20"><span class='ocrx_word' id='word_1_17' title='bbox 141 569 333 639; x_wconf 73' lang='lat' dir='ltr'><strong>abominetur</strong></span> <span class='ocrx_word' id='word_1_18' title='bbox 352 566 510 629; x_wconf 80' lang='lat' dir='ltr'><strong>doctrinas</strong></span> <span class='ocrx_word' id='word_1_19' title='bbox 531 567 600 627; x_wconf 79' lang='lat' dir='ltr'><strong>illos</strong></span> <span class='ocrx_word' id='word_1_20' title='bbox 621 567 789 648; x_wconf 86' lang='lat' dir='ltr'><strong>hominum,</strong></span> <span class='ocrx_word' id='word_1_21' title='bbox 812 578 842 628; x_wconf 83' lang='lat' dir='ltr'><strong>el</strong></span> <span class='ocrx_word' id='word_1_22' title='bbox 856 571 1065 648; x_wconf 58' lang='lat' dir='ltr'><strong>arrogantia·</strong></span> 
     </span>
    </p>

    <p class='ocr_par' dir='ltr' id='par_1_3' title="bbox 139 649 1045 713">
     <span class='ocr_line' id='line_1_5' title="bbox 139 649 1045 713; baseline -0.008 0"><span class='ocrx_word' id='word_1_23' title='bbox 139 653 284 713; x_wconf 73' lang='lat' dir='ltr'><strong>buterum</strong></span> <span class='ocrx_word' id='word_1_24' title='bbox 307 649 454 710; x_wconf 76' lang='lat' dir='ltr'><strong>istarum?</strong></span> <span class='ocrx_word' id='word_1_25' title='bbox 1042 662 1045 667; x_wconf 83' lang='lat'>&#39;</span> 
     </span>
    </p>
   </div>
   <div class='ocr_carea' id='block_1_3' title="bbox 117 733 1066 3562">
    <p class='ocr_par' dir='ltr' id='par_1_4' title="bbox 138 733 1066 1562">
     <span class='ocr_line' id='line_1_6' title="bbox 223 733 1066 814; baseline 0.002 -19"><span class='ocrx_word' id='word_1_26' title='bbox 223 733 364 813; x_wconf 81' lang='lat' dir='ltr'><strong>Denique</strong></span> <span class='ocrx_word' id='word_1_27' title='bbox 391 733 504 793; x_wconf 83' lang='lat' dir='ltr'><strong>fuctum</strong></span> <span class='ocrx_word' id='word_1_28' title='bbox 525 742 589 810; x_wconf 83' lang='lat' dir='ltr'><strong>eet,</strong></span> <span class='ocrx_word' id='word_1_29' title='bbox 621 742 653 795; x_wconf 89' lang='lat' dir='ltr'><strong>ut</strong></span> <span class='ocrx_word' id='word_1_30' title='bbox 672 754 762 813; x_wconf 82' lang='lat' dir='ltr'><strong>reges</strong></span> <span class='ocrx_word' id='word_1_31' title='bbox 789 745 822 797; x_wconf 79' lang='lat' dir='ltr'><strong>et</strong></span> <span class='ocrx_word' id='word_1_32' title='bbox 849 736 1003 814; x_wconf 77' lang='lat' dir='ltr'><strong>principes</strong></span> <span class='ocrx_word' id='word_1_33' title='bbox 1033 744 1066 797; x_wconf 73' lang='lat' dir='ltr'><strong>ct</strong></span> 
     </span>
     <span class='ocr_line' id='line_1_7' title="bbox 140 815 1065 898; baseline 0.003 -19"><span class='ocrx_word' id='word_1_34' title='bbox 140 819 279 898; x_wconf 79' lang='lat' dir='ltr'><strong>episcopi</strong></span> <span class='ocrx_word' id='word_1_35' title='bbox 300 819 495 879; x_wconf 77' lang='lat' dir='ltr'><strong>anathemate</strong></span> <span class='ocrx_word' id='word_1_36' title='bbox 508 815 640 879; x_wconf 83' lang='lat' dir='ltr'><strong>terrifico</strong></span> <span class='ocrx_word' id='word_1_37' title='bbox 653 820 800 896; x_wconf 81' lang='lat' dir='ltr'><strong>percussi,</strong></span> <span class='ocrx_word' id='word_1_38' title='bbox 824 829 876 881; x_wconf 83' lang='lat' dir='ltr'><strong>sut</strong></span> <span class='ocrx_word' id='word_1_39' title='bbox 897 819 1065 898; x_wconf 67' lang='lat' dir='ltr'><strong>quisnoro</strong></span> 
     </span>
     <span class='ocr_line' id='line_1_8' title="bbox 140 899 1066 983; baseline 0.006 -21"><span class='ocrx_word' id='word_1_40' title='bbox 140 909 266 962; x_wconf 80' lang='lat' dir='ltr'><strong>sonctue</strong></span> <span class='ocrx_word' id='word_1_41' title='bbox 288 899 377 961; x_wconf 83' lang='lat' dir='ltr'><strong>Rom.</strong></span> <span class='ocrx_word' id='word_1_42' title='bbox 399 900 551 961; x_wconf 76' lang='lat' dir='ltr'><strong>ecclesiae</strong></span> <span class='ocrx_word' id='word_1_43' title='bbox 573 902 653 969; x_wconf 79' lang='lat' dir='ltr'><strong>iuro,</strong></span> <span class='ocrx_word' id='word_1_44' title='bbox 678 900 849 973; x_wconf 76' lang='lat' dir='ltr'>libertates,</span> <span class='ocrx_word' id='word_1_45' title='bbox 879 902 1066 983; x_wconf 64' lang='lat' dir='ltr'><strong>putrimoultl</strong></span> 
     </span>
     <span class='ocr_line' id='line_1_9' title="bbox 140 982 1066 1063; baseline 0.003 -19"><span class='ocrx_word' id='word_1_46' title='bbox 140 985 188 1044; x_wconf 81' lang='lat' dir='ltr'><strong>vel</strong></span> <span class='ocrx_word' id='word_1_47' title='bbox 210 982 362 1063; x_wconf 75' lang='lat' dir='ltr'><strong>syllabam</strong></span> <span class='ocrx_word' id='word_1_48' title='bbox 379 982 486 1048; x_wconf 83' lang='lat' dir='ltr'><strong>hidoth</strong></span> <span class='ocrx_word' id='word_1_49' title='bbox 509 1003 631 1048; x_wconf 83' lang='lat' dir='ltr'><strong>suorum</strong></span> <span class='ocrx_word' id='word_1_50' title='bbox 655 983 827 1063; x_wconf 80' lang='lat' dir='ltr'><strong>laesissent,</strong></span> <span class='ocrx_word' id='word_1_51' title='bbox 849 1003 962 1048; x_wconf 77' lang='lat' dir='ltr'><strong>ocnon</strong></span> <span class='ocrx_word' id='word_1_52' title='bbox 985 985 1066 1047; x_wconf 62' lang='lat' dir='ltr'><strong>ultr!</strong></span> 
     </span>
     <span class='ocr_line' id='line_1_10' title="bbox 140 1056 1065 1146; baseline -0.001 -18"><span class='ocrx_word' id='word_1_53' title='bbox 140 1056 197 1128; x_wconf 83' lang='lat' dir='ltr'><strong>Dei</strong></span> <span class='ocrx_word' id='word_1_54' title='bbox 218 1075 385 1146; x_wconf 79' lang='lat' dir='ltr'><strong>praecepto</strong></span> <span class='ocrx_word' id='word_1_55' title='bbox 406 1065 583 1140; x_wconf 75' lang='lat' dir='ltr'><strong>coluissent,</strong></span> <span class='ocrx_word' id='word_1_56' title='bbox 607 1067 688 1131; x_wconf 86' lang='lat' dir='ltr'><strong>ursle</strong></span> <span class='ocrx_word' id='word_1_57' title='bbox 711 1069 854 1145; x_wconf 84' lang='lat' dir='ltr'><strong>perirent,</strong></span> <span class='ocrx_word' id='word_1_58' title='bbox 877 1078 910 1133; x_wconf 85' lang='lat' dir='ltr'><strong>ut</strong></span> <span class='ocrx_word' id='word_1_59' title='bbox 925 1069 986 1133; x_wconf 68' lang='lat' dir='ltr'><strong>ium</strong></span> <span class='ocrx_word' id='word_1_60' title='bbox 1009 1086 1065 1146; x_wconf 74' lang='lat' dir='ltr'><strong>po·</strong></span> 
     </span>
     <span class='ocr_line' id='line_1_11' title="bbox 140 1149 1064 1229; baseline -0.004 -18"><span class='ocrx_word' id='word_1_61' title='bbox 140 1150 220 1212; x_wconf 80' lang='lat' dir='ltr'><strong>blico</strong></span> <span class='ocrx_word' id='word_1_62' title='bbox 241 1149 370 1210; x_wconf 82' lang='lat' dir='ltr'><strong>formido</strong></span> <span class='ocrx_word' id='word_1_63' title='bbox 393 1149 499 1210; x_wconf 88' lang='lat' dir='ltr'><strong>orbem</strong></span> <span class='ocrx_word' id='word_1_64' title='bbox 522 1158 663 1228; x_wconf 83' lang='lat' dir='ltr'><strong>occupet,</strong></span> <span class='ocrx_word' id='word_1_65' title='bbox 685 1169 724 1209; x_wconf 85' lang='lat' dir='ltr'><strong>ne</strong></span> <span class='ocrx_word' id='word_1_66' title='bbox 744 1152 813 1229; x_wconf 82' lang='lat' dir='ltr'><strong>quis</strong></span> <span class='ocrx_word' id='word_1_67' title='bbox 835 1150 984 1217; x_wconf 64' lang='lat' dir='ltr'><strong>suadente</strong></span> <span class='ocrx_word' id='word_1_68' title='bbox 998 1149 1064 1217; x_wconf 70' lang='lat' dir='ltr'><strong>din.-</strong></span> 
     </span>
     <span class='ocr_line' id='line_1_12' title="bbox 141 1234 1066 1312; baseline -0.003 -18"><span class='ocrx_word' id='word_1_69' title='bbox 141 1234 212 1294; x_wconf 87' lang='lat' dir='ltr'><strong>bolo</strong></span> <span class='ocrx_word' id='word_1_70' title='bbox 232 1241 343 1293; x_wconf 82' lang='lat' dir='ltr'><strong>noceat</strong></span> <span class='ocrx_word' id='word_1_71' title='bbox 373 1250 494 1292; x_wconf 92' lang='lat' dir='ltr'><strong>summo</strong></span> <span class='ocrx_word' id='word_1_72' title='bbox 516 1234 652 1312; x_wconf 86' lang='lat' dir='ltr'><strong>pontilioi</strong></span> <span class='ocrx_word' id='word_1_73' title='bbox 676 1243 729 1293; x_wconf 86' lang='lat' dir='ltr'><strong>snt</strong></span> <span class='ocrx_word' id='word_1_74' title='bbox 757 1235 823 1294; x_wconf 89' lang='lat' dir='ltr'><strong>eins</strong></span> <span class='ocrx_word' id='word_1_75' title='bbox 844 1234 993 1294; x_wconf 82' lang='lat' dir='ltr'><strong>voluntati</strong></span> <span class='ocrx_word' id='word_1_76' title='bbox 1015 1252 1066 1300; x_wconf 74' lang='lat' dir='ltr'><strong>ro·</strong></span> 
     </span>
     <span class='ocr_line' id='line_1_13' title="bbox 138 1314 1064 1385; baseline 0.003 -8"><span class='ocrx_word' id='word_1_77' title='bbox 138 1319 235 1378; x_wconf 77' lang='lat' dir='ltr'><strong>sistat</strong></span> <span class='ocrx_word' id='word_1_78' title='bbox 257 1316 424 1376; x_wconf 88' lang='lat' dir='ltr'><strong>Hiuoeoim</strong></span> <span class='ocrx_word' id='word_1_79' title='bbox 440 1325 543 1377; x_wconf 85' lang='lat' dir='ltr'><strong>ustum</strong></span> <span class='ocrx_word' id='word_1_80' title='bbox 554 1314 792 1383; x_wconf 76' lang='lat' dir='ltr'><strong>esttsrrifiuum¹</strong></span> <span class='ocrx_word' id='word_1_81' title='bbox 807 1331 815 1385; x_wconf 76' lang='lat' dir='ltr'><strong>t</strong></span> <span class='ocrx_word' id='word_1_82' title='bbox 838 1316 911 1379; x_wconf 87' lang='lat' dir='ltr'><strong>illud</strong></span> <span class='ocrx_word' id='word_1_83' title='bbox 925 1317 1064 1379; x_wconf 85' lang='lat' dir='ltr'><strong>omniurn</strong></span> 
     </span>
     <span class='ocr_line' id='line_1_14' title="bbox 140 1396 1064 1478; baseline -0.001 -18"><span class='ocrx_word' id='word_1_84' title='bbox 140 1401 294 1460; x_wconf 82' lang='lat' dir='ltr'><strong>Bullsrum</strong></span> <span class='ocrx_word' id='word_1_85' title='bbox 316 1399 447 1471; x_wconf 85' lang='lat' dir='ltr'><strong>fulmen,</strong></span> <span class='ocrx_word' id='word_1_86' title='bbox 476 1399 559 1477; x_wconf 85' lang='lat' dir='ltr'><strong>qnod</strong></span> <span class='ocrx_word' id='word_1_87' title='bbox 586 1399 617 1466; x_wconf 85' lang='lat' dir='ltr'><strong>in</strong></span> <span class='ocrx_word' id='word_1_88' title='bbox 647 1396 708 1465; x_wconf 83' lang='lat' dir='ltr'><strong>line</strong></span> <span class='ocrx_word' id='word_1_89' title='bbox 736 1400 896 1465; x_wconf 65' lang='lat' dir='ltr'><strong>adnuunt:</strong></span> <span class='ocrx_word' id='word_1_90' title='bbox 933 1399 967 1466; x_wconf 79' lang='lat' dir='ltr'><strong>si</strong></span> <span class='ocrx_word' id='word_1_91' title='bbox 994 1401 1064 1478; x_wconf 89' lang='lat' dir='ltr'><strong>quis</strong></span> 
     </span>
     <span class='ocr_line' id='line_1_15' title="bbox 138 1482 1065 1562; baseline 0 -20"><span class='ocrx_word' id='word_1_92' title='bbox 138 1503 214 1543; x_wconf 80' lang='lat' dir='ltr'><strong>ausu</strong></span> <span class='ocrx_word' id='word_1_93' title='bbox 237 1483 399 1547; x_wconf 77' lang='lat' dir='ltr'><strong>temerario</strong></span> <span class='ocrx_word' id='word_1_94' title='bbox 422 1483 575 1544; x_wconf 79' lang='lat' dir='ltr'><strong>contraire</strong></span> <span class='ocrx_word' id='word_1_95' title='bbox 596 1485 850 1562; x_wconf 62' lang='lat' dir='ltr'><strong>praesumpserit,</strong></span> <span class='ocrx_word' id='word_1_96' title='bbox 881 1482 1065 1562; x_wconf 64' lang='lat' dir='ltr'><strong>indignatio·</strong></span> 
     </span>
    </p>

    <p class='ocr_par' dir='ltr' id='par_1_5' title="bbox 117 1565 1065 1645">
     <span class='ocr_line' id='line_1_16' title="bbox 117 1565 1065 1645; baseline -0.002 -19"><span class='ocrx_word' id='word_1_97' title='bbox 117 1586 207 1635; x_wconf 71' lang='lat' dir='ltr'><strong>nem</strong></span> <span class='ocrx_word' id='word_1_98' title='bbox 231 1565 287 1625; x_wconf 88' lang='lat' dir='ltr'><strong>Dei</strong></span> <span class='ocrx_word' id='word_1_99' title='bbox 309 1565 529 1643; x_wconf 77' lang='lat' dir='ltr'><strong>omnipotentis</strong></span> <span class='ocrx_word' id='word_1_100' title='bbox 551 1573 582 1624; x_wconf 83' lang='lat' dir='ltr'><strong>et</strong></span> <span class='ocrx_word' id='word_1_101' title='bbox 598 1565 757 1633; x_wconf 80' lang='lat' dir='ltr'><strong>beatorum</strong></span> <span class='ocrx_word' id='word_1_102' title='bbox 769 1566 980 1645; x_wconf 68' lang='lat' dir='ltr'><strong>apostolorum</strong></span> <span class='ocrx_word' id='word_1_103' title='bbox 997 1567 1065 1631; x_wconf 77' lang='lat' dir='ltr'><strong>eine</strong></span> 
     </span>
    </p>

    <p class='ocr_par' dir='ltr' id='par_1_6' title="bbox 132 1647 1064 2461">
     <span class='ocr_line' id='line_1_17' title="bbox 139 1647 1064 1727; baseline 0.002 -18"><span class='ocrx_word' id='word_1_104' title='bbox 139 1650 218 1711; x_wconf 86' lang='lat' dir='ltr'><strong>Petri</strong></span> <span class='ocrx_word' id='word_1_105' title='bbox 241 1657 272 1708; x_wconf 87' lang='lat' dir='ltr'><strong>el</strong></span> <span class='ocrx_word' id='word_1_106' title='bbox 284 1647 371 1709; x_wconf 76' lang='lat' dir='ltr'><strong>Pauli</strong></span> <span class='ocrx_word' id='word_1_107' title='bbox 392 1665 461 1711; x_wconf 80' lang='lat' dir='ltr'><strong>sese</strong></span> <span class='ocrx_word' id='word_1_108' title='bbox 471 1649 593 1709; x_wconf 86' lang='lat' dir='ltr'><strong>noverit</strong></span> <span class='ocrx_word' id='word_1_109' title='bbox 614 1650 813 1717; x_wconf 77' lang='lat' dir='ltr'><strong>incursurum.</strong></span> <span class='ocrx_word' id='word_1_110' title='bbox 855 1647 963 1727; x_wconf 83' lang='lat' dir='ltr'><strong>Neque</strong></span> <span class='ocrx_word' id='word_1_111' title='bbox 977 1649 1064 1717; x_wconf 74' lang='lat' dir='ltr'><strong>,enisu</strong></span> 
     </span>
     <span class='ocr_line' id='line_1_18' title="bbox 138 1730 1064 1810; baseline -0.004 -16"><span class='ocrx_word' id='word_1_112' title='bbox 138 1732 276 1794; x_wconf 79' lang='lat' dir='ltr'><strong>Christus</strong></span> <span class='ocrx_word' id='word_1_113' title='bbox 305 1733 448 1791; x_wconf 82' lang='lat' dir='ltr'><strong>universo</strong></span> <span class='ocrx_word' id='word_1_114' title='bbox 472 1730 645 1808; x_wconf 77' lang='lat' dir='ltr'><strong>Evangelio</strong></span> <span class='ocrx_word' id='word_1_115' title='bbox 674 1750 730 1801; x_wconf 85' lang='lat' dir='ltr'><strong>suo</strong></span> <span class='ocrx_word' id='word_1_116' title='bbox 760 1739 876 1800; x_wconf 79' lang='lat' dir='ltr'><strong>tanturn</strong></span> <span class='ocrx_word' id='word_1_117' title='bbox 904 1735 1064 1810; x_wconf 64' lang='lat' dir='ltr'><strong>signorum</strong></span> 
     </span>
     <span class='ocr_line' id='line_1_19' title="bbox 138 1816 1064 1896; baseline -0.002 -19"><span class='ocrx_word' id='word_1_118' title='bbox 138 1825 281 1896; x_wconf 84' lang='lat' dir='ltr'><strong>operatus</strong></span> <span class='ocrx_word' id='word_1_119' title='bbox 310 1825 374 1892; x_wconf 85' lang='lat' dir='ltr'><strong>est,</strong></span> <span class='ocrx_word' id='word_1_120' title='bbox 407 1822 523 1875; x_wconf 79' lang='lat' dir='ltr'><strong>tontum</strong></span> <span class='ocrx_word' id='word_1_121' title='bbox 559 1817 681 1877; x_wconf 88' lang='lat' dir='ltr'><strong>terroris</strong></span> <span class='ocrx_word' id='word_1_122' title='bbox 711 1816 777 1875; x_wconf 90' lang='lat' dir='ltr'><strong>orbi</strong></span> <span class='ocrx_word' id='word_1_123' title='bbox 799 1816 942 1893; x_wconf 79' lang='lat' dir='ltr'><strong>incussit,</strong></span> <span class='ocrx_word' id='word_1_124' title='bbox 975 1821 1064 1881; x_wconf 76' lang='lat' dir='ltr'><strong>tuoto</strong></span> 
     </span>
     <span class='ocr_line' id='line_1_20' title="bbox 137 1897 1063 1975; baseline 0 -16"><span class='ocrx_word' id='word_1_125' title='bbox 137 1899 253 1974; x_wconf 78' lang='lat' dir='ltr'><strong>effecit,</strong></span> <span class='ocrx_word' id='word_1_126' title='bbox 296 1906 442 1975; x_wconf 78' lang='lat' dir='ltr'><strong>qnantum</strong></span> <span class='ocrx_word' id='word_1_127' title='bbox 474 1905 503 1955; x_wconf 85' lang='lat' dir='ltr'><strong>et</strong></span> <span class='ocrx_word' id='word_1_128' title='bbox 536 1908 652 1975; x_wconf 77' lang='lat' dir='ltr'><strong>quanta</strong></span> <span class='ocrx_word' id='word_1_129' title='bbox 689 1898 784 1957; x_wconf 90' lang='lat' dir='ltr'><strong>solius</strong></span> <span class='ocrx_word' id='word_1_130' title='bbox 817 1898 921 1969; x_wconf 55' lang='lat' dir='ltr'><strong>huius,</strong></span> <span class='ocrx_word' id='word_1_131' title='bbox 942 1897 1063 1966; x_wconf 62' lang='lat' dir='ltr'><strong>caudae</strong></span> 
     </span>
     <span class='ocr_line' id='line_1_21' title="bbox 139 1978 1064 2060; baseline 0 -19"><span class='ocrx_word' id='word_1_132' title='bbox 139 1982 290 2042; x_wconf 85' lang='lat' dir='ltr'><strong>Bullorum</strong></span> <span class='ocrx_word' id='word_1_133' title='bbox 314 1978 551 2040; x_wconf 82' lang='lat' dir='ltr'><strong>mendacissimo</strong></span> <span class='ocrx_word' id='word_1_134' title='bbox 574 1981 819 2047; x_wconf 78' lang='lat' dir='ltr'><strong>terriculamento</strong></span> <span class='ocrx_word' id='word_1_135' title='bbox 847 1999 929 2060; x_wconf 77' lang='lat' dir='ltr'><strong>pspn</strong></span> <span class='ocrx_word' id='word_1_136' title='bbox 950 1979 1064 2049; x_wconf 64' lang='lat' dir='ltr'><strong>effecit.</strong></span> 
     </span>
     <span class='ocr_line' id='line_1_22' title="bbox 138 2062 1062 2142; baseline -0.001 -18"><span class='ocrx_word' id='word_1_137' title='bbox 138 2063 217 2140; x_wconf 81' lang='lat' dir='ltr'><strong>Quid</strong></span> <span class='ocrx_word' id='word_1_138' title='bbox 240 2066 319 2122; x_wconf 88' lang='lat' dir='ltr'><strong>enim</strong></span> <span class='ocrx_word' id='word_1_139' title='bbox 343 2064 439 2120; x_wconf 88' lang='lat' dir='ltr'><strong>estin</strong></span> <span class='ocrx_word' id='word_1_140' title='bbox 468 2070 535 2122; x_wconf 87' lang='lat' dir='ltr'><strong>toto</strong></span> <span class='ocrx_word' id='word_1_141' title='bbox 558 2064 648 2138; x_wconf 86' lang='lat' dir='ltr'><strong>orbe,</strong></span> <span class='ocrx_word' id='word_1_142' title='bbox 679 2062 759 2142; x_wconf 92' lang='lat' dir='ltr'><strong>quod</strong></span> <span class='ocrx_word' id='word_1_143' title='bbox 789 2063 846 2122; x_wconf 83' lang='lat' dir='ltr'><strong>huo</strong></span> <span class='ocrx_word' id='word_1_144' title='bbox 877 2062 977 2129; x_wconf 76' lang='lat' dir='ltr'><strong>nands</strong></span> <span class='ocrx_word' id='word_1_145' title='bbox 997 2081 1062 2131; x_wconf 67' lang='lat' dir='ltr'><strong>non</strong></span> 
     </span>
     <span class='ocr_line' id='line_1_23' title="bbox 134 2145 1059 2226; baseline -0.001 -19"><span class='ocrx_word' id='word_1_146' title='bbox 134 2147 264 2225; x_wconf 79' lang='lat' dir='ltr'><strong>frangat,</strong></span> <span class='ocrx_word' id='word_1_147' title='bbox 289 2153 393 2223; x_wconf 81' lang='lat' dir='ltr'><strong>mutet,</strong></span> <span class='ocrx_word' id='word_1_148' title='bbox 416 2145 523 2222; x_wconf 82' lang='lat' dir='ltr'><strong>locist,</strong></span> <span class='ocrx_word' id='word_1_149' title='bbox 546 2146 684 2207; x_wconf 78' lang='lat' dir='ltr'><strong>obtineat</strong></span> <span class='ocrx_word' id='word_1_150' title='bbox 704 2166 803 2226; x_wconf 81' lang='lat' dir='ltr'><strong>papa,</strong></span> <span class='ocrx_word' id='word_1_151' title='bbox 833 2147 957 2224; x_wconf 76' lang='lat' dir='ltr'><strong>quando</strong></span> <span class='ocrx_word' id='word_1_152' title='bbox 980 2166 1059 2207; x_wconf 88' lang='lat' dir='ltr'><strong>sum·</strong></span> 
     </span>
     <span class='ocr_line' id='line_1_24' title="bbox 134 2228 1062 2308; baseline 0.001 -17"><span class='ocrx_word' id='word_1_153' title='bbox 134 2249 201 2291; x_wconf 91' lang='lat' dir='ltr'><strong>mos</strong></span> <span class='ocrx_word' id='word_1_154' title='bbox 226 2247 313 2308; x_wconf 82' lang='lat' dir='ltr'><strong>reges</strong></span> <span class='ocrx_word' id='word_1_155' title='bbox 335 2237 367 2287; x_wconf 85' lang='lat' dir='ltr'><strong>et</strong></span> <span class='ocrx_word' id='word_1_156' title='bbox 387 2230 541 2308; x_wconf 76' lang='lat' dir='ltr'><strong>principes</strong></span> <span class='ocrx_word' id='word_1_157' title='bbox 564 2230 621 2289; x_wconf 80' lang='lat' dir='ltr'><strong>hoe</strong></span> <span class='ocrx_word' id='word_1_158' title='bbox 638 2230 777 2297; x_wconf 77' lang='lat' dir='ltr'><strong>eliicooie</strong></span> <span class='ocrx_word' id='word_1_159' title='bbox 791 2228 948 2308; x_wconf 73' lang='lat' dir='ltr'><strong>deponor?</strong></span> <span class='ocrx_word' id='word_1_160' title='bbox 970 2229 1062 2293; x_wconf 77' lang='lat' dir='ltr'><strong>Forte</strong></span> 
     </span>
     <span class='ocr_line' id='line_1_25' title="bbox 132 2311 1060 2391; baseline -0.002 -18"><span class='ocrx_word' id='word_1_161' title='bbox 132 2312 163 2373; x_wconf 92' lang='lat' dir='ltr'><strong>hi</strong></span> <span class='ocrx_word' id='word_1_162' title='bbox 186 2321 256 2372; x_wconf 90' lang='lat' dir='ltr'><strong>snut</strong></span> <span class='ocrx_word' id='word_1_163' title='bbox 278 2312 376 2372; x_wconf 82' lang='lat' dir='ltr'><strong>oculei</strong></span> <span class='ocrx_word' id='word_1_164' title='bbox 398 2311 441 2370; x_wconf 90' lang='lat' dir='ltr'><strong>illi</strong></span> <span class='ocrx_word' id='word_1_165' title='bbox 472 2313 674 2383; x_wconf 69' lang='lat' dir='ltr'><strong>locustarum,</strong></span> <span class='ocrx_word' id='word_1_166' title='bbox 709 2313 748 2372; x_wconf 88' lang='lat' dir='ltr'><strong>de</strong></span> <span class='ocrx_word' id='word_1_167' title='bbox 775 2314 885 2391; x_wconf 85' lang='lat' dir='ltr'><strong>quibus</strong></span> <span class='ocrx_word' id='word_1_168' title='bbox 909 2314 1007 2391; x_wconf 78' lang='lat' dir='ltr'><strong>Apoo.</strong></span> <span class='ocrx_word' id='word_1_169' title='bbox 1032 2316 1060 2379; x_wconf 83' lang='lat'><strong>9.</strong></span> 
     </span>
     <span class='ocr_line' id='line_1_26' title="bbox 132 2399 317 2461; baseline -0.043 1"><span class='ocrx_word' id='word_1_170' title='bbox 132 2399 281 2461; x_wconf 76' lang='lat' dir='ltr'><strong>scribitur.</strong></span> <span class='ocrx_word' id='word_1_171' title='bbox 314 2451 317 2454; x_wconf 15' lang='grc' dir='ltr'><em>Α</em></span> 
     </span>
    </p>

    <p class='ocr_par' dir='ltr' id='par_1_7' title="bbox 132 2478 1061 3562">
     <span class='ocr_line' id='line_1_27' title="bbox 217 2478 1056 2557; baseline -0.002 -16"><span class='ocrx_word' id='word_1_172' title='bbox 217 2482 328 2542; x_wconf 83' lang='lat' dir='ltr'><strong>Nonne</strong></span> <span class='ocrx_word' id='word_1_173' title='bbox 355 2479 415 2539; x_wconf 82' lang='lat' dir='ltr'><strong>hoo</strong></span> <span class='ocrx_word' id='word_1_174' title='bbox 442 2478 550 2538; x_wconf 90' lang='lat' dir='ltr'><strong>hidoth</strong></span> <span class='ocrx_word' id='word_1_175' title='bbox 577 2498 699 2546; x_wconf 84' lang='lat' dir='ltr'><strong>snorum</strong></span> <span class='ocrx_word' id='word_1_176' title='bbox 729 2478 870 2541; x_wconf 80' lang='lat' dir='ltr'><strong>efficacia</strong></span> <span class='ocrx_word' id='word_1_177' title='bbox 896 2481 1056 2557; x_wconf 86' lang='lat' dir='ltr'><strong>imperium</strong></span> 
     </span>
     <span class='ocr_line' id='line_1_28' title="bbox 135 2561 1061 2628; baseline -0.004 0"><span class='ocrx_word' id='word_1_178' title='bbox 135 2586 247 2628; x_wconf 86' lang='lat' dir='ltr'><strong>novum</strong></span> <span class='ocrx_word' id='word_1_179' title='bbox 270 2564 443 2625; x_wconf 84' lang='lat' dir='ltr'><strong>Romanum</strong></span> <span class='ocrx_word' id='word_1_180' title='bbox 467 2563 564 2625; x_wconf 78' lang='lat' dir='ltr'><strong>erexit</strong></span> <span class='ocrx_word' id='word_1_181' title='bbox 587 2562 770 2623; x_wconf 78' lang='lat' dir='ltr'><strong>transferens</strong></span> <span class='ocrx_word' id='word_1_182' title='bbox 792 2561 866 2620; x_wconf 93' lang='lat' dir='ltr'><strong>illud</strong></span> <span class='ocrx_word' id='word_1_183' title='bbox 890 2583 909 2623; x_wconf 84' lang='lat' dir='ltr'><strong>s</strong></span> <span class='ocrx_word' id='word_1_184' title='bbox 931 2561 1061 2625; x_wconf 69' lang='lat' dir='ltr'><strong>Graecis</strong></span> 
     </span>
     <span class='ocr_line' id='line_1_29' title="bbox 136 2644 1061 2727; baseline -0.003 -17"><span class='ocrx_word' id='word_1_185' title='bbox 136 2657 187 2725; x_wconf 81' lang='lat' dir='ltr'><strong>(ut</strong></span> <span class='ocrx_word' id='word_1_186' title='bbox 208 2645 298 2727; x_wconf 82' lang='lat' dir='ltr'><strong>dicit)</strong></span> <span class='ocrx_word' id='word_1_187' title='bbox 328 2646 366 2705; x_wconf 82' lang='lat' dir='ltr'><strong>sd</strong></span> <span class='ocrx_word' id='word_1_188' title='bbox 390 2644 578 2722; x_wconf 80' lang='lat' dir='ltr'><strong>Germanos,</strong></span> <span class='ocrx_word' id='word_1_189' title='bbox 615 2646 695 2723; x_wconf 85' lang='lat' dir='ltr'><strong>qnod</strong></span> <span class='ocrx_word' id='word_1_190' title='bbox 730 2648 808 2704; x_wconf 81' lang='lat' dir='ltr'><strong>inter</strong></span> <span class='ocrx_word' id='word_1_191' title='bbox 834 2653 936 2709; x_wconf 80' lang='lat' dir='ltr'><strong>cetero</strong></span> <span class='ocrx_word' id='word_1_192' title='bbox 964 2664 1061 2724; x_wconf 73' lang='lat' dir='ltr'><strong>opera</strong></span> 
     </span>
     <span class='ocr_line' id='line_1_30' title="bbox 133 2728 1061 2807; baseline -0.006 -12"><span class='ocrx_word' id='word_1_193' title='bbox 133 2734 300 2795; x_wconf 78' lang='lat' dir='ltr'><strong>antichristi</strong></span> <span class='ocrx_word' id='word_1_194' title='bbox 330 2729 377 2789; x_wconf 82' lang='lat' dir='ltr'><strong>vel</strong></span> <span class='ocrx_word' id='word_1_195' title='bbox 417 2728 586 2807; x_wconf 78' lang='lat' dir='ltr'><strong>principale</strong></span> <span class='ocrx_word' id='word_1_196' title='bbox 618 2736 649 2789; x_wconf 84' lang='lat' dir='ltr'><strong>et</strong></span> <span class='ocrx_word' id='word_1_197' title='bbox 681 2731 848 2797; x_wconf 70' lang='lat' dir='ltr'><strong>monimum</strong></span> <span class='ocrx_word' id='word_1_198' title='bbox 884 2737 1061 2806; x_wconf 84' lang='lat' dir='ltr'><strong>portentum</strong></span> 
     </span>
     <span class='ocr_line' id='line_1_31' title="bbox 133 2810 1060 2891; baseline -0.003 -15"><span class='ocrx_word' id='word_1_199' title='bbox 133 2826 187 2879; x_wconf 85' lang='lat' dir='ltr'><strong>est.</strong></span> <span class='ocrx_word' id='word_1_200' title='bbox 231 2815 307 2890; x_wconf 80' lang='lat' dir='ltr'><strong>Quis</strong></span> <span class='ocrx_word' id='word_1_201' title='bbox 329 2830 390 2873; x_wconf 90' lang='lat' dir='ltr'><strong>non</strong></span> <span class='ocrx_word' id='word_1_202' title='bbox 414 2814 531 2890; x_wconf 77' lang='lat' dir='ltr'><strong>putavit</strong></span> <span class='ocrx_word' id='word_1_203' title='bbox 554 2810 630 2870; x_wconf 82' lang='lat' dir='ltr'><strong>bueo</strong></span> <span class='ocrx_word' id='word_1_204' title='bbox 655 2811 891 2890; x_wconf 78' lang='lat' dir='ltr'><strong>maximssigus</strong></span> <span class='ocrx_word' id='word_1_205' title='bbox 913 2821 943 2878; x_wconf 82' lang='lat' dir='ltr'><strong>et</strong></span> <span class='ocrx_word' id='word_1_206' title='bbox 959 2830 1060 2891; x_wconf 59' lang='lat' dir='ltr'><strong>opert</strong></span> 
     </span>
     <span class='ocr_line' id='line_1_32' title="bbox 134 2895 1058 2972; baseline -0.006 -12"><span class='ocrx_word' id='word_1_207' title='bbox 134 2921 153 2960; x_wconf 80' lang='lat' dir='ltr'><strong>a</strong></span> <span class='ocrx_word' id='word_1_208' title='bbox 174 2900 241 2960; x_wconf 86' lang='lat' dir='ltr'><strong>Deo</strong></span> <span class='ocrx_word' id='word_1_209' title='bbox 265 2896 383 2970; x_wconf 87' lang='lat' dir='ltr'><strong>venire,</strong></span> <span class='ocrx_word' id='word_1_210' title='bbox 414 2912 483 2953; x_wconf 87' lang='lat' dir='ltr'><strong>oum</strong></span> <span class='ocrx_word' id='word_1_211' title='bbox 506 2902 610 2954; x_wconf 85' lang='lat' dir='ltr'><strong>essent</strong></span> <span class='ocrx_word' id='word_1_212' title='bbox 638 2904 739 2955; x_wconf 81' lang='lat' dir='ltr'><strong>tuuren</strong></span> <span class='ocrx_word' id='word_1_213' title='bbox 763 2902 889 2963; x_wconf 80' lang='lat' dir='ltr'><strong>seleuse</strong></span> <span class='ocrx_word' id='word_1_214' title='bbox 912 2895 1058 2972; x_wconf 85' lang='lat' dir='ltr'><strong>potentis-</strong></span> 
     </span>
     <span class='ocr_line' id='line_1_33' title="bbox 134 2977 1058 3057; baseline -0.004 -14"><span class='ocrx_word' id='word_1_215' title='bbox 134 2985 211 3043; x_wconf 86' lang='lat' dir='ltr'><strong>simo</strong></span> <span class='ocrx_word' id='word_1_216' title='bbox 240 2990 271 3041; x_wconf 89' lang='lat' dir='ltr'><strong>et</strong></span> <span class='ocrx_word' id='word_1_217' title='bbox 298 2978 492 3039; x_wconf 76' lang='lat' dir='ltr'><strong>fallacissimo</strong></span> <span class='ocrx_word' id='word_1_218' title='bbox 521 2977 686 3057; x_wconf 82' lang='lat' dir='ltr'><strong>portento?</strong></span> <span class='ocrx_word' id='word_1_219' title='bbox 719 2978 815 3057; x_wconf 81' lang='lat' dir='ltr'><strong>Signo</strong></span> <span class='ocrx_word' id='word_1_220' title='bbox 842 2977 919 3039; x_wconf 70' lang='lat' dir='ltr'><strong>hsce</strong></span> <span class='ocrx_word' id='word_1_221' title='bbox 953 2979 1058 3039; x_wconf 75' lang='lat' dir='ltr'><strong>omnis</strong></span> 
     </span>
     <span class='ocr_line' id='line_1_34' title="bbox 134 3060 1060 3140; baseline -0.001 -14"><span class='ocrx_word' id='word_1_222' title='bbox 134 3067 279 3140; x_wconf 83' lang='lat' dir='ltr'><strong>vidimus,</strong></span> <span class='ocrx_word' id='word_1_223' title='bbox 302 3060 356 3121; x_wconf 82' lang='lat' dir='ltr'><strong>sed</strong></span> <span class='ocrx_word' id='word_1_224' title='bbox 379 3061 541 3137; x_wconf 82' lang='lat' dir='ltr'><strong>mendpcia</strong></span> <span class='ocrx_word' id='word_1_225' title='bbox 561 3081 653 3121; x_wconf 90' lang='lat' dir='ltr'><strong>nemo</strong></span> <span class='ocrx_word' id='word_1_226' title='bbox 677 3061 869 3138; x_wconf 74' lang='lat' dir='ltr'><strong>observpvit,</strong></span> <span class='ocrx_word' id='word_1_227' title='bbox 898 3060 966 3131; x_wconf 82' lang='lat' dir='ltr'><strong>lslsi</strong></span> <span class='ocrx_word' id='word_1_228' title='bbox 988 3069 1060 3125; x_wconf 83' lang='lat' dir='ltr'><strong>sont</strong></span> 
     </span>
     <span class='ocr_line' id='line_1_35' title="bbox 133 3144 1059 3222; baseline -0.003 -14"><span class='ocrx_word' id='word_1_229' title='bbox 133 3152 163 3208; x_wconf 92' lang='lat' dir='ltr'><strong>in</strong></span> <span class='ocrx_word' id='word_1_230' title='bbox 187 3151 223 3209; x_wconf 92' lang='lat' dir='ltr'><strong>iis</strong></span> <span class='ocrx_word' id='word_1_231' title='bbox 245 3147 344 3208; x_wconf 79' lang='lat' dir='ltr'><strong>suncti</strong></span> <span class='ocrx_word' id='word_1_232' title='bbox 367 3153 396 3205; x_wconf 89' lang='lat' dir='ltr'><strong>et</strong></span> <span class='ocrx_word' id='word_1_233' title='bbox 419 3145 507 3209; x_wconf 84' lang='lat' dir='ltr'><strong>electi</strong></span> <span class='ocrx_word' id='word_1_234' title='bbox 531 3146 626 3222; x_wconf 85' lang='lat' dir='ltr'><strong>multi,</strong></span> <span class='ocrx_word' id='word_1_235' title='bbox 649 3165 717 3205; x_wconf 88' lang='lat' dir='ltr'><strong>oum</strong></span> <span class='ocrx_word' id='word_1_236' title='bbox 731 3153 830 3211; x_wconf 81' lang='lat' dir='ltr'><strong>tamen</strong></span> <span class='ocrx_word' id='word_1_237' title='bbox 855 3145 924 3213; x_wconf 81' lang='lat' dir='ltr'><strong>lupe</strong></span> <span class='ocrx_word' id='word_1_238' title='bbox 946 3144 1059 3213; x_wconf 74' lang='lat' dir='ltr'><strong>nlprius</strong></span> 
     </span>
     <span class='ocr_line' id='line_1_36' title="bbox 134 3226 1059 3308; baseline -0.003 -16"><span class='ocrx_word' id='word_1_239' title='bbox 134 3234 173 3299; x_wconf 85' lang='lat' dir='ltr'><strong>sit</strong></span> <span class='ocrx_word' id='word_1_240' title='bbox 193 3233 270 3292; x_wconf 81' lang='lat' dir='ltr'><strong>bueo</strong></span> <span class='ocrx_word' id='word_1_241' title='bbox 292 3248 353 3290; x_wconf 92' lang='lat' dir='ltr'><strong>non</strong></span> <span class='ocrx_word' id='word_1_242' title='bbox 382 3247 451 3290; x_wconf 83' lang='lat' dir='ltr'><strong>esse</strong></span> <span class='ocrx_word' id='word_1_243' title='bbox 479 3228 559 3288; x_wconf 81' lang='lat' dir='ltr'><strong>leole</strong></span> <span class='ocrx_word' id='word_1_244' title='bbox 580 3247 637 3308; x_wconf 86' lang='lat' dir='ltr'><strong>pro</strong></span> <span class='ocrx_word' id='word_1_245' title='bbox 661 3229 829 3308; x_wconf 75' lang='lat' dir='ltr'><strong>Evangelio</strong></span> <span class='ocrx_word' id='word_1_246' title='bbox 854 3235 884 3287; x_wconf 88' lang='lat' dir='ltr'><strong>et</strong></span> <span class='ocrx_word' id='word_1_247' title='bbox 905 3226 980 3304; x_wconf 80' lang='lat' dir='ltr'><strong>lide,</strong></span> <span class='ocrx_word' id='word_1_248' title='bbox 1003 3226 1059 3289; x_wconf 85' lang='lat' dir='ltr'><strong>sed</strong></span> 
     </span>
     <span class='ocr_line' id='line_1_37' title="bbox 132 3309 1056 3396; baseline -0.002 -21"><span class='ocrx_word' id='word_1_249' title='bbox 132 3333 189 3396; x_wconf 87' lang='lat' dir='ltr'><strong>pro</strong></span> <span class='ocrx_word' id='word_1_250' title='bbox 209 3312 344 3375; x_wconf 77' lang='lat' dir='ltr'><strong>bsciebus</strong></span> <span class='ocrx_word' id='word_1_251' title='bbox 366 3322 398 3371; x_wconf 84' lang='lat' dir='ltr'><strong>et</strong></span> <span class='ocrx_word' id='word_1_252' title='bbox 418 3310 678 3391; x_wconf 88' lang='lat' dir='ltr'><strong>propositionibus</strong></span> <span class='ocrx_word' id='word_1_253' title='bbox 700 3312 787 3371; x_wconf 89' lang='lat' dir='ltr'><strong>huius</strong></span> <span class='ocrx_word' id='word_1_254' title='bbox 811 3313 892 3390; x_wconf 81' lang='lat' dir='ltr'><strong>regis</strong></span> <span class='ocrx_word' id='word_1_255' title='bbox 910 3309 1056 3373; x_wconf 70' lang='lat' dir='ltr'><strong>roboren-</strong></span> 
     </span>
     <span class='ocr_line' id='line_1_38' title="bbox 134 3393 1056 3476; baseline -0.003 -18"><span class='ocrx_word' id='word_1_256' title='bbox 134 3398 179 3458; x_wconf 86' lang='lat' dir='ltr'><strong>dis</strong></span> <span class='ocrx_word' id='word_1_257' title='bbox 205 3408 283 3476; x_wconf 88' lang='lat' dir='ltr'><strong>(quo</strong></span> <span class='ocrx_word' id='word_1_258' title='bbox 305 3403 486 3475; x_wconf 79' lang='lat' dir='ltr'><strong>argumento</strong></span> <span class='ocrx_word' id='word_1_259' title='bbox 508 3405 651 3474; x_wconf 78' lang='lat' dir='ltr'><strong>poterunt</strong></span> <span class='ocrx_word' id='word_1_260' title='bbox 673 3396 850 3473; x_wconf 73' lang='lat' dir='ltr'><strong>cognoscit.</strong></span> <span class='ocrx_word' id='word_1_261' title='bbox 895 3394 993 3464; x_wconf 68' lang='lat' dir='ltr'><strong>Nemo</strong></span> <span class='ocrx_word' id='word_1_262' title='bbox 1015 3393 1056 3459; x_wconf 76' lang='lat' dir='ltr'><strong>lo·</strong></span> 
     </span>
     <span class='ocr_line' id='line_1_39' title="bbox 133 3475 1056 3562; baseline -0.005 -20"><span class='ocrx_word' id='word_1_263' title='bbox 133 3482 229 3543; x_wconf 83' lang='lat' dir='ltr'><strong>liciter</strong></span> <span class='ocrx_word' id='word_1_264' title='bbox 250 3500 351 3562; x_wconf 73' lang='lat' dir='ltr'><strong>papae</strong></span> <span class='ocrx_word' id='word_1_265' title='bbox 375 3497 507 3556; x_wconf 78' lang='lat' dir='ltr'><strong>unquam</strong></span> <span class='ocrx_word' id='word_1_266' title='bbox 529 3479 703 3554; x_wconf 79' lang='lat' dir='ltr'><strong>rebellavit,</strong></span> <span class='ocrx_word' id='word_1_267' title='bbox 734 3485 766 3537; x_wconf 86' lang='lat' dir='ltr'><strong>ul</strong></span> <span class='ocrx_word' id='word_1_268' title='bbox 788 3478 904 3539; x_wconf 81' lang='lat' dir='ltr'><strong>iactant</strong></span> <span class='ocrx_word' id='word_1_269' title='bbox 923 3475 992 3545; x_wconf 78' lang='lat' dir='ltr'><strong>llrsli</strong></span> <span class='ocrx_word' id='word_1_270' title='bbox 1013 3477 1056 3537; x_wconf 85' lang='lat' dir='ltr'><strong>ni·</strong></span> 
     </span>
    </p>
   </div>
   <div class='ocr_carea' id='block_1_4' title="bbox 187 3751 621 3823">
    <p class='ocr_par' dir='ltr' id='par_1_8' title="bbox 187 3751 621 3823">
     <span class='ocr_line' id='line_1_40' title="bbox 187 3751 621 3823; baseline -0.021 -14"><span class='ocrx_word' id='word_1_271' title='bbox 187 3754 219 3823; x_wconf 88' lang='grc'><strong>1)</strong></span> <span class='ocrx_word' id='word_1_272' title='bbox 240 3752 271 3806; x_wconf 89' lang='lat' dir='ltr'><strong>ln</strong></span> <span class='ocrx_word' id='word_1_273' title='bbox 290 3751 333 3807; x_wconf 85' lang='lat' dir='ltr'><strong>ed.</strong></span> <span class='ocrx_word' id='word_1_274' title='bbox 352 3753 437 3820; x_wconf 80' lang='lat' dir='ltr'><strong>orig.:</strong></span> <span class='ocrx_word' id='word_1_275' title='bbox 457 3751 621 3804; x_wconf 78' lang='lat' dir='ltr'><strong>terrificium.</strong></span> 
     </span>
    </p>
   </div>
   <div class='ocr_carea' id='block_1_5' title="bbox 0 0 1200 4170">
    <p class='ocr_par' dir='ltr' id='par_1_9' title="bbox 0 0 1200 4170">
     <span class='ocr_line' id='line_1_41' title="bbox 0 0 1200 4170; baseline 0 1"><span class='ocrx_word' id='word_1_276' title='bbox 0 0 1200 4170; x_wconf 95' lang='lat' dir='ltr'><strong> </strong></span> 
     </span>
    </p>
   </div>
  </div>
 </body>
</html>
