2392 4170
133 258 197 330 434
427 263 587 320 Contutstto
606 263 775 322 Lutheriuuu

135 425 261 483 iuvooet
291 439 403 482 nomen
433 428 517 482 tuum
546 441 601 503 pro
624 421 731 498 nobis,
771 423 841 501 quia
863 436 920 480 neo
951 417 1065 496 undet3

136 522 199 565 uon
223 505 272 564 hio
294 512 341 564 est
363 504 489 564 laudere
512 514 541 564 te
562 525 617 586 pro
641 503 813 580 benefieiis,
853 504 906 562 ee'd
934 503 1064 582 plorare

136 595 254 648 tanturn
278 589 308 647 in
330 589 441 648 nostris
464 588 561 653 maiis.
600 587 638 647 Et
659 590 739 647 siout
760 594 897 668 ternpore
920 585 1061 645 florentis

134 672 269 731 iustitiae
291 673 382 730 etiem
416 679 544 750 peceato
566 671 696 732 aliorum
718 671 798 730 iaetu
821 681 891 728 sunt
913 668 984 728 olba
1005 669 1064 728 sio·

136 761 168 812 ut
189 755 260 834 nix,
297 771 357 813 neo
375 755 500 833 puniisti
523 773 575 829 ee,
599 755 670 832 qniu
693 772 749 833 pro
772 770 832 812 uon
856 753 992 835 pennatis
1015 768 1063 812 re

136 837 264 916 putasti,
287 838 328 896 ita
349 837 409 897 isto
431 838 495 896 irae
518 847 546 896 et
570 836 684 896 ruentis
712 837 844 896 iustitiae
872 831 1065 915 tempore*)

135 919 226 978 etium
250 921 378 979 iustitias
401 928 522 998 nostros
544 923 702 979 universes
725 919 859 998 pollutus
881 917 984 995 ducis,
1007 934 1062 998 pu·

136 1002 244 1080 nisque
267 1002 357 1061 simui
387 1021 454 1061 eum
478 1004 613 1083 pecentiu
634 1003 783 1078 aliorum,
820 1009 851 1061 et
877 1018 946 1060 oum
976 1000 1061 1061 meio

134 1085 280 1157 involvis,
315 1085 444 1144 allidens
474 1105 529 1148 nos
559 1088 588 1144 in
620 1100 710 1145 mono
733 1082 1065 1164 iniquitatis·nostrde'‚'

134 1168 239 1226 sinens
260 1166 349 1227 nobie
363 1167 438 1244 fieri,
461 1167 544 1246 qnod
567 1175 696 1248 peocstu
717 1175 899 1243 meruerunt,
921 1175 954 1225 ut
970 1168 1060 1246 qussi

134 1249 281 1310 immundi
311 1252 405 1310 simus
440 1264 548 1310 omnes
582 1270 649 1312 nos.
694 1250 744 1312 Sin
773 1248 1059 1310 misericordiane

133 1333 194 1392 ists
232 1333 407 1411 iniquitates
438 1343 560 1393 nostroe
591 1335 670 1393 siout
697 1342 805 1394 ventus
828 1333 970 1396 auferunt
989 1348 1060 1407 nos,

134 1415 208 1474 nthtt
229 1416 400 1477 veientibus
423 1418 572 1478 adversus
592 1435 664 1477 enni
686 1418 839 1476 universis·
863 1416 984 1475 iustitiis
1006 1433 1060 1475 no-

132 1500 212 1562 stris.
245 1513 248 1521 '
774 1504 777 1509 “
809 1513 812 1519 “
860 1526 862 1531 ·

202 1580 267 1641 'Sin
297 1591 328 1640 et
358 1581 396 1641 de
423 1585 560 1662 prineipe
593 1584 671 1643 irato
701 1583 774 1641 dioit
797 1582 923 1660 vulgus:
956 1580 1060 1642 Neruo

133 1665 225 1732 audet
246 1665 274 1724 ei
296 1663 469 1724 debuere
492 1666 608 1741 dinero,
637 1684 695 1724 neo
716 1682 772 1745 pro
796 1684 833 1724 en
855 1664 1058 1740 interoedere,

134 1766 173 1806 ne
192 1746 262 1821 filit,
292 1766 331 1806 ne
352 1766 447 1823 uxor,
477 1769 516 1808 ne
544 1749 633 1808 amici
658 1750 779 1827 quidem
804 1756 859 1808 eto.
885 1744 957 1808 'sto
979 1744 1063 1807 irum·

133 1829 273 1890 Deitom
297 1846 439 1910 magnum
464 1833 608 1911 queritur,
632 1838 672 1890 ut*
686 1838 717 1891 et
738 1831 894 1890 universos
917 1831 1057 1890 omniunt

132 1913 253 1992 piorum
276 1913 406 1973 iustitias
429 1915 475 1974 sio
496 1922 619 1990 tractet,
655 1916 741 1994 quusi
780 1920 910 1994 peccota
942 1921 973 1972 et
1002 1915 1057 1972 iun

133 1997 299 2056 munditiae
321 1997 390 2073 sint,
412 2014 471 2057 neo
492 1997 636 2073 audeant,
654 2014 712 2056 neo
736 1998 858 2077 possint
878 2013 949 2055 eum
972 1997 1057 2058 invo-

133 2094 217 2152 om,
242 2076 295 2139 out
313 2077 447 2142 flectere.
492 2080 700 2160 Frigidissinrn
728 2087 830 2140 nutem
860 2087 907 2138 est
936 2087 1057 2140 senten·

133 2163 175 2220 tio
198 2160 236 2220 de
257 2161 420 2240 impiorum
444 2164 593 2245 sacrilega
610 2165 734 2242 institia,
757 2163 796 2222 ud
811 2162 1057 2222 ardentissimum

133 2250 167 2302 et
202 2242 499 2305 'vehementissimam
540 2248 621 2308 hono
660 2249 830 2306 orationem
866 2254 1058 2325 comparatu,

133 2329 260 2404 quaesi
283 2344 415 2404 unquam
440 2338 511 2408 apte
534 2332 613 2391 orari
637 2331 752 2409 potuit,
786 2328 877 2388 hodie
900 2331 980 2388 oneri
1003 2346 1057 2409 po·

132 2416 208 2489 test,
240 2409 290 2469 ubi
314 2410 397 2471 multi
426 2414 485 2491 pii,
520 2415 573 2473 sed
604 2416 643 2472 ito
674 2413 831 2493 praevolet
859 2411 1057 2472 autichristus

133 2510 234 2571 popu,
268 2500 300 2552 ut
316 2495 412 2554 'etiam
437 2514 496 2555 uon
521 2498 614 2557 modo
636 2497 666 2554 in
691 2496 770 2555 mals
793 2512 980 2575 poenarum,
1002 2495 1056 2555 sed

134 2581 164 2632 et
185 2576 215 2634 in
240 2592 359 2636 errores
382 2577 483 2638 trahat
505 2580 632 2653 eleetos,
655 2597 712 2638 neo
727 2587 774 2638 est
796 2579 845 2639 hio
860 2581 917 2657 qni
940 2584 1057 2658 surget,

133 2664 245 2737 teneat,
269 2660 394 2719 invocet
416 2680 527 2722 nornen
552 2663 608 2723 Dei
631 2680 686 2742 pro
712 2663 828 2722 miseris
850 2660 951 2720 nohis.

178 2766 181 2771 ·
215 2741 304 2803 Hune
326 2761 448 2803 sensum
467 2745 595 2824 pulchre
617 2746 768 2825 quadrare
791 2744 989 2823 sequentibus
1011 2760 1057 2804 ur·

134 2823 228 2884 bitror
260 2827 333 2886 satis
367 2839 488 2906 patere,
522 2839 551 2888 et
574 2830 707 2889 Latomis
743 2830 817 2888 meis
850 2827 909 2887 hoe
937 2828 1057 2904 deesse,

133 2906 214 2986 quod
237 2907 380 2988 Spiritum
414 2919 551 2970 sanetum
581 2912 709 2972 eredunt
738 2929 798 2971 non
823 2924 862 2970 ex
884 2913 989 2970 animo
1012 2910 1057 2971 io·

132 2991 193 3069 qui,
215 2991 269 3050 sed
293 2991 381 3050 fletos
404 2993 552 3071 quosdam
575 2995 705 3055 iustitias
728 2995 871 3075 ellegere.
902 2993 961 3053 Sed
986 2993 1056 3054 illes

132 3086 195 3135 uon
215 3081 394 3153 quereretur
414 3077 587 3138 immundas
611 3077 685 3156 fleri,
709 3083 779 3137 'oum
800 3078 859 3137 ianr
876 3084 980 3136 essent
1002 3078 1057 3136 inr-

133 3154 274 3217 mundae.
319 3157 375 3217 Hie
397 3159 526 3220 iustitias
550 3163 685 3222 sinceras
719 3159 882 3221 confltetur
905 3179 989 3232 esse,
1025 3167 1057 3220 et

132 3240 273 3318 quaestio
297 3249 344 3300 est
377 3259 430 3301 eas
460 3244 594 3322 pollutos
619 3254 649 3304 et
670 3244 844 3304 immundos
864 3242 946 3319 steri,
983 3243 1056 3303 dum

131 3337 194 3381 non
228 3326 376 3404 contingit
409 3326 483 3405 iltis,
521 3327 602 3406 quod
638 3329 760 3387 iustitiis
796 3328 923 3386 sineeris
965 3325 1055 3403 solet,

132 3403 192 3464 sed·
210 3410 364 3468 contrario
387 3412 587 3492 contingunt,
622 3414 694 3490 quis
727 3429 787 3471 non
812 3416 939 3489 surgunt
961 3415 992 3469 et
1013 3415 1056 3469 te

132 3498 206 3548 nent
227 3490 337 3551 iratum
360 3491 469 3563 Deum,
494 3496 524 3553 iu
548 3495 597 3554 die
621 3495 740 3570 furoris,
764 3493 844 3573 opud
868 3510 959 3571 quern
981 3491 1056 3552 nihtt

414 3664 568 3672 ——-·---—-

204 3762 232 3825 ⁸)
253 3760 349 3837 blesiso
369 3762 392 3816 1.
