2392 4170
412 297 496 354 Missa
514 299 627 368 privata
645 300 678 354 D.
698 301 732 355 M.
753 301 784 356 L.
1002 300 1063 368 197

140 469 217 529 niter
250 477 280 529 et
308 469 389 531 idem
421 472 459 531 sit
487 472 628 534 omnibus
660 480 843 553 praeseptus
877 474 1062 537 bominibus.

140 552 210 613 Non
232 554 313 612 enim
335 560 383 614 est
402 553 557 615 distinctio
585 555 646 616 ulla
667 557 698 615 in
722 576 793 617 vero
817 557 900 619 oultu
921 557 989 634 Dei,
1008 556 1085 618 sed*

138 637 169 696 in
184 634 441 716 hypooritiooillo
453 658 491 698 ex
500 637 674 700 bominibus
687 639 872 721 introduoto,
881 641 970 720 quint
980 660 1062 701 man·

139 719 211 780 dato
220 717 289 796 Dei,
301 719 331 780 id
342 726 398 798 est,
408 741 481 782 vero
495 721 587 782 oultui
598 722 707 782 cedere
716 728 862 802 teneatur,
871 724 989 803 quisest
999 732 1060 785 tam

137 802 338 864 Lovaniensis
348 809 400 864 aut
411 804 591 866 parisiensis
602 805 814 888 Theologista,
827 813 929 866 utnon
938 805 1061 867 videat?

220 886 305 946 Haeo
326 885 364 947 da
386 888 522 948 seounda
544 888 657 968 tabula,
681 891 821 950 venimus
835 908 918 950 nuno
940 889 979 950 ad
1000 891 1059 970 pri·

138 989 219 1030 mam
243 969 378 1030 tabulam
409 976 439 1030 et
467 972 524 1031 tria
552 973 651 1051 prima
678 972 845 1054 mandata,
870 972 921 1034 ubi
943 973 1085 1050 neseio,

138 1072 177 1113 aa
198 1054 362 1113 tacendum
384 1053 434 1113 vel
456 1054 643 1134 loquendum
666 1056 720 1132 sit,
747 1055 825 1117 adeo
848 1074 909 1117 non
933 1074 1059 1135 possum

137 1138 284 1216 oousequi
296 1137 397 1197 verbis
409 1143 545 1198 monstra
561 1144 590 1198 et
602 1138 849 1200 abominationes
862 1139 1055 1219 Papistarum

140 1216 172 1285 in
194 1219 241 1279 bis
263 1220 446 1300 praeseptis.
484 1221 588 1281 looum
613 1222 725 1281 dixeris
750 1242 797 1300 ea,
819 1241 899 1302 quae
919 1223 950 1282 in
974 1241 1059 1301 prae·

136 1301 314 1363 sedentibus
336 1302 497 1364 horrendis
517 1304 693 1366 horroribus
708 1305 849 1385 vidimus,
873 1304 981 1384 quibus
994 1310 1059 1365 tan·
1080 1324 1082 1328 ·

137 1391 200 1447 tum
223 1386 254 1445 in
276 1385 377 1465 legem
390 1386 448 1446 Dei
469 1388 632 1452 insaniunt.
675 1387 709 1449 ln
732 1389 792 1449 illis
814 1407 888 1448 vero
910 1406 973 1448 non
995 1395 1070 1448 tan·-

136 1475 200 1528 tum
227 1469 327 1548 legem
359 1469 514 1544 damnant,
537 1470 591 1531 sed
621 1472 734 1550 omnia,
757 1491 837 1551 quae
865 1472 895 1531 in
919 1471 1057 1551 gratiam,

135 1551 238 1631 iidem,
261 1552 472 1633 Evangelium,
503 1553 653 1614 Christum
677 1554 736 1615 dioi
760 1560 792 1615 et
812 1554 876 1614 lieri
909 1559 1058 1633 (exoepta

135 1633 259 1717 speeie]
282 1642 421 1716 possunt,
443 1636 548 1697 dieunt
569 1642 600 1697 et
620 1636 743 1699 faoiunt.
788 1635 867 1714 Quid
892 1638 972 1697 enim
996 1655 1057 1696 am·

135 1719 215 1799 plius
236 1718 388 1799 iacerent,
424 1719 494 1780 dum
528 1739 590 1781 non
620 1719 714 1781 modo
752 1720 905 1782 contraria
934 1719 1057 1799 dooent,

135 1800 190 1862 sed
213 1802 420 1880 etdam‘nant,
448 1808 591 1874 exurunt,
613 1802 809 1879 maledicunt,
832 1802 1056 1882 blasphemant,

133 1890 357 1966 persequuntur
369 1885 514 1948 mandata
525 1887 593 1963 Dei,
615 1893 648 1946 ut
670 1906 818 1947 summam
838 1887 973 1945 omnium
986 1884 1056 1945 bas·

131 1969 242 2048 resim,
276 1967 499 2047 blasphemiam
528 1976 558 2029 et
596 1969 880 2030 abominationem?
914 1967 968 2028 sed
1000 1965 1057 2026 sub

134 2052 259 2112 nomine
282 2051 393 2111 Christi
417 2071 472 2132 pro
495 2053 594 2132 gloria
616 2052 691 2132 Dei,
714 2053 782 2114 selo
805 2050 876 2112 fidei
899 2059 930 2111 st
950 2067 1056 2110 amore

96 2159 98 2163 ·
133 2135 267 2214 pietstis,
290 2153 379 2213 quam
393 2135 505 2196 Paulus
527 2133 706 2221 μόρφωσιν
717 2137 837 2216 pietalis
860 2140 977 2195 vooat
1006 2131 1058 2193 At·

123 2235 193 2300 'que
216 2223 249 2277 ut
269 2215 341 2277 inde
363 2218 533 2294 ordiamur,
561 2219 742 2299 principium
771 2217 842 2279 fidei
864 2217 985 2278 illorum
1008 2234 1056 2276 oa·

132 2300 228 2379 pitale
249 2306 296 2360 est
317 2300 512 2361 huiusmodi:

216 2383 380 2444 Hominem
391 2403 484 2462 posse
509 2404 548 2443 ex
566 2383 755 2444 naturalibus
767 2383 891 2457 viribus,
914 2381 1055 2442 iaoiendo

133 2465 217 2546 quod
238 2472 286 2526 est
306 2467 337 2526 in
359 2485 404 2542 se,
425 2467 553 2546 implere
575 2467 679 2527 omnia
701 2464 846 2526 mandata
867 2466 935 2528 Dei.

216 2549 264 2609 Ex
286 2568 348 2629 quo
371 2551 472 2629 oapite
506 2562 585 2630 qua's
608 2549 744 2609 membra
766 2546 942 2628 pendeant,
976 2546 1054 2607 vids.

132 2632 276 2710 Primum,
299 2632 380 2711 quod
403 2633 500 2713 gratia
526 2633 580 2693 Dei
602 2631 776 2693 hominibus
797 2648 860 2691 non
884 2636 931 2689 est
951 2646 1056 2689 nenes-
1082 2680 1085 2683 ,

132 2716 214 2776 saria
235 2721 373 2795 exparte
393 2715 534 2777 facientis
553 2734 653 2794 neque
677 2734 716 2775 ex
738 2719 825 2795 parts
835 2712 1057 2788 faciendorum,
1076 2728 1079 2732 ’

133 2797 217 2878 quod
240 2799 330 2860 etiam
344 2799 482 2860 rotundis
505 2798 605 2860 verbis
617 2797 811 2878 impudenter
822 2795 937 2858 babent
950 2813 1055 2855 eorum

131 2881 211 2960 libri,
233 2881 287 2941 sed
310 2901 349 2942 ex
370 2889 457 2962 parte
487 2883 641 2943 exactoris
663 2882 739 2960 Dei,
768 2887 800 2941 ut
833 2880 884 2961 qui
912 2877 1058 2938 mandata

133 2984 189 3025 sua
210 2964 328 3044 impleri
352 2983 413 3024 non
437 2972 484 3025 est
505 2970 679 3043 oontentus,
701 2965 759 3025 nisi
780 2965 811 3024 in
830 2962 931 3043 gratia.
950 2960 1056 3041 impls-

133 3050 233 3109 antur.
276 3047 325 3107 Ex
347 3067 409 3127 quo
430 3049 556 3110 ulterius
577 3051 723 3130 sequitur,
746 3047 865 3108 coslum
882 3064 952 3106 esse
974 3044 1056 3103 olau-

132 3151 199 3191 sum
223 3136 255 3191 et
274 3131 423 3191 infernum
446 3138 585 3212 paratum
608 3132 734 3208 homini,
756 3149 876 3191 summa
897 3127 1056 3208 iniquitate

133 3214 201 3291 Dei,
221 3233 333 3294 nempe
366 3232 428 3273 non
461 3216 599 3295 propter
618 3219 747 3294 peooata
773 3212 921 3285 hominis,
956 3228 1057 3289 neque

132 3303 260 3380 propter
280 3316 343 3358 non
366 3296 492 3377 impleta
514 3297 660 3358 mandata
682 3297 757 3375 Dei,
786 3294 842 3356 sed
864 3298 989 3373 propter
1011 3298 1056 3372 ty·

131 3381 291 3442 sannioam
327 3385 358 3439 et
393 3380 581 3442 arbitrariam
615 3381 809 3441 exaotionem
846 3378 913 3438 Dei.
941 3376 1057 3435 ¹Prima

132 3482 208 3544 ergo
232 3464 331 3544 gloria
352 3462 420 3536 Dei,
443 3462 639 3543 quamhabet
662 3459 917 3532 aParisiensibus
940 3464 971 3519 et
991 3477 1057 3520 om·

133 3546 223 3607 nibus
240 3546 386 3627 Papistis:
409 3544 500 3620 Quod
523 3546 605 3607 Deus
627 3547 748 3625 iniquus
770 3552 827 3619 est,
848 3544 952 3622 inique
972 3540 1056 3602 dam·

133 3636 198 3708 nat,
216 3630 321 3708 inique
342 3636 436 3709 negat
457 3648 595 3710 regnum,
618 3629 702 3689 nulla
724 3627 856 3690 bominis
879 3625 979 3705 eulpa,
1002 3622 1056 3684 ssd

131 3713 201 3773 sola
223 3731 279 3772 sua
305 3721 470 3791 proterva,
502 3731 565 3773 non
593 3712 769 3773 necessaria
796 3710 963 3772 voluntate.
985 3766 987 3773 ,
1006 3705 1058 3781 fiio

133 3814 189 3856 sos
221 3795 387 3856 exanimo
420 3797 532 3856 sentire
554 3802 685 3876 arguunt
713 3792 872 3876 praedicta
900 3788 1057 3872 dogmata,
