2392 4170
393 243 520 296 Rationis
541 242 718 298 Latomiauaa
736 247 787 296 etc.
989 231 1053 306 &b

131 398 263 478 atnam.
307 397 348 460 Ilt
369 417 458 478 quae,
480 417 569 482 rogo,
592 376 753 463 ludibria
744 419 775 462 rn
797 399 959 481 scripturis
982 398 1053 459 hinc

131 482 301 544 ducentur?
324 482 392 544 Non
416 489 482 544 erat
497 483 627 565 Latomi‚
648 487 724 547 tenti
745 484 894 566 theologi
918 482 1052 545 oltloium

131 581 289 639 onerare
312 565 384 645 quid
407 569 505 667 possit
527 568 670 646 stadici,
704 569 759 630 sed
781 568 854 648 quid
878 567 989 630 debeat
1010 568 1055 627 sic

132 612 319 713 dici.an
350 652 520 730 quaeritur,
553 653 624 730 quid
653 655 751 733 possit
738 652 877 714 tlibido
909 651 1055 732 nugandi,

131 733 185 794 sed
209 735 282 816 quid
296 734 408 795 debeat
422 743 578 815 praestare
594 736 701 835 religio
716 735 946 818 interpretandi,
969 753 1053 815 praa·

131 819 234 879 sertim
259 836 328 878 cum
351 825 434 879 tanta
458 817 556 880 buces
578 839 647 880 sese
667 821 804 898 iactant,
831 839 893 880 non
916 837 1054 880 numera

132 908 249 976 turum,
280 902 333 962 aad
363 903 602 981 ponderatorum
632 903 808 965 testimonia
830 903 1053 983 Scripturarum

132 992 162 1045 et
184 986 396 1045 convicturum
428 986 507 1045 male
534 988 678 1047 citantem
700 986 874 1069 Lutberpm.
918 985 974 1047 lest
995 985 1055 1046 hoo

132 1067 305 1148 ponderare
327 1069 524 1131 testimonia?
552 1077 599 1130 est
626 1069 688 1132 hoo
707 1072 892 1131 convincere
914 1068 993 1130 mala
1016 1069 1056 1129 oi

133 1152 271 1212 tantem?
305 1152 406 1213 dicere
429 1152 594 1213 duntaxat:
628 1154 696 1232 Ego
725 1172 851 1234 possum
879 1154 924 1214 sic
952 1159 983 1212 et
1011 1151 1056 1213 sio
1137 1149 1139 1152 ’

133 1235 327 1314 intelligere?
351 1234 461 1296 Nonne
484 1237 544 1297 hoo
564 1237 641 1297 vitio
663 1255 732 1298 reos
757 1237 905 1300 hactenus
927 1236 976 1315 egi
999 1234 1054 1296 So-¹

133 1317 251 1399 phiatas
272 1319 365 1394 istos,
388 1319 470 1398 quod
494 1321 615 1399 possint
636 1321 741 1381 omnia
762 1321 806 1380 sie
830 1326 861 1380 et
881 1320 927 1380 sio
947 1318 1055 1380 intelli·

134 1421 218 1482 gere
241 1421 396 1481 nunquam
421 1409 532 1479 autem,
555 1410 587 1463 ut
610 1402 732 1480 debent
754 1401 1056 1484 velintiutelligsre?

133 1484 201 1546 Hoc
221 1503 285 1545 non
309 1492 356 1546 eat
378 1485 535 1546 confutare
558 1449 779 1566 adversarium,
804 1485 1058 1595 sedconlundara

134 1567 252 1628 divinas
274 1567 457 1649 Scripturas

216 1651 336 1712 Deinde
364 1653 413 1730 qui
438 1652 526 1712 huius
548 1651 665 1732 figurae
687 1657 748 1714 ta'm
771 1654 917 1713 vivaciter
940 1670 1057 1713 memor

134 1744 179 1794 cst
201 1734 373 1815 hocloco,
402 1735 559 1814 quomodo
588 1743 648 1797 tam
679 1754 815 1797 crassum
838 1736 935 1797 stertit
956 1736 986 1795 in
1010 1753 1055 1795 aa·

135 1818 254 1897 quenti,
282 1818 331 1879 ubi
361 1818 486 1879 dicitur:
515 1819 584 1879 Non
615 1825 676 1889 est,
712 1821 761 1899 qui
796 1821 921 1881 invocet
940 1837 1054 1878 nomen

135 1913 235 1977 tuum,
265 1902 316 1979 qui
339 1909 446 1980 surgat
472 1909 501 1962 et
524 1908 626 1962 teneat
649 1901 700 1962 te?
737 1902 806 1964 Non
835 1901 1056 1982 potuissetis

135 1983 350 2063 particularem
374 1985 485 2060 lacere,
507 1985 537 2045 id
562 1993 622 2061 est,
653 1985 746 2064 aliqui
768 1985 906 2046 etmulti
929 2003 990 2044 non
1013 1985 1056 2044 in·

75 2073 78 2077 ’
136 2074 249 2127 vocant
271 2086 382 2128 nomen
408 2068 513 2128 tuum?
537 2088 597 2148 quo
614 2078 747 2148 caveret,
769 2089 807 2128 na
821 2069 1055 2128 insulsissimum

135 2157 163 2210 at
184 2151 407 2229 ineptissimum
431 2171 593 2212 excursum
618 2160 780 2233 cogeretur
807 2152 923 2228 tacere,
945 2151 1055 2232 proba·

134 2239 235 2312 turus,
264 2251 355 2312 quam
379 2253 532 2313 nunquam
558 2235 707 2296 defuerint
734 2237 914 2296 invocantes
942 2254 1054 2295 nomen

135 2317 256 2377 Domini
293 2335 348 2393 par
382 2319 483 2377 omnia
518 2318 630 2379 secula.
680 2319 727 2380 An
756 2322 785 2379 in
814 2318 966 2398 negativis
993 2335 1055 2377 non

134 2399 226 2459 habet
257 2400 316 2458 iata
344 2398 443 2478 ligura
465 2401 593 2461 locum?
621 2401 669 2462 An
697 2421 759 2463 non
783 2404 880 2463 lasiae
903 2406 951 2466 57.
975 2400 1056 2461 vide·

135 2482 213 2543 bitur
236 2482 358 2562 posita?
380 2485 479 2543 lustua
501 2485 590 2562 perit,
614 2491 644 2545 et
667 2504 728 2547 non
753 2492 810 2559 est,
833 2487 884 2563 qui
907 2486 1056 2565 recogitet

134 2567 162 2625 in
186 2565 280 2626 corde
303 2584 376 2639 suo,
405 2573 435 2625 et
456 2567 512 2625 viri
542 2567 769 2628 misericordiae
799 2568 999 2648 colliguntur,
1027 2572 1057 2626 et

134 2667 194 2710 non
219 2656 275 2724 eat,
297 2650 346 2727 qui
370 2648 543 2728 intelligat?
570 2650 649 2710 Num
663 2650 759 2710 lsaiaa
781 2670 842 2711 non
857 2649 1057 2729 intelligebat,

135 2733 182 2810 qui
207 2732 285 2792 haec
307 2733 374 2811 ipsa
398 2732 539 2792 dicabat?
563 2733 610 2792 An
626 2732 826 2794 soliLatomo
849 2733 930 2803 licet,
953 2731 1055 2792 ubiubi
1145 2781 1149 2788 .

135 2815 273 2889 voluerit,
289 2814 418 2895 figuram
433 2816 543 2892 facere,
566 2815 616 2875 ubi
630 2835 691 2877 non
705 2815 789 2888 libat,
807 2816 920 2877 nullam
934 2815 1057 2876 faeere?

134 2898 251 2958 scillcet
279 2898 430 2958 sentiebat
457 2899 551 2959 bomo
585 2899 734 2979 prudens,
769 2899 851 2978 quod
879 2898 953 2959 illud
981 2898 1058 2958 citra

121 2980 262 3061 'liguram
294 2980 408 3041 dictum
443 2978 570 3061 (ornnes
601 2983 734 3043 iustitiae
763 2979 918 3063 pollutae)
950 2987 1058 3042 contra

134 3084 203 3124 sese
233 3063 448 3137 concluderet,
481 3064 552 3125 ideo
586 3066 641 3126 fuit
674 3065 867 3127 eludendum.
924 3065 1056 3127 Rursum

121 3146 223 3223 illud,
246 3165 306 3205 non
332 3149 450 3225 estqui
473 3148 612 3223 invocet,
639 3149 695 3209 sub
719 3147 817 3228 ligura
838 3149 967 3227 dietum,
996 3165 1056 3208 uon

135 3229 333 3291 concluderet
354 3235 461 3290 eontra
481 3230 655 3308 Lethaeum,
677 3231 749 3292 ideo
771 3232 873 3292 fuitei
899 3231 1059 3293 detrahen-

136 3313 214 3373 dum.
261 3312 327 3372 Nec
348 3313 466 3373 interim
489 3315 646 3394 cogitabat
668 3317 714 3375 vir
738 3320 856 3389 tantus
885 3333 985 3394 quam·
999 3315 1059 3374 lrac

135 3395 260 3456 libidine
290 3403 321 3455 et
356 3397 527 3456 temeritate
556 3399 677 3496 copiam
706 3417 850 3459 versurae
880 3397 1057 3459 adversario

120 3479 259 3540 iaceret.
304 3479 421 3539 Eadem
444 3481 524 3540 eninr
555 3482 718 3542 autoritate
740 3480 921 3562 permutabo
945 3488 975 3540 et
999 3500 1058 3560 ego

135 3563 194 3623 ista
218 3561 279 3622 duo
303 3562 450 3642 figurata,
477 3569 510 3623 ut
532 3583 614 3624 nunc
635 3565 741 3643 simul,
769 3583 851 3626 nuno
871 3563 1059 3639 alterutrum

135 3647 196 3706 sint
218 3645 349 3724 figurata
371 3652 402 3706 at
423 3664 486 3706 non
503 3646 643 3726 figurata
673 3648 733 3708 Ista
755 3655 857 3709 autem
880 3653 928 3709 est
950 3647 1059 3708 modus

136 3728 314 3790 tractandae
336 3727 531 3808 Scripturas?
