2392 4170
130 246 194 321 1³⁸
481 246 526 305 ΒΘ
544 240 711 319 thum&

130 419 253 505 quidem
284 420 352 482 sine
384 419 562 482 testimnio
589 416 695 480 divino
722 416 874 500 regnatis,
902 434 960 478 ros
986 433 1057 477 esse

130 505 288 575 ministros
309 503 461 581 Beterrae,
487 510 518 564 et
540 504 738 565 ministerium
763 510 896 563 vestrum
918 519 987 561 cum
1009 518 1057 560 sa

132 588 272 653 cerdotie
298 595 404 650 vestro
431 606 487 670 per
508 586 655 649 Satanam
685 607 755 648 esse
780 587 813 645 in
836 585 941 648 orbem
963 585 1057 645 intro

134 671 272 751 ductum,
294 671 334 734 ed
356 671 538 734 vertendum
562 671 696 732 salutare
711 669 786 730 illud
808 678 840 730 et
861 669 983 729 unicum
1003 668 1058 728 mi·

132 757 292 819 misterium
323 756 455 838 spiritus.
507 754 586 815 Nem
619 754 691 816 ideo
725 754 893 815 damnastis
919 760 950 813 et
975 751 1060 812 bnnc

133 840 294 902 articulum
315 841 347 901 in
368 839 507 901 Iohanne
528 838 624 918 Huss,
645 859 686 900 ne
708 838 825 899 scilicet
847 838 955 898 liceret
974 835 1060 897 Obri-

131 930 213 986 stum
234 925 349 985 docere
362 931 395 986 et
416 922 521 984 audire
547 943 566 983 a
589 941 784 1002 quocunque,
804 921 859 982 sed
881 920 980 983 solum
1004 919 1060 982 flas

133 1015 239 1069 tanam
260 1007 368 1068 audire
389 1013 551 1088 cogeretur
564 1006 695 1067 mundus
711 1006 750 1068 ab
771 1007 868 1087 impio
891 1011 922 1065 et
937 1004 1059 1086 perdito

131 1091 302 1153 ministerio
329 1096 444 1155 vestro.
487 1089 567 1151 Hinc
587 1097 651 1167 est,
683 1089 765 1171 quod
793 1110 854 1151 non
883 1089 941 1149 nisi
965 1087 1061 1169 digna

130 1174 301 1235 ministerio
318 1176 378 1236 isto
390 1179 493 1236 vestro
506 1172 634 1254 docetis,
654 1174 857 1254 Evcngelium
869 1172 1061 1234 exstinxistis

133 1263 166 1320 et
187 1257 366 1336 damnastis,
387 1257 550 1318 mendacia
569 1265 673 1319 vestra
694 1265 726 1319 et
739 1257 914 1318 Aristotelis
930 1255 1060 1331 docetis,

133 1349 165 1429 st
185 1342 312 1423 spiritus
334 1341 469 1403 Satanae
490 1348 601 1422 regnat
620 1343 650 1402 in
664 1341 806 1404 omnibus
830 1340 912 1402 libris
934 1345 966 1401 et
988 1336 1060 1401 doc

132 1425 220 1489 uinis
242 1426 363 1488 vestris.

217 1509 319 1590 Haec,
339 1509 481 1588 iuquam,
509 1507 547 1566 de
569 1507 659 1569 vobis
681 1509 799 1589 absque
821 1507 965 1589 scrupulo
991 1525 1061 1586 pro·

132 1593 326 1669 nunciemus,
346 1593 406 1652 nisi
427 1593 637 1653 testimonium
652 1593 843 1654 adduxeritis
865 1612 883 1652 e
902 1588 1062 1671 Scriptura

132 1695 190 1757 pru
212 1684 316 1738 vestm
338 1675 517 1736 ministerio.
555 1674 615 1738 Sed
638 1675 763 1758 quando
786 1674 969 1737 adducetis?
996 1674 1061 1735 Nos

133 1759 237 1840 potius
264 1756 449 1821 adduximus
478 1759 676 1840 testimonia,
705 1759 788 1839 quod
818 1758 964 1840 quidquid
998 1777 1061 1820 non

133 1847 182 1903 est
201 1841 327 1904 verbum
351 1842 472 1923 Christi,
495 1841 628 1904 Seianae
649 1844 842 1905 mendacium
866 1845 914 1919 sit,
938 1841 1062 1903 dicente

134 1925 256 1988 Christo
278 1923 386 1990 Ioban.
409 1926 445 1990 8:
476 1924 608 2001 Quando
630 1926 824 1989 mendesium
847 1927 996 2007 loquitur,
1021 1945 1061 1987 ex

135 2011 268 2092 propriis
289 2009 432 2089 loquitur.
475 2008 587 2070 Nonne
608 2010 658 2071 hic
680 2011 795 2072 clerum
819 2017 877 2090 est,
900 2010 1060 2070 veritatem

134 2111 197 2155 non
219 2094 331 2154 nisiex
351 2092 419 2153 Deo
442 2091 501 2152 dici
510 2112 615 2173 posse,
637 2096 851 2174 etquicunque
866 2113 906 2154 ex
927 2094 1062 2175 propriis

133 2177 287 2257 loquitur,
316 2195 387 2236 eum
415 2173 608 2237 menducium
636 2179 742 2258 loqui?
785 2179 827 2240 At
860 2179 1061 2238 ministerium

133 2259 331 2340 papisticum,
353 2276 421 2320 cum
444 2259 551 2322 relicto
574 2261 669 2323 verbo
683 2263 739 2323 Dei
752 2269 782 2323 et
803 2263 929 2342 propria
950 2262 1062 2322 autori·

131 2347 195 2403 tete
229 2342 388 2422 loquatur,
417 2343 497 2404 sicut
525 2343 680 2423 videmus,
708 2365 770 2407 non
811 2350 914 2425 potest
940 2346 1062 2406 nisiex

134 2426 266 2507 propriis
295 2425 388 2507 loqui.
432 2426 531 2502 Quale
562 2428 654 2507 igitur
682 2434 729 2488 est
750 2428 978 2504 sacerdotium,
1000 2426 1063 2489 tale

135 2511 169 2570 et
189 2507 389 2588 sacrificium,
412 2509 473 2571 tale
495 2517 527 2571 et
549 2513 759 2578 ministerium.
803 2511 976 2588 Sacerdos,
999 2513 1062 2591 tex,

135 2610 231 2738 ἔξω,
260 2594 365 2655 omnia
386 2593 461 2654 nihii
483 2594 543 2655 nisi
566 2596 728 2657 mendacia
759 2596 903 2657 Satanae.
948 2594 1063 2670 Quare,

181 2676 307 2739 ristiune
328 2677 440 2753 lector,
462 2675 518 2738 tibi
541 2685 613 2740 ante
634 2680 742 2740 oculos
772 2698 855 2758 pone
876 2677 996 2738 turbam
1019 2680 1061 2738 in-

136 2757 254 2821 finitum
277 2760 359 2821 hanc
380 2759 574 2823 secerdotum
605 2770 634 2823 ct
663 2763 883 2824 monachorum
907 2781 975 2822 cum
1000 2763 1063 2822 suis

137 2841 264 2926 Missis,
294 2842 468 2923 sacrificiis,
491 2844 609 2927 legibus
633 2852 664 2906 et
687 2847 855 2924 doctrinis,
876 2845 1010 2905 cultibus
1033 2850 1064 2907 st

133 2926 285 2988 universis
297 2926 453 3007 operibus,
465 2935 496 2989 et
506 2929 625 2990 videbis
638 2949 700 2990 non
717 2930 775 2989 nisi
786 2941 910 2989 scenam
930 2936 959 2988 et
975 2929 1063 2990 theu·

134 3015 213 3070 trum
230 3009 385 3091 quoddam
400 3006 547 3092 Satanae,
569 3014 717 3094 populum
731 3014 857 3092 impium
871 3012 1064 3091 perditionis,

135 3100 167 3154 ut
178 3092 328 3170 Petrus⁸)
339 3092 487 3174 appellat,
501 3096 566 3156 irae
581 3096 638 3157 Dei
648 3097 879 3158 reservetumiu
895 3105 1063 3156 aeternum.

216 3175 399 3238 Persuasum
412 3177 543 3240 erbitror
559 3178 606 3240 his
628 3180 723 3241 tribus
736 3180 923 3260 argumentis
940 3179 1064 3241 abunde

137 3259 279 3321 omnibns
300 3260 359 3339 piis
382 3262 590 3339 conscientiis,
613 3263 819 3325 sacerdotium
835 3262 914 3322 istud
939 3263 1065 3324 missale

135 3347 167 3402 et
199 3342 383 3423 papisticum
414 3363 539 3423 prorsus
572 3345 708 3408 Satanae
736 3347 949 3427 operationem
984 3364 1065 3422 esse,

135 3423 218 3486 uude
239 3426 313 3487 satis
335 3423 467 3490 fideliter
488 3428 600 3491 erudiri
623 3432 753 3512 quisque
776 3435 888 3510 potest,
914 3449 952 3488 ne
975 3428 1064 3508 quid·

134 3526 227 3589 quam
250 3509 331 3591 apud
354 3527 410 3572 eos
430 3518 514 3573 reete
536 3516 568 3575 et
589 3515 640 3594 pie
662 3516 727 3595 geri
751 3513 872 3590 eredat,
902 3520 932 3573 et
953 3513 1065 3574 Missas

133 3591 209 3652 istas
231 3591 397 3654 sucrificies
418 3614 481 3655 non
505 3596 564 3656 nisi
587 3597 625 3658 ad
647 3598 788 3659 iniurium
811 3597 986 3657 testamenti
1010 3595 1065 3656 do·

133 3675 236 3738 minici
256 3682 404 3757 repertas.
433 3677 565 3741 Proinde
587 3680 664 3742 nihil
688 3683 719 3742 in
741 3686 808 3744 toto
832 3678 947 3741 mundo
964 3697 1064 3761 seque

208 3811 243 3901 ν)
262 3813 291 3875 2.
308 3811 384 3893 sss,
401 3816 428 3883 2,
