2392 4170
174 238 239 311 246
484 238 528 297 De
545 236 619 295 votis
636 232 797 321 monastiois

175 404 245 466 inne
267 403 397 467 oleriora
419 411 450 466 et
471 403 666 483 fidelissima,
698 407 782 465 certe
802 408 919 484 dogunt
939 399 1098 477 damnare,

176 485 322 569 quidquid
345 495 393 550 est
405 487 600 569 Regularum,
623 486 823 566 Statutorum,
845 485 1003 560 Ordinnm,
1025 483 1097 546 fleo

175 575 294 653 turum,
323 570 407 653 quod
428 572 478 634 vel
498 573 575 634 eitra
596 571 645 633 vel
666 578 788 652 praeter
828 570 878 633 vel
910 571 988 631 ultra
1010 567 1100 630 Chri·

176 661 256 716 stum
279 654 403 734 insedit,
426 657 517 718 etiam
530 658 623 737 siper
643 654 772 737 angelos
793 654 833 717 de
844 653 932 719 coelo
943 651 1101 730 traditum,

176 739 202 799 si
224 758 280 820 per
312 739 460 801 miraoula
492 741 630 820 ingentia
657 739 870 801 eonfirmatum
891 743 983 800 esset.
1026 735 1100 797 Nun

176 820 309 903 patietur
334 823 387 885 ille
413 823 504 885 aliam
523 825 603 885 viam
626 823 798 904 praesumi,
821 824 870 903 qui
894 820 985 884 dixit:
1029 820 1101 899 [iga

176 924 243 969 sum
266 907 333 988 via,
364 907 436 988 quia
459 907 518 969 hao
539 926 617 968 vooe
639 926 747 968 omnes
769 907 845 969 alias
867 907 932 965 viss
954 905 1103 984 prseteri-

176 996 233 1067 tss,
258 996 448 1072 praesentes,
469 990 584 1052 futuras
608 990 774 1071 revocavit,
797 990 930 1051 oassavit
952 994 982 1047 et
998 988 1103 1047 irritas

178 1071 259 1136 iecit.
301 1068 370 1137 Neo
391 1073 463 1136 sinit
473 1073 567 1136 elium
590 1072 697 1134 duoem
720 1079 752 1134 et
766 1073 942 1154 magistrum
962 1089 1103 1150 surgere,

179 1155 231 1235 qui
252 1155 343 1218 dixit:
385 1155 476 1218 Hune
496 1157 616 1236 audite,
649 1158 715 1218 sire
747 1156 875 1218 meliore
902 1157 968 1215 sive
990 1153 1104 1215 viliora

179 1240 305 1303 tenturit
327 1239 462 1321 trodere,
490 1239 545 1301 sed
568 1240 627 1302 hae
648 1258 728 1302 vooe
749 1239 922 1317 damnavit,
951 1235 1102 1318 quidquid

176 1327 224 1385 est
246 1322 349 1406 legum
378 1330 409 1384 et
430 1322 627 1387 traditionum
656 1332 744 1386 extra
765 1322 934 1398 Christum,
968 1322 1049 1382 siout
1069 1326 1104 1383 et

176 1403 316 1469 Christus
352 1405 426 1468 dioit
452 1407 561 1470 Iohnn.
586 1410 640 1472 10:
683 1407 814 1485 Omnes,
854 1412 1006 1487 quotquot
1028 1410 1104 1465 anto

180 1508 230 1551 me
244 1487 276 1568 ¹)
301 1497 460 1571 venerunt,
482 1490 618 1551 tatrones
641 1491 773 1551 stiores
795 1490 925 1552 fuerunt.

259 1573 309 1635 Ex
331 1572 441 1654 quibus
471 1573 502 1634 id
532 1572 686 1654 colligitur
708 1573 951 1652 evidentissime,
974 1590 1103 1653 prorsus

176 1674 239 1719 non
276 1656 370 1719 linere
403 1657 595 1719 monasticen
627 1676 757 1737 rovere,
790 1665 921 1738 suntque
947 1676 1002 1737 per
1024 1655 1104 1717 haee

177 1739 326 1801 eoelestia
348 1741 483 1802 tonitrua
504 1740 635 1821 sublata,
658 1740 813 1822 prohibita
834 1742 1023 1803 etdamnata
1036 1757 1103 1801 onr-

176 1822 227 1883 nia
248 1823 336 1884 istius
352 1824 477 1905 generis
492 1830 564 1886 vota
578 1824 778 1904 penitissime,
801 1844 871 1886 enm
882 1843 995 1906 negare
1006 1841 1101 1883 nemo

174 1906 283 1986 possit,
304 1906 337 1968 in
360 1909 531 1970 monastice
552 1906 657 1985 multa,
678 1908 740 1970 imo
763 1909 868 1970 omnia
888 1916 918 1968 et
939 1907 1040 1969 solum
1063 1925 1103 1967 ea

175 1991 291 2066 voveri,
314 2009 393 2071 quae
416 1989 669 2053 extraOhriatum
694 1997 724 2052 et
745 1992 812 2054 sine
824 1991 945 2053 Christo
969 1989 1018 2067 (id
1041 1996 1101 2069 est,

175 2073 242 2134 sine
264 2073 331 2149 via,
365 2073 432 2136 sine
454 2073 542 2150 luoe,
575 2074 642 2135 sine
663 2075 809 2153 veritate,
838 2076 904 2135 sine
925 2075 1002 2148 rita,
1033 2074 1102 2135 sine

175 2153 260 2238 Deo)
284 2162 363 2219 sunt.
409 2155 441 2217 id
464 2155 547 2237 quod
563 2157 655 2237 plene
676 2159 801 2238 ipsimet
822 2158 958 2239 gloriose
980 2165 1011 2217 et
1032 2155 1100 2218 abs-

177 2256 236 2318 que
257 2237 377 2319 pudore
398 2239 592 2318 confitentur,
615 2242 720 2320 utqui
744 2241 821 2301 tales
844 2243 918 2318 sint,
947 2241 998 2320 qui
1020 2240 1102 2302 ultra

176 2319 329 2383 Christum
353 2322 503 2402 quaedam
527 2323 638 2385 altiora
658 2333 689 2384 et
712 2325 893 2402 perfectiora
915 2325 1028 2388 vivant.
1072 2323 1101 2385 Ο

176 2405 356 2466 eaecitatem
389 2405 655 2468 inaestimabilem.
699 2407 745 2467 Sit
771 2427 845 2488 ergo
868 2407 929 2468 hoo
949 2407 1100 2487 imprimis

175 2487 310 2568 positum
343 2494 437 2570 atque
470 2488 582 2550 fixum:
627 2488 781 2569 Quidquid
821 2491 899 2551 ultre
926 2497 957 2551 et
978 2496 1102 2570 praeter

175 2569 328 2633 Christum
351 2573 416 2633 sive
427 2573 550 2653 proprie
573 2573 785 2654 praesumitur,
803 2575 868 2634 sire
884 2574 1099 2634 aSsnotorum

174 2653 325 2735 exemplis
348 2661 379 2717 et
399 2656 544 2717 institutis
566 2656 695 2735 petitur,
729 2656 790 2718 hoo
816 2657 899 2718 velut
930 2655 1099 2718 humanum

173 2737 350 2798 iamdudum
373 2737 477 2799 divina
501 2740 664 2800 autoritate
686 2739 886 2819 prohibitum,
920 2739 1099 2801 damnatum

175 2826 267 2899 atque
295 2819 452 2882 definitum
476 2827 537 2902 est,
561 2841 623 2882 non
646 2822 740 2882 lioere
761 2823 882 2900 voveri,
905 2830 936 2883 et
956 2824 986 2882 in
1010 2843 1101 2902 prae·

176 2909 298 2983 neptum
328 2906 383 2964 seu'
411 2905 618 2965 neeesssriam
640 2905 719 2965 viem
743 2905 825 2966 vitae
847 2906 954 2980 stetui,
992 2925 1052 2966 neo
1073 2907 1099 2967 si

174 2994 280 3048 votum
303 2987 402 3066 iirerit,
423 2986 544 3068 impleri
566 2994 596 3047 et
619 2988 750 3065 servari,
774 2988 828 3049 sed
852 2996 996 3068 oportere
1019 2988 1098 3049 solvi

174 3074 205 3128 et
225 3068 354 3130 liberum
382 3068 501 3132 dimitti.
545 3069 612 3132 Stat
645 3072 725 3133 euim
753 3072 867 3132 invicta
888 3070 967 3131 haee
989 3091 1100 3152 rupes:

173 3150 243 3231 Ego
268 3170 335 3213 sum
357 3153 419 3230 viu,
439 3159 470 3214 et
492 3152 592 3213 nullus
614 3153 702 3214 atius.
746 3153 899 3234 Quidquid
921 3160 1024 3215 antem
1048 3156 1100 3216 via

173 3230 252 3294 haeo
278 3253 340 3296 non
378 3235 483 3316 fuerit,
518 3253 604 3299 error
637 3243 668 3297 et
688 3235 855 3317 lubrionm,
894 3244 925 3298 et
951 3236 1100 3300 tenebrae

177 3323 256 3382 suut.

256 3398 317 3461 Sed
339 3403 370 3460 et
392 3398 423 3464 S.
444 3399 636 3477 Franoisous,
657 3402 705 3463 vir
725 3401 914 3463 admirabilis
937 3409 967 3463 et
989 3402 1100 3482 spiritu

175 3479 434 3561 ferventissimus,
467 3482 693 3564 sapientissime
715 3485 807 3565 dixit,
840 3485 977 3566 regulam
1008 3505 1097 3546 suam

172 3582 243 3626 esse
264 3563 467 3646 Evangelium
489 3564 558 3627 lesu
580 3565 700 3630 Christi.
751 3568 794 3629 At
813 3567 1017 3649 Evangetium
1048 3588 1097 3633 ou·

244 3735 278 3809 1)
297 3732 329 3793 1¹¹
347 3732 391 3793 td·
408 3733 502 3815 priora
519 3735 620 3801 desum
637 3737 735 3801 verbor
754 3742 819 3796 ants
837 3752 890 3798 ms.
