2392 4170
458 253 541 313 Doct
559 256 638 313 Mart.
657 255 735 312 Luth.
998 255 1062 323 415

223 427 405 493 Pudesoitne
428 429 602 512 mairona,
634 428 780 508 Haurioe,
818 448 879 490 oon
901 429 962 490 iam
996 447 1062 510 rex,

139 510 195 571 sed
219 511 387 593 sacrilegus
409 513 487 573 latro
510 514 539 573 in
563 513 664 574 divina
687 518 719 572 et
740 518 849 575 sancta
871 513 1060 574 verbaChri·

138 593 201 655 eti‘?
243 594 385 656 Nondum
419 597 535 656 nudatis
567 596 710 656 virulenti
741 595 925 675 Sophistae?
979 595 1060 657 Ecce

139 696 231 756 qnam
255 680 335 738 iacet
367 681 460 739 miser
480 678 629 739 Lutherus
651 678 843 758 prostratus?
887 679 949 738 Vos
973 680 1060 740 mise·

138 760 250 820 rabiles
272 763 368 823 trunci
416 764 461 822 sic
492 763 565 822 cetis
586 763 616 822 in
638 760 801 842 reprobum
824 779 947 821 sensum
970 764 1061 842 versi,

139 848 172 902 ut
194 843 263 903 hoc¹
276 845 445 925 principale
466 844 559 905 robur
580 843 737 906 affirmetis
757 843 846 903 huius
859 843 935 923 regii
957 845 1064 924 libelli,
1178 879 1184 884 ·

137 925 220 1005 quod
253 927 321 1006 ipsa
358 947 435 989 saxa
457 928 609 1006 clamant,
636 946 705 988 esse
737 945 886 987 summam
920 927 1060 1008 blasphe·

136 1028 238 1071 ruram.

219 1091 344 1173 Fingcm
367 1093 417 1153 hic
438 1094 555 1173 aliquot
578 1111 693 1174 genera
714 1092 876 1153 stultorum
900 1093 947 1153 vel
968 1094 1060 1156 furio·
1141 1155 1144 1162 ,

136 1194 250 1255 sorum,
272 1183 307 1236 ut
327 1176 443 1256 Regem
477 1195 578 1237 meum
607 1177 669 1236 suis
689 1176 809 1256 plenius
832 1176 955 1257 pingam
977 1177 1059 1240 colo·

136 1256 228 1317 ribos.
272 1258 392 1338 Siquis
423 1261 467 1318 sic
490 1260 675 1339 disputaret,
699 1265 732 1319 ut
753 1261 938 1320 contrarium
962 1259 1060 1340 Scrip-

136 1350 222 1401 turae
244 1341 309 1401 fieri
332 1342 486 1422 probaret,
509 1343 580 1403 ideo
602 1342 789 1422 Scriptorum
812 1341 923 1403 debere
941 1343 1061 1421 cedere,

135 1431 168 1483 ut
191 1423 369 1485 adulterium
392 1423 435 1502 fit,
459 1443 532 1505 ergo
556 1425 607 1501 lex
636 1425 800 1504 prohibens
816 1424 996 1486 adulterium
1014 1437 1059 1486 eat

135 1507 299 1568 haeretica.
344 1507 444 1568 Credo
476 1507 558 1568 hunc
580 1509 672 1568 etiam
701 1527 770 1569 meo
794 1509 886 1588 Regi,
920 1509 1059 1588 quamvis

139 1592 179 1650 sit
200 1591 429 1669 furiosissimus,
451 1590 596 1652 furiosum
612 1591 716 1655 videri.
758 1588 800 1652 At
821 1597 937 1670 quanto
960 1601 1062 1653 lamen

135 1673 186 1733 hic
208 1675 377 1754 sapientius
401 1674 587 1754 disputaret,
619 1693 710 1753 quam
733 1674 782 1734 hic
804 1693 889 1734 meus
912 1674 1061 1736 Henrious

134 1756 295 1835 disputat?
330 1759 356 1817 si
389 1757 510 1836 quidem
547 1759 573 1817 si
607 1757 732 1818 omuino
761 1764 808 1816 est
828 1756 983 1837 Scriptura
1004 1777 1060 1838 per

132 1839 246 1900 factum
272 1839 398 1920 aliquod
419 1841 608 1920 abroganda,
631 1839 715 1900 nullo
739 1840 847 1900 melius
869 1860 962 1920 quam
984 1860 1058 1902 con·

133 1923 225 1983 traria
249 1921 331 1984 facto
354 1924 528 2005 abrogatur.

217 2006 258 2065 At
278 2025 364 2067 meus
386 2007 472 2084 Rex,
506 2013 540 2067 ut
561 2012 686 2085 superet
708 2024 830 2067 omnem
852 2005 971 2080 iuriam,
992 2026 1061 2087 pro·

134 2088 187 2148 bat
209 2089 290 2150 facto
313 2091 519 2171 impertinenti
542 2089 728 2169 scripturam
755 2089 965 2169 abrogandam
982 2109 1062 2151 esse.

132 2168 213 2232 Nam
238 2173 360 2232 misceri
380 2193 492 2252 aquam
514 2174 603 2250 vino,
636 2172 732 2234 nihilo
749 2172 778 2252 ¹)
819 2173 917 2252 magis
941 2181 1059 2234 contra·

135 2253 229 2312 riatur
250 2256 369 2332 utrique
386 2258 463 2334 parti
487 2256 773 2336 sacramentorum,
797 2274 888 2336 quam
912 2257 1059 2318 creationi

136 2342 190 2394 aut
201 2337 353 2396 nativitati
365 2336 485 2399 Christi.
508 2336 541 2400 Si
554 2358 628 2418 crgo
642 2347 725 2400 recte
736 2341 838 2418 arguit
848 2339 931 2400 Rex:
946 2337 1057 2402 Vinum

132 2436 213 2498 aqua
227 2418 370 2479 miscetur
381 2421 446 2479 sine
458 2418 623 2500 Scriptura,
645 2440 719 2500 ergo
735 2420 892 2498 Scriptura
909 2430 955 2482 est
973 2422 1059 2484 dese·

132 2501 230 2562 renda
243 2501 281 2562 de
295 2520 355 2562 una
366 2509 453 2581 parte
462 2501 664 2581 Sacrameuti,
677 2502 891 2563 valebitetiam
903 2507 1058 2586 istecyllo·

134 2586 267 2664 giemus:
309 2585 420 2645 Vinum
444 2587 588 2644 miscetur
609 2603 690 2664 aqna
710 2586 777 2646 siue
798 2585 971 2667 Scripturis,
984 2608 1058 2668 ergo

135 2667 290 2748 Scriptura
302 2667 340 2728 de
353 2669 520 2747 creatione,
543 2668 581 2728 de
597 2669 758 2729 nativitate
769 2667 880 2729 Ohristi
897 2677 945 2730 est
966 2671 1057 2732 abro-

133 2751 245 2831 ganda.
288 2751 390 2812 Donet
417 2770 572 2832 argones
596 2751 665 2812 Rex
685 2751 855 2832 gloriosus,
886 2751 1057 2833 Scripturas

133 2843 163 2894 et
188 2834 312 2894 verbum
336 2835 394 2896 Dei
418 2833 526 2896 tollere
548 2833 670 2915 debere,
693 2853 755 2895 non
769 2834 863 2896 modo
876 2836 1058 2915 perfectum

134 2916 416 2997 contrarium,scd
440 2924 471 2979 et
491 2937 548 2998 per
567 2918 777 2998 impertinens,
801 2925 832 2979 et
854 2920 911 2978 nisi
936 2920 963 2980 ei
986 2939 1056 2981 con·
1103 2992 1105 2998 ,

133 3003 312 3077 sentiamus,
333 3001 418 3063 solus
440 3000 504 3061 vult
526 3020 595 3061 essa
608 3001 807 3085 Christianus,
829 3003 891 3063 imo
915 3002 1058 3064 defensor
1151 3021 1152 3024 ’

132 3090 165 3142 et
192 3091 328 3145 assertor
357 3084 523 3162 ecclesiae,
561 3103 618 3145 nos
650 3103 758 3146 omncs
788 3086 970 3147 haereticos.
1020 3088 1059 3149 ut

132 3166 212 3226 hanc
234 3166 355 3246 quidem
392 3168 563 3229 mercedem
587 3170 698 3229 erroris
719 3170 783 3249 sui,
811 3171 891 3229 sicut
912 3173 1057 3250 oportuit,

136 3249 205 3310 Rex
228 3270 313 3310 meus
335 3254 450 3331 recepit
471 3253 502 3313 in
525 3254 625 3312 semet
644 3251 723 3331 ipso.

217 3331 277 3393 sed
300 3341 331 3392 et
353 3334 444 3394 alium
469 3335 582 3415 fingam
605 3334 749 3395 stultum:
793 3334 824 3396 si
848 3337 915 3414 quio
932 3346 1057 3398 conteu-

133 3415 228 3494 deret,
251 3435 343 3476 unum
367 3417 499 3497 aliquem
517 3418 625 3478 -looum
641 3415 817 3497 Scripturae
839 3437 908 3480 ease
930 3420 1057 3482 hacreti-

132 3517 213 3578 cum,
237 3498 407 3577 quisalius
434 3500 571 3561 eiusdem
593 3499 767 3580 Scripturae
793 3500 881 3561 locus
907 3503 1058 3582 produce·

131 3587 225 3658 retur,
247 3582 320 3643 nihil
343 3602 502 3662 pugnans,
529 3583 584 3644 sad
612 3584 825 3646 tantummodo
846 3585 1056 3670 impertinens,

206 3763 238 3834 1)
259 3763 290 3819 ln
310 3763 353 3822 ed.
373 3764 455 3838 orig.:
475 3763 552 3823 nihil.
