2392 4170
178 238 243 313 468
491 240 599 302 -Brave
616 238 758 315 quoddam
814 330 818 337 Ι

179 420 273 501 pisse,
295 424 329 480 nt
349 423 527 499 oontempta
547 415 741 499 annonas)
764 414 907 479 doetrina
927 436 968 480 an
988 425 1107 483 saum

179 522 248 564 rum
269 502 392 564 Petrum
419 500 643 579 traditionibus,
674 519 733 562 neo
753 518 817 563 non
839 502 934 563 totius
956 503 1106 566 eooiesiaa

180 584 353 648 nathoiioae
374 584 481 647 ritibus
500 587 621 666 spretis,
642 584 847 664 omnibusque
882 585 984 647 solitis
1000 587 1034 647 in
1053 586 1107 649 dn·

181 668 263 731 bium
284 670 438 730 revooatis
462 670 530 749 ipse
552 668 712 750 oomplnra
732 685 817 729 nova
837 674 931 749 atqua
951 673 1105 733 sonum·

181 752 345 833 dogmata,
381 750 586 835 novasquab)
621 752 764 813 haereses
790 769 854 813 nou
876 761 940 813 tam
968 753 1104 816 introdu-

180 852 260 917 oere,
275 853 366 916 quam
384 842 505 897 reterns
520 842 681 916 renovare,
702 834 999 916 fundamentumque
1012 836 1104 918 aliud,
1180 874 1184 901 t

180 936 272 999 quam
294 919 429 1000 positum
452 924 515 998 ast,
536 936 669 1000 ponere,
692 918 846 999 aliamque
865 917 980 1000 fldem,
1012 937 1102 1000 quam
1179 916 1183 993 J

179 1001 286 1066 Patres
308 1001 446 1082 nostrie)
469 1008 642 1080 tennerunt,
665 1000 779 1063 dooere
799 1020 861 1063 nou
883 1003 923 1063 sit
944 1005 1073 1068 veritus.

263 1083 359 1161 Quasi
380 1085 465 1147 solus
486 1086 554 1165 ipse
575 1084 819 1166 Spiritu,senoto
837 1083 962 1148 afflatus
995 1087 1102 1150 verita

180 1176 241 1229 tam
270 1170 481 1249 evangalioam
515 1187 598 1229 nuno
626 1167 749 1230 demum
771 1169 802 1229 in
832 1167 895 1230 dna
925 1170 1100 1233 saeuiornm
1175 1222 1179 1249 ,

180 1253 380 1333 perspexerit,
402 1270 440 1312 ao
461 1251 568 1314 Patren
591 1255 684 1313 rastri
707 1259 737 1314 et
758 1270 856 1333 prope
876 1257 945 1314 tota
966 1251 1101 1317 fidelium
1175 1256 1178 1281 ²

180 1337 398 1416 oongregatio,
433 1337 486 1417 qni
512 1335 592 1397 hano
612 1334 735 1398 Lutberi
767 1333 859 1398 fldem
891 1338 1057 1400 neaoivere
1074 1346 1102 1399 at

179 1436 237 1499 pro
258 1417 320 1480 fida
343 1420 505 1497 contraria,
527 1418 558 1479 id
570 1416 633 1499 sat,
653 1418 817 1500 nathoiioa,
838 1436 933 1498 qnam
950 1428 1099 1501 tenemus,
1173 1474 1176 1505 ἰ

179 1502 271 1565 etiam
295 1502 451 1581 usquead
485 1500 663 1578 mortemd)
694 1500 842 1564 dimioare
872 1505 978 1583 parati
1006 1512 1100 1582 arant,
1172 1508 1175 1577 j

179 1593 225 1646 tot
255 1587 317 1645 iam
345 1585 456 1647 seouiis
490 1587 522 1647 iu
551 1584 717 1648 damnabili
755 1603 858 1647 errore
895 1604 936 1648 an
968 1589 1099 1651 tenebris
1171 1582 1175 1601 ¹

178 1670 371 1750 ignorantias
392 1670 550 1733 innuerint.
586 1665 726 1731 Miranda
747 1675 830 1730 uerte
850 1687 899 1731 res
915 1679 976 1752 est,
998 1672 1032 1734 in
1049 1689 1099 1734 nor

178 1751 312 1813 hominis
331 1752 413 1813 illius
434 1752 515 1814 hano
535 1754 824 1833 praesumptionem,
839 1752 1014 1816 meandere
1045 1773 1097 1837 po·
1170 1750 1173 1783 ³

180 1837 290 1916 tuisse,
323 1843 356 1896 ut
386 1836 473 1898 solus
496 1833 566 1917 ipsa
588 1836 647 1898 sibi
668 1836 737 1917 plus
773 1833 914 1899 omuibus
949 1838 1097 1900 aeolesiae

179 1917 364 1981 [tautonibus
404 1920 581 1999 sanatisque
622 1918 761 1983 Patribus
796 1926 828 1982 et
860 1925 928 1982 toto
964 1919 1096 1988 fidelium

177 2014 269 2065 ooetu
290 2022 400 2086 sapere
421 2002 582 2069 videratur.
704 2052 707 2057 ,
777 2056 780 2061 .

261 2086 321 2149 een
345 2086 440 2148 multo
462 2087 571 2149 maiori
592 2085 795 2147 admiratione
821 2084 949 2167 dignum
980 2094 1095 2170 reputa

178 2190 255 2246 mus,
277 2168 406 2230 eundem
420 2169 593 2252 Lutherum,
616 2178 779 2250 postquam
798 2171 829 2230 in
844 2170 905 2231 hoo
921 2170 1093 2233 barathrum

175 2251 338 2333 superbiae
362 2253 451 2328 (Deo
474 2263 598 2335 propter
619 2262 748 2333 peooata
783 2272 838 2313 sua
874 2258 970 2334 atque
1008 2258 1092 2317 etiam

175 2344 280 2398 nostra
308 2336 521 2418 permittente)
557 2338 775 2417 praecipitatus
809 2342 871 2416 est,
904 2337 938 2399 iu
972 2341 1093 2400 natione

175 2426 281 2481 nostra
301 2421 488 2500 germanion,
509 2438 588 2499 quae
609 2420 649 2481 ab
670 2420 768 2501 initio,
790 2438 830 2480 ex
850 2436 913 2499 quo
936 2420 977 2481 ad
992 2422 1089 2484 Domi·

175 2524 247 2565 uum
266 2506 298 2582 e)
324 2521 477 2564 conversa
496 2504 567 2582 init,
595 2522 716 2584 semper
741 2502 977 2583 religiosissima
998 2513 1030 2567 et
1051 2523 1092 2566 aa·
1178 2536 1181 2543 ·

174 2587 309 2649 tholiuae
330 2585 401 2646 fidei
432 2588 647 2665 tenacissima,
679 2604 738 2647 neo
768 2603 829 2647 non
863 2587 990 2667 pietatis
1025 2606 1093 2669 erga

175 2671 272 2732 Deum
299 2678 331 2731 et
356 2670 491 2732 ueritatis
519 2672 715 2751 iustitiaeque
742 2688 816 2750 erga
853 2673 1018 2750 proximos
1039 2674 1092 2732 sin·
1163 2724 1170 2735 .

174 2755 334 2816 uerissima
355 2753 466 2813 oultrix
488 2753 560 2831 fuit,
590 2773 652 2815 uon
676 2773 767 2813 uuum
790 2771 849 2813 neo
869 2771 1009 2834 pauoos,
1043 2752 1093 2816 sed

177 2837 369 2917 (quodsum
397 2856 511 2917 magno
544 2838 645 2899 sordis
679 2834 788 2898 dolore
821 2836 967 2919 dioimus)
998 2856 1093 2920 propa

172 2921 350 2982 innumeros
381 2920 522 2982 homines
559 2922 715 3000 utriusque
747 2937 840 2980 sexus
871 2920 1013 2982 iuvenire
1045 2939 1093 3003 po

174 3005 284 3085 tuisse,
308 3004 359 3084 qui
381 3005 447 3064 eius
469 3003 668 3065 stolidissima
696 3021 756 3063 neo
777 3004 876 3064 minus
897 3005 1094 3083 pernioiosis·

173 3090 251 3148 sima
274 3088 435 3167 dogmata,
463 3106 542 3167 qnae
565 3088 696 3150 antehae
717 3105 810 3167 saepe
832 3104 901 3147 oum
925 3089 989 3149 suis
1012 3095 1095 3150 auto

172 3169 255 3232 ribus
282 3170 321 3231 ab
351 3169 525 3255 ecelesias)
549 3172 693 3233 damnata
722 3176 859 3251 nonstat,
892 3188 958 3232 nou
997 3173 1094 3234 solum

171 3255 323 3396 patienter
345 3253 461 3335 audire,
484 3257 701 3316 verumetiam
726 3254 853 3314 iibenter
875 3254 1095 3335 ampleotivai·

183 3341 237 3398 ent
258 3343 289 3398 et
310 3336 393 3418 quod
417 3339 548 3420 amplius
570 3346 627 3420 ast,
650 3338 846 3420 pertinaoiter
872 3337 966 3399 etiam
1005 3340 1094 3401 armis

175 3480 343 3490 ’κη-ψ.

242 3548 275 3617 a)
297 3547 400 3604 Vitium
418 3555 463 3606 est
480 3549 638 3620 seriptoris,
666 3547 817 3619 catholiea,
840 3562 893 3621 pro
912 3551 1092 3610 oauouistiua

170 3616 204 3689 b)
223 3619 393 3691 Metatbesis,
411 3637 462 3691 pro
481 3637 537 3677 non
554 3627 612 3678 tam
630 3637 727 3679 novas.
764 3625 790 3691 ο)
810 3622 853 3680 De
874 3624 979 3693 quibus
990 3626 1096 3692 dieitur.

168 3692 267 3751 Patres
286 3693 371 3748 vestri
388 3694 593 3765 dereliquerunt
610 3710 662 3752 me.
698 3695 731 3762 d)
743 3694 837 3767 Usque
855 3697 895 3752 ad
906 3707 1036 3770 mortam,
1053 3715 1094 3756 ex·

169 3764 283 3828 siusive.
320 3767 352 3840 s)
373 3766 402 3826 8.
422 3768 534 3839 Papam.
571 3769 597 3839 f)
618 3768 646 3826 S.
662 3766 765 3840 Papae.
