2392 4170
177 249 241 316 Μ)
457 251 624 307 ·Gontutatio
642 252 833 306 Lutuera'ausi-

179 408 212 466 in
243 405 352 486 quibus
386 414 525 486 opertum
565 417 612 467 est
652 407 856 487 Evangeiium
888 407 1008 488 gloriae
1034 403 1107 483 uu,

181 491 390 571 eaptivitatem
413 498 554 572 ¹nostram
583 493 675 551 etiam
702 492 856 551 rideamus
878 498 910 552 et
929 490 1104 571 palpemus.

263 573 330 634 Neo
348 574 417 634 leve
437 581 512 655 puta
525 575 725 634 ministerium
738 583 833 652 tuum,
845 576 872 635 si
892 576 982 635 iuxta
1002 590 1107 655 papae

180 666 381 718 excrementa
389 676 546 719 venenosa
557 668 587 717 et
600 659 811 718 insanissimas
821 659 958 720 insanias
969 659 1106 717 satutare

182 740 373 800 etvivifioum
381 740 584 821 Evangelinm
594 741 935 821 Christieomposueris,
957 741 1105 800 utineam

181 830 231 884 tna
263 823 376 884 habeat
408 824 579 885 antidotum
613 824 760 885 adversus
791 826 852 885 hoo
884 829 982 902 virus,
1017 824 1105 885 auius

181 906 260 968 odor
278 908 371 968 etiam
394 907 508 968 oooidit
528 908 696 988 hominem,
717 907 818 969 donee
839 907 939 969 diseat
958 926 1015 988 per
1035 924 1105 967 sese

181 989 348 1070 reprobare
386 991 499 1050 maium
533 1001 563 1051 et
595 992 709 1071 eligere
741 991 867 1053 bonum.
910 994 938 1052 Is
960 989 1015 1052 tibi
1036 998 1104 1051 estu

181 1072 415 1134 oommeudatus
443 1075 603 1135 Emanuei.
646 1075 829 1136 Consortare
859 1076 952 1154 igitur
983 1083 1016 1134 et
1036 1081 1105 1135 aeto

182 1157 337 1238 robustus,
358 1165 390 1218 et
411 1157 610 1238 Beelphegor
637 1161 727 1219 istum
751 1179 789 1218 ne
811 1166 941 1238 metuas,
961 1176 1033 1217 eum
1052 1157 1106 1217 vix

182 1243 222 1300 sit
242 1240 429 1318 Beelzebub,
450 1241 511 1302 hoo
532 1250 590 1318 est,
608 1242 653 1300 vir
675 1261 816 1321 muscae,
839 1243 863 1301 ai
886 1241 1039 1302 oredimus
1058 1247 1104 1301 tn

183 1343 269 1402 men,
306 1326 451 1404 quoniam
486 1325 571 1384 lesus
601 1325 739 1385 Christus
770 1336 818 1385 est
840 1326 990 1386 Dominus
1014 1325 1105 1384 bena

181 1406 281 1468 dietus
296 1408 327 1467 in
349 1409 464 1485 aeonia,
486 1409 597 1488 Arnen,
619 1411 723 1487 quite
745 1421 775 1469 et
797 1408 994 1470 ecolesioiam
1016 1422 1103 1468 suam

177 1490 266 1570 apud
287 1511 344 1552 vos
365 1491 505 1571 perficiat
525 1492 773 1571 consolidatque:
809 1494 923 1572 inquo
946 1491 1025 1552 vale.
1065 1489 1103 1551 ln

137 1645 142 1659 Ι
181 1573 253 1634 loeo
275 1576 529 1655 peregrinationis
551 1593 649 1653 meae,
671 1576 792 1637 Oetaea
810 1575 886 1636 Iunii
907 1576 947 1638 Μ.
968 1575 1006 1636 D.
1025 1573 1105 1635 XXI.

370 1774 424 1835 Ad
447 1776 734 1857 praefationem
758 1777 916 1839 Latomi.

267 1903 400 1965 Primum
440 1906 617 1965 eriminatur
649 1905 806 1983 Latomus
839 1924 889 1966 me
920 1904 1106 1964 verbotenus

184 2005 254 2047 mea
273 1988 452 2049 submisisse
486 2008 588 2070 papae
608 1988 646 2049 ab
675 1990 777 2067 initio,
809 1988 870 2049 hoo
903 1988 1025 2069 quidem
1048 2004 1106 2068 pro

182 2071 351 2165 sophistica
372 2070 485 2131 fiduoia
504 2071 601 2151 tingit.
646 2073 714 2152 Ego
737 2091 810 2132 vero
834 2072 943 2150 doleo,
966 2091 1015 2132 rue
1041 2080 1104 2131 tam

180 2155 262 2215 serio
285 2153 472 2215 submisisse.
515 2154 564 2213 Ex
586 2157 689 2216 auimo
712 2158 792 2215 enim
822 2156 896 2216 nihii
928 2155 1010 2217 aliud
1039 2161 1105 2214 tum

181 2237 321 2297 aeneide
342 2256 434 2318 papa,
455 2239 604 2318 consiliis,
628 2239 890 2317 Universitatibus‚
912 2259 1003 2319 quam
1022 2239 1106 2318 quod

181 2321 274 2400 vulgo
297 2321 433 2384 audiunt.
477 2321 661 2402 Quanquam
684 2325 765 2383 enirn
785 2325 880 2383 multa
902 2325 975 2383 mibi
997 2341 1105 2382 eorum

182 2402 314 2465 absurda
335 2404 509 2466 viderentur
531 2414 562 2466 et
584 2427 603 2466 a
626 2406 747 2467 Christo
769 2408 972 2482 alienissima,
1017 2405 1107 2466 infra-

182 2488 256 2547 navi
276 2495 379 2549 tamen
403 2491 607 2569 cogitationes
640 2509 725 2550 meas
748 2491 826 2550 ultra
848 2491 1029 2550 decennium
1050 2489 1106 2550 iiio

182 2570 372 2633 Salomonis:
411 2572 458 2632 Ne
487 2575 626 2634 innitaris
658 2575 839 2653 prudentiae
874 2585 960 2652 tuae,
983 2590 1107 2669 sempor

181 2655 363 2716 arbitratus'
355 2677 386 2716 ιιι
400 2656 577 2717 Aoademiis
589 2657 684 2717 latere
699 2658 870 2753 theologos,
895 2660 968 2753 qui‚.
971 2658 996 2715 si
1011 2657 1107 2735 impia

181 2738 261 2800 haee
288 2748 406 2820 essent,
429 2759 492 2800 non
513 2741 653 2818 silerent,
675 2749 738 2801 tum
761 2744 812 2800 vix
835 2742 907 2801 aiibi
930 2743 1028 2801 minus
1050 2758 1108 2819 pu·

182 2821 285 2884 tabam
311 2843 381 2884 esse
402 2830 465 2883 tam
487 2843 608 2885 crassos
630 2826 748 2905 stipites
762 2835 792 2884 et
814 2828 928 2902 asinos,
950 2842 1032 2884 nuno
1052 2842 1107 2883 an·

183 2912 244 2967 tem
266 2916 299 2967 et
321 2908 436 2984 malos,
460 2925 552 2986 quam
573 2909 708 2969 Lovanii.

229 2985 243 3017 ⁸
266 2990 370 3051 Crevit
390 3001 492 3050 autem
514 2993 594 3052 intra
615 3010 740 3052 oausam
771 3000 804 3052 ut
829 3012 929 3051 rerum
958 2989 1108 3085 cognitio,

182 3075 278 3134 itaet
299 3076 429 3153 animus,
451 3095 520 3135 oum
543 3076 586 3135 illi
608 3095 695 3136 suam
717 3079 867 3136 inscitiam
892 3086 922 3135 et
937 3073 1107 3169 nequitiam

183 3158 213 3216 in
237 3157 297 3217 hoo
318 3159 438 3239 signum
461 3159 712 3220 contradiotionis
737 3160 966 3233 offendentes¹)
981 3157 1108 3235 egregia

183 3240 358 3320 proderent.
401 3242 485 3318 Quas
520 3245 577 3303 uini
614 3251 675 3303 tam
703 3246 829 3303 immani
856 3245 948 3323 eopia
974 3240 1108 3300 revelas·

183 3333 253 3385 sent
270 3333 301 3386 et
321 3327 465 3387 simulare
488 3328 568 3388 ultra
594 3329 777 3407 potuissent,
806 3339 887 3387 oerte
910 3345 958 3385 me
979 3323 1106 3383 stultum

183 3409 214 3468 in
237 3408 328 3471 finem
352 3430 449 3490 usque
477 3411 725 3472 dementassent.·
759 3411 881 3471 Gratias
913 3416 1014 3470 autem
1043 3425 1107 3487 ago

184 3492 316 3556 Domino
339 3513 409 3556 meo
431 3495 501 3555 Iesu
523 3496 661 3572 Christo,
691 3496 741 3574 qui
771 3513 827 3575 pro
857 3495 916 3554 hae
936 3493 1108 3553 tentatione

241 3764 270 3833 l)
290 3765 321 3817 ln
340 3764 383 3820 ed.
400 3762 480 3819 Jen.:
503 3764 691 3820 ostendentes.
