2392 4170
346 237 492 299 Ambrosii
512 238 621 301 Oathar.
642 255 666 294 c
687 237 765 299 1521.
967 233 1031 314 331

106 415 178 465 eum
202 400 294 461 vocet
315 393 470 461 hominem
494 395 632 476 peccati,
661 400 692 456 et
720 395 813 456 tilium
843 392 1032 473 perditionis,

106 479 171 542 hnc
193 486 248 552 est,
267 475 479 559 legislatorem
502 478 691 540 arbitrarium
715 488 745 541 ct
767 478 980 558 impiissimum
1001 478 1032 541 in

108 561 210 634 rebus,
234 581 313 640 quae
336 561 448 623 liberae
471 562 570 623 fectae
593 568 664 622 sunt
684 582 740 642 per
762 559 915 625 Christum
939 563 1034 627 onni-

107 646 165 707 bus
193 643 341 705 fidelibus.
398 644 576 706 Damnabor
607 643 656 707 hic
684 665 703 706 a
732 645 921 708 sanctissimi
954 644 1033 711 illins

106 727 307 803 satellitibus,
341 735 371 788 et
400 728 561 790 Voldensis
594 749 632 789 eo
667 730 856 811 Viglephista
888 727 1033 790 vocabor.

108 810 170 874 sed
193 810 302 872 Daniel
326 830 374 869 me
397 811 514 872 solatur
535 812 639 872 dicens
661 814 692 872 in
714 813 796 874 hunc
813 812 1034 888 antichristum,

108 896 217 975 Capite
242 896 293 958 12:
318 894 415 955 Deum
429 895 558 956 Mennim
577 897 736 956 structuris
754 897 816 958 suis
830 893 1034 964 venerabitur,

30 1018 35 1024 -
108 983 141 1040 et
161 979 271 1052 Deum,
294 997 383 1057 quem
406 979 626 1055 ignoraverunt
647 979 751 1040 Patres
774 982 834 1056 sui,
856 979 938 1040 colet
959 997 1034 1041 euro

108 1069 141 1122 et
161 1068 306 1141 argento,
337 1068 367 1120 et
394 1061 496 1140 lapids
519 1063 672 1141 pretioso,
707 1070 737 1123 et
768 1063 860 1124 rebus
882 1063 1034 1142 pretiosis.

108 1145 150 1205 Et
170 1145 269 1220 faciet,
294 1150 324 1203 nt
348 1145 605 1205 muniatMaonim
629 1165 699 1205 cum
719 1147 786 1207 Deo
809 1146 920 1223 alieno,
944 1164 1034 1224 quom

108 1247 171 1292 non
194 1227 355 1307 coguovit,
378 1234 409 1288 et
430 1228 643 1309 multiplicabit
664 1229 808 1308 gloriam,
832 1236 861 1288 et
884 1226 968 1288 dabit
989 1229 1034 1289 eis

109 1317 294 1390 potestatem
324 1311 353 1371 in
385 1309 501 1385 multis,
536 1320 566 1371 et
599 1318 709 1372 terram
743 1312 858 1372 diridet
891 1313 1034 1389 gratuite.

109 1394 227 1457 Sufficit
249 1392 323 1454 mihi
352 1411 461 1471 nosse,
493 1393 572 1454 haec
601 1396 703 1455 omnio
731 1395 829 1456 libera
856 1413 941 1473 esse,
972 1413 1034 1456 non

109 1478 284 1539 necessaria
305 1475 344 1536 ad
367 1475 512 1555 salntem,
540 1478 611 1539 ideo
639 1477 850 1538 crudelissima
878 1478 1036 1557 impietate

110 1568 142 1620 et
170 1560 265 1620 solius
294 1559 462 1620 antichristi
498 1561 659 1639 tyrannide
685 1562 715 1620 in
742 1567 908 1640 praecepta
931 1577 1035 1620 neces

110 1645 191 1704 soria
213 1648 266 1703 aut
294 1642 378 1703 utilia
400 1642 513 1720 redigi,
546 1663 607 1722 quo
640 1644 877 1723 multiplicentur
906 1648 1035 1722 peccata

111 1736 142 1786 et
163 1724 360 1806 perditiones.
403 1725 509 1785 Facies
523 1727 603 1785 enim
617 1732 699 1799 sunt,
721 1745 783 1786 non
798 1746 909 1806 corpus
924 1728 1035 1806 ipsum.

194 1807 361 1888 Septimum
402 1809 511 1868 faciem
550 1809 706 1888 appellare
739 1809 825 1889 licet,
860 1810 1034 1869 universum

109 1892 194 1952 illurn
217 1890 346 1952 abusum
368 1891 479 1951 Missae
502 1911 571 1951 oum
592 1891 771 1952 solennibus
793 1893 872 1971 suis,
899 1911 968 1952 curn
993 1893 1032 1954 vi·

109 1976 207 2053 giliis,
237 1993 306 2033 cum
330 1975 559 2048 anniversariis,
587 1975 831 2050 fundationibus,
861 1974 1035 2055 sepulturis,

111 2066 142 2119 et
165 2065 262 2118 totum
285 2058 442 2135 negotium
467 2076 523 2136 pro
546 2057 694 2119 defunctis
713 2057 910 2120 celebratum.
955 2056 1036 2131 Quid

111 2143 191 2201 enim
215 2141 265 2199 hic
292 2139 349 2198 nisi
380 2139 473 2200 facies
503 2148 549 2200 est
578 2143 715 2221 pietatis,
746 2141 894 2221 populum
927 2139 1034 2201 fallens

111 2231 142 2283 st
172 2221 363 2301 deglubens?
406 2222 474 2282 Non
508 2224 587 2283 eninr
623 2225 694 2285 ideo
728 2225 852 2284 Missam
886 2222 1034 2284 habemus

110 2305 212 2383 hodic,
235 2312 266 2367 ut
289 2306 506 2384 participemus
529 2306 566 2366 ds
589 2306 685 2377 altari,
709 2315 739 2367 et
760 2307 960 2385 Evangelium
984 2325 1034 2376 su*

111 2388 246 2462 diamus,
277 2385 336 2446 hoo
360 2394 406 2447 est
428 2391 508 2448 enim
531 2408 638 2450 revera
660 2390 783 2451 Missam
807 2389 929 2451 habere.
973 2387 1034 2450 seo

51 2472 54 2481 ’
112 2470 194 2531 velut
219 2471 332 2532 bonurn
357 2489 435 2550 opus
452 2470 697 2551 multiplicamus,
719 2480 749 2532 et
772 2474 832 2535 iam
855 2473 953 2552 magis
977 2490 1033 2550 pro

112 2555 255 2628 mortuis,
284 2572 374 2632 quarn
402 2573 459 2631 pro
482 2554 558 2614 vivis
582 2574 619 2614 sa
640 2556 766 2630 utimur,
788 2557 846 2615 nisi
869 2554 951 2632 quod
973 2555 1034 2614 vivi

110 2636 272 2697 sacrificuli
295 2636 356 2696 hoo
378 2637 480 2697 officio
495 2638 607 2696 victum
620 2637 828 2698 foedissimum
845 2636 901 2697 sibi
917 2643 1034 2714 parant

111 2716 252 2797 Denique
273 2720 360 2797 quasi
384 2720 478 2780 Misso
506 2719 544 2778 ad
573 2721 821 2781 communionem
850 2719 924 2780 nihil
947 2720 1035 2797 perti·

111 2809 199 2875 neat,
232 2801 462 2863 Sacramentum
493 2803 621 2863 seorsim
644 2810 731 2863 extra
754 2803 876 2863 Missam
912 2807 1035 2864 servent

109 2886 139 2945 in
163 2905 250 2945 usum
273 2882 472 2960 infirmorum,
495 2903 533 2944 ac
544 2886 675 2964 egregiis
688 2886 897 2946 Monstrentiie
909 2885 1034 2944 circum·

111 2969 211 3029 lerunt
233 2967 315 3026 velut
336 2967 569 3028 ostentaculum.
613 2966 724 3029 Omnia
748 2968 826 3029 haec
848 2973 919 3028 eunt
939 2966 1033 3029 homi·

111 3071 183 3112 num
205 3051 340 3123 inventa,
361 3068 510 3129 nusquam
534 3050 632 3111 aDeo
654 3057 829 3130 praecepta,
851 3069 910 3112 nen
931 3067 1036 3110 necess

111 3135 209 3210 saria,
231 3134 293 3194 imo
316 3132 411 3211 impia
432 3139 462 3194 et
483 3133 653 3212 prohibita,
675 3135 853 3213 praesertim
878 3153 933 3207 ee,
956 3151 1036 3211 quse

113 3216 150 3278 de
173 3216 267 3276 Missa
294 3216 425 3294 sapiunt.
470 3218 510 3277 At
537 3218 747 3277 sanctissimus
778 3224 974 3296 pcccatorum
1005 3220 1036 3276 et

111 3298 291 3380 perditionis
319 3297 388 3358 lons
417 3299 566 3377 ea'oogit
594 3301 622 3358 in
655 3305 822 3379 praecepta
851 3298 1035 3378 necessarie,

113 3388 144 3442 ut
164 3381 335 3441 haereticus
358 3381 450 3442 etism
474 3383 522 3456 sit,
544 3383 569 3440 si
591 3383 658 3461 quis
675 3382 723 3442 vel
747 3383 854 3442 mutiat
876 3388 992 3443 contre.

195 3463 314 3527 Octava
336 3473 383 3523 est
405 3463 539 3525 delectus
560 3464 612 3526 ille
635 3465 772 3525 ciborum
789 3473 820 3524 et
840 3465 1034 3540 ieiuniorum,

112 3565 192 3625 quae
227 3545 323 3606 libero
350 3565 407 3626 per
441 3566 547 3608 omnes
585 3547 648 3607 diss
677 3553 757 3607 sunt.
802 3549 842 3607 At
869 3545 961 3606 hodic
986 3546 1036 3608 nic

112 3631 272 3703 ieiunatur,
295 3647 356 3691 non
379 3637 412 3688 nt
434 3648 506 3690 caro
530 3630 738 3706 mortificetur,
758 3630 813 3690 sed
836 3628 1034 3709 quintorum

113 3732 191 3794 opus
209 3712 262 3790 sir,
280 3711 345 3785 hoe
367 3711 416 3773 die
437 3713 608 3794 ieiunasse,
636 3713 697 3780 isto
719 3720 750 3775 et
767 3714 830 3778 isto
853 3711 923 3778 cibo
945 3710 1035 3797 absti-
