2392 4170
130 232 193 329 164
434 308 437 313 ⁴
484 234 527 293 De
544 227 710 308 abroganda

514 409 675 471 Octavo.

131 553 135 560 ’
214 565 336 626 Novum
363 570 589 626 testamentum.
633 562 717 622 ane
738 569 955 622 testamentum
976 562 1059 643 ipse·

133 657 198 711 met
219 653 311 709 vorat
326 645 561 726 Eucharistiam,
584 664 645 726 quo
668 644 740 725 quid
752 646 939 726 pugnantius
952 654 1061 725 potest

133 750 203 793 esse
225 730 400 792 saaridoio?
434 730 466 792 Si
481 729 659 790 Parisiensis
682 727 819 789 Sodoma
840 736 871 788 et
886 726 1059 790 Lovanien·

131 815 173 876 sis
196 813 350 875 Gomorra
371 821 403 874 et
425 816 567 874 universa
590 810 730 892 Babylon
754 810 858 891 Papae
879 830 968 871 suum
990 811 1060 873 Ari·

131 897 272 959 stotelem
285 896 473 976 didicissent,
496 915 619 976 agerem
639 914 707 955 aum
726 895 770 955 eis
791 913 847 975 per
868 892 1059 955 definitionis

130 982 244 1060 loeum,
266 981 291 1041 si
316 999 377 1060 quo
401 980 493 1042 modo
514 986 644 1065 possent
665 984 728 1038 tam
752 995 856 1038 orassa
879 979 983 1058 capita
1004 977 1059 1038 ali-

131 1063 255 1144 quando
286 1065 409 1142 videre,
440 1063 511 1143 quid
543 1061 678 1123 differret
704 1059 886 1121 sacrificium
915 1066 945 1121 et
966 1068 1060 1122 testa·

132 1154 278 1225 mentum.
323 1145 384 1207 Sed
412 1151 484 1225 quia
511 1147 579 1206 sola
612 1144 804 1206 multitudine
832 1161 970 1205 rasorum
1001 1163 1060 1205 sua

133 1229 306 1310 stabiliunt,
337 1249 395 1291 neo
417 1229 568 1310 divinam,
590 1247 649 1289 neo
675 1229 839 1288 humanam
861 1229 1059 1289 autoritatem

132 1319 324 1394 spectantes,
348 1314 534 1374 dimittamus
557 1313 662 1373 ssinos
691 1316 797 1372 mutuo
820 1311 883 1371 suis
906 1309 1059 1371 tuditibus

131 1396 288 1478 plaudere,
311 1405 341 1456 et
361 1404 468 1457 nostra
489 1414 720 1476 prosequamur.
752 1395 982 1455 Testamentum
997 1395 1060 1455 hoe

132 1478 233 1557 differt
259 1499 277 1538 a
300 1481 523 1559 promissione,
544 1481 627 1559 quod
655 1486 870 1539 testamentum
899 1485 946 1538 ast
967 1479 1059 1539 mori·

132 1564 205 1641 turi,
234 1564 398 1642 promissio
428 1564 568 1627 viventis.
612 1561 663 1623 Sio
694 1563 775 1622 enim
801 1559 894 1626 Hebr.
916 1563 945 1626 9.
969 1561 1058 1622 dieit:

132 1644 192 1707 Ubi
213 1652 431 1707 testamentum
455 1655 516 1725 est,
538 1645 580 1707 ibi
602 1664 685 1705 mors
708 1644 862 1705 testatoris
889 1644 1062 1705 intercedat

127 1746 261 1789 neeesse
283 1737 339 1790 est.
382 1728 613 1790 Testamentum
636 1729 717 1788 enim
745 1728 777 1787 iu
800 1730 927 1789 mortuis
949 1726 1060 1789 conflr-

133 1818 248 1873 metum
271 1820 333 1892 est,
361 1813 477 1891 alioqui
509 1813 645 1873 nondum
666 1811 764 1891 valet,
799 1810 870 1870 dum
900 1811 976 1872 vivit
1007 1812 1060 1891 qui

132 1903 261 1956 testatus
284 1903 340 1957 est.
383 1894 460 1956 Cum
484 1915 558 1956 vero
579 1895 663 1955 Deus
689 1896 721 1954 in
744 1893 907 1975 Soripturis
928 1896 1058 1975 promis·

130 1979 234 2051 sioues
270 1981 341 2041 suas
372 1980 488 2059 passim
518 1986 734 2040 testamentum
757 1984 865 2050 vooet,
900 1995 938 2038 eo
962 1975 1057 2038 verbo

131 2059 316 2143 'signifieavit
342 2081 376 2122 se
412 2062 579 2141 aliquando
608 2063 784 2122 moriturum
815 2079 894 2122 esse.
937 2061 1057 2122 Rursus

133 2163 201 2214 oum
224 2146 446 2224 promissiones
470 2157 576 2225 voest,
599 2147 747 2205 vioturum
779 2163 813 2204 se
834 2142 998 2224 signifieat,
1023 2150 1058 2205 ut

135 2245 195 2288 uno
217 2229 277 2288 hoe
300 2229 394 2289 verbo
417 2247 486 2290 sese
511 2231 642 2289 futurum
665 2228 833 2307 hominem,
856 2229 945 2288 simui
968 2231 1058 2290 mori·

135 2320 233 2370 turum
265 2319 296 2371 et
325 2331 447 2392 semper
476 2315 640 2393 victurum,
671 2311 955 2391 eomprehenderet.
1012 2312 1058 2372 De

135 2413 196 2474 quo
229 2414 311 2455 nuno
343 2415 405 2456 nou
428 2406 476 2457 est
499 2397 586 2458 loeus
607 2394 738 2457 diuendi.
776 2395 831 2454 Est
852 2395 945 2475 igitur
967 2403 1057 2456 testa·

135 2485 270 2539 mentum
312 2483 499 2560 nuncupatio
534 2479 692 2557 morituri,
722 2496 783 2556 qua
810 2477 947 2559 disponit
969 2498 1057 2540 suam

133 2561 335 2623 hereditatem
364 2567 453 2623 oertis
487 2563 660 2624 heredibus.
704 2562 750 2621 De
778 2580 839 2640 qua
870 2581 904 2621 re
930 2581 1000 2623 oum
1027 2565 1058 2624 in

137 2643 256 2706 Galatis
278 2648 354 2706 meis
377 2647 515 2727 dixerim,
538 2647 588 2706 hie
610 2647 730 2707 brevior
752 2664 821 2705 esse
843 2644 951 2708 debeo.
978 2643 1058 2720 Qua-

134 2737 204 2789 tuor
237 2748 312 2810 ergo
340 2732 494 2811 integrant
515 2737 747 2805 testamentum,
771 2738 907 2808 testator,
931 2731 1057 2790 verbum

136 2814 184 2872 rel
207 2814 308 2874 aodex
330 2817 565 2896 uunoupationis
588 2821 619 2874 et
640 2813 869 2894 promissionis,
892 2810 1057 2893 hereditas,

134 2896 273 2976 heredes,
296 2900 427 2976 quaein
449 2899 510 2958 hoo
543 2903 728 2958 testamento
751 2895 919 2957 videamus.
952 2895 1059 2957 Testa-

136 2988 183 3040 tor
206 2979 343 3042 Christus
372 2990 419 3041 est
441 2983 623 3060 moriturus,
657 2979 751 3040 verba
778 2981 953 3039 testamenti
976 2988 1058 3061 sunt,

135 3081 215 3142 quae
236 3083 318 3123 nuno
341 3065 440 3127 verba
461 3065 702 3126 oouseorstionis
731 3070 853 3124 vooont.
896 3062 1060 3125 Hereditas

135 3156 183 3207 est
215 3149 355 3208 remissio
385 3157 581 3230 peooatorum
617 3151 647 3207 iu
682 3154 865 3208 testamento
895 3149 1059 3228 promissa.

135 3226 271 3291 Heredes
299 3240 370 3312 sunt
397 3252 504 3293 omnes
532 3234 585 3313 qui
610 3233 752 3309 eredunt,
773 3249 886 3307 nempe
908 3233 1009 3292 sanati
1030 3242 1061 3292 et

135 3311 226 3373 electi
247 3313 300 3374 filii
322 3313 397 3395 Dei,
421 3317 501 3377 unde
525 3315 694 3397 Apostolus
717 3314 775 3379 Tit.
801 3318 828 3377 1.
857 3312 949 3375 fidem
973 3314 1059 3377 chri-

136 3396 267 3456 stianam
290 3408 382 3459 vorat
404 3398 496 3461 fidem
518 3399 741 3482 apostolorum.

218 3478 265 3540 Tu
284 3501 366 3542 nune
387 3485 478 3565 ipse,
501 3486 613 3562 leotor,
637 3483 707 3543 vide
728 3483 917 3563 impietatem
944 3483 1058 3544 saorifl·

136 3581 204 3624 oum
237 3563 383 3647 istorum,
413 3570 464 3648 qui
487 3588 504 3629 e
528 3573 713 3630 testamento
741 3565 924 3628 sucrificium
947 3564 1060 3632 fecere.

131 3645 218 3707 Deus
241 3654 368 3710 testetur
391 3658 423 3711 et
451 3652 576 3733 largitur
588 3700 597 3733 ‚
631 3652 727 3714 atilli
749 3651 880 3713 offerunt
916 3656 947 3710 et
968 3651 1060 3711 saari-

135 3728 235 3793 floant.
282 3732 362 3809 Quid
385 3755 458 3816 ergo
487 3738 624 3800 faoiuut‘i
668 3740 799 3802 Primum
828 3744 944 3823 negant
965 3743 1059 3799 testa·
