2392 4170
143 237 206 315 511
436 250 596 306 Coulmatio
615 248 782 307 Lutheriana

142 407 241 488 gratia
262 424 301 465 ne
323 403 447 467 damnet
469 408 618 488 prohibet.
653 407 721 467 Non
744 425 819 486 ergo
842 401 992 489 nobis*),
1005 403 1066 466 Do·

142 491 237 568 mine,
275 488 329 548 sed
358 493 475 551 nomini
503 503 556 551 tuo
585 492 625 550 da
651 491 789 570 gloriam.
831 490 904 550 uon
939 496 1002 566 est,
1032 495 1066 548 ut

141 572 305 652 sophistae
327 571 474 652 delirant,
509 575 624 634 nullum
656 581 833 653 peccatum,
869 582 930 632 tam
961 571 1064 631 furens

142 655 334 716 adversarius
358 656 434 736 legis
456 657 525 735 Dei,
548 666 675 718 nonest
697 675 809 737 poena,
832 674 893 717 non
918 661 965 714 est
985 654 1066 714 indr-

143 741 242 817 mitae,
265 739 319 798 sed
341 760 486 821 maguum
508 748 686 820 peccatum,
709 748 742 800 ut
764 740 844 801 Psal.
869 741 917 802 19.
936 738 968 817 ι)
995 755 1066 817 que-

142 824 217 882 ritur
239 822 361 883 dicens:
386 823 586 884 Emuudabor
610 843 627 882 a
649 823 761 882 delicto
786 824 931 885 maximo.
976 822 1067 881 Absit

142 906 220 965 haec
241 906 341 985 gloria
362 914 468 967 nostra
489 908 520 967 in
545 911 604 967 ista
635 906 783 966 munditia
804 914 919 967 nostra.
963 903 1066 984 Capti·

143 995 340 1049 versantem
364 989 452 1067 dicit,
486 1010 547 1050 non
581 989 663 1069 quod
692 991 855 1069 spiritualis
885 989 1067 1067 captivetur,

142 1070 197 1132 sed
220 1071 303 1150 quod
327 1091 368 1132 ex
400 1081 487 1152 parte
518 1074 637 1153 peccati
669 1072 773 1150 est2),
804 1073 883 1133 nibil·
906 1071 1067 1150 omittitur,

143 1172 205 1233 quo
232 1156 403 1234 captivetur
434 1157 617 1236 spiritualis,
640 1155 799 1235 quomodo
820 1152 888 1235 ipse
911 1153 1014 1216 Galat.
1039 1159 1066 1216 l.

144 1239 227 1298 dicit:
259 1238 299 1298 Elt
320 1239 479 1301 vastabam
503 1241 665 1300 ecclesiam
688 1239 764 1316 Dei,
798 1249 867 1298 cum
900 1238 1066 1298 ecclesiam

57 1376 61 1378 .
144 1323 257 1381 vastari
280 1323 319 1382 sit
339 1323 541 1403 impossibile.
585 1323 646 1383 Sed
678 1323 750 1381 nibil
773 1321 948 1400 omittebat,
972 1338 1066 1400 quan·

50 1432 57 1451 ·-
143 1413 206 1464 tum
228 1406 259 1462 iu
282 1424 320 1465 eo
344 1405 409 1484 fuit,
431 1424 493 1485 quo
517 1414 696 1468 vastaretur.
734 1406 806 1466 Ideo
829 1425 890 1465 non
916 1407 991 1463 dicit
1006 1405 1066 1481 hic,

34 1492 42 1517 ·'
142 1496 294 1568 repugnat
315 1495 346 1547 ct
366 1493 538 1568 captivatus
561 1508 645 1564 sum,
668 1491 819 1568 captivat,
842 1488 896 1548 sed
919 1506 980 1567 ego
1002 1506 1064 1548 non

143 1572 292 1651 captivor.
336 1570 455 1646 Quodsi
477 1575 568 1632 etiam
591 1573 651 1632 hoc
680 1573 827 1648 disiisset,
850 1577 977 1650 cogeret
998 1588 1065 1631 sen·

143 1654 239 1714 tentia
260 1655 441 1736 intelligere,
464 1656 566 1734 quoad
588 1674 727 1735 carnem,
756 1657 835 1715 sicut
857 1653 1065 1715 venundatum

144 1756 213 1797 sese
236 1733 322 1816 dixit,
345 1745 376 1798 et
397 1740 551 1799 carnalem
574 1739 742 1798 secundum
765 1757 908 1817 carnem,
930 1739 973 1797 ita
996 1755 1066 1818 cap·

144 1821 239 1881 tivum
261 1839 330 1881 sese
345 1820 469 1898 dicat³l
496 1823 663 1883 secundum
683 1841 817 1901 carnem,
840 1822 972 1882 ethaeo
993 1819 1066 1880 milri

143 1902 338 1984 significatio,
361 1911 394 1964 ut
415 1905 594 1986 simplicior,
616 1907 715 1986 magis
737 1906 847 1986 placet.

226 1987 336 2047 Infelix
359 2007 418 2068 ego
440 1986 544 2066 homo,
567 1991 634 2068 quis
649 1988 789 2050 liberabit
805 2007 854 2048 me
875 1987 913 2047 de
936 2003 1066 2068 corpore

145 2071 250 2131 mortis
273 2070 384 2130 buius?
419 2071 477 2131 Hic
497 2081 659 2152 peccatum
683 2078 811 2132 mortem
834 2077 936 2149 vocnt,
959 2070 1067 2148 idest,

145 2154 312 2213 maximam
349 2155 536 2234 molestiam,
572 2155 749 2235 figurative,
789 2155 959 2215 aemulatus
992 2152 1066 2213 illud

145 2236 246 2296 Elxod.
260 2239 310 2315 10,
334 2237 456 2316 quando
471 2239 588 2299 Pharao
611 2242 698 2319 petiit
719 2239 784 2299 tolli
804 2239 950 2315 locustas,
973 2237 1066 2298 Orate

144 2338 201 2400 pro
225 2338 274 2378 me
291 2321 330 2381 ad
343 2321 520 2400 Dominum,
543 2331 575 2382 ut
590 2325 707 2383 auferat
722 2342 740 2382 a
757 2341 805 2382 me
819 2328 948 2382 mortem
966 2321 1066 2381 istam.

145 2401 350 2465 Odiosissimo
373 2406 453 2464 enim
478 2408 602 2467 nomine
624 2405 760 2487 appellat
780 2415 957 2486 peccatum,
989 2405 1066 2464 sicut

146 2492 178 2546 et
199 2485 250 2545 ille
271 2486 421 2566 locustas,
445 2498 570 2569 propter
593 2493 800 2570 importunos,
824 2487 1001 2570 improbos,
1022 2488 1066 2548 in·

146 2569 313 2631 cessabiles
335 2573 565 2652 indomitosque
587 2575 704 2634 furores
718 2574 793 2651 eius,
816 2592 870 2653 per
885 2590 963 2651 quos
977 2571 1065 2631 nobis

145 2655 175 2712 iu
198 2655 257 2714 bac
278 2658 341 2716 vita
361 2676 424 2716 nou
446 2659 592 2736 permittit
613 2675 722 2737 pacem
751 2656 880 2731 habere,
909 2655 964 2714 sed
995 2672 1065 2715 con·

145 2738 231 2799 tiuuo
261 2739 290 2797 in
323 2742 393 2800 acic
424 2749 505 2800 stare
536 2743 627 2821 cogit.
676 2740 741 2799 Nec
769 2743 849 2800 euim
872 2739 985 2799 Paulus
1008 2737 1067 2799 hoc

146 2821 216 2882 loco
232 2820 351 2882 Latomi
374 2823 495 2883 habitus
519 2823 719 2884 dormitantes
743 2831 773 2883 et
791 2826 985 2903 quiescentes
1009 2822 1066 2883 lor-

146 2904 250 2968 midat.
293 2906 359 2966 Nec
380 2907 569 2987 Augustinus
592 2909 652 2967 boo
674 2907 784 2983 voluit,
816 2907 898 2987 quod
921 2906 1066 2966 Latomus

146 2989 174 3047 ei
195 2988 333 3069 imponit.
378 2990 491 3050 Verum
515 2999 562 3051 eat
593 2989 733 3071 quidem,
763 3010 824 3052 non
856 3009 978 3070 semper
1007 3006 1068 3049 uua

145 3073 291 3152 passione
313 3093 370 3136 nos
392 3076 541 3156 insanire,
569 3095 630 3135 non
654 3094 774 3155 semper
801 3077 888 3137 ardet
909 3076 970 3152 ira,
1004 3091 1065 3134 non

146 3174 267 3235 semper
295 3154 367 3218 furit
395 3156 508 3235 libido,
541 3179 603 3219 uon
638 3178 760 3238 semper
795 3165 916 3239 torquet
943 3157 1067 3234 invidia,

146 3238 200 3298 aed
228 3258 290 3301 una
317 3241 453 3303 succedit
486 3242 581 3304 alteri.
630 3243 670 3302 Et
708 3244 831 3320 quando
862 3261 969 3304 omnes
999 3241 1066 3303 dor-

147 3324 260 3402 miunt,
292 3330 381 3406 tepor
409 3333 439 3384 et
466 3326 590 3404 ignavia
623 3346 685 3387 non
709 3327 884 3393 dormitant.
929 3326 1067 3402 Quodsi

147 3408 238 3467 etiam
261 3415 384 3469 strenue
406 3426 496 3489 agas,
526 3411 669 3492 superbia
698 3413 812 3492 vigilat.
863 3413 956 3474 Et'ut
977 3415 1067 3474 veris-

318 3545 433 3552 -.-·---
447 3545 521 3552 .-.-
531 3546 552 3550 u-
562 3545 567 3551 ⁴

218 3617 249 3685 1)
271 3617 302 3670 ln
331 3616 396 3679 edit.
425 3617 510 3685 orig:
547 3617 589 3673 18.
638 3615 669 3684 2)
691 3615 721 3668 Io
741 3615 900 3670 edictam:
932 3616 1006 3686 qnod
1032 3633 1067 3672 ex
1121 3573 1128 3590 ι

145 3686 223 3762 parte
242 3688 317 3758 quod
336 3689 442 3759 pcccati
460 3692 510 3741 est.
549 3690 578 3755 3)
599 3687 721 3742 ibidem:
743 3687 815 3740 dicit.

219 3764 250 3832 *J
272 3762 342 3818 Pssl.
363 3763 423 3818 115.
