2392 4170
416 229 500 289 Missa
517 230 627 303 privata
643 230 679 290 D.
697 230 732 290 M.
750 231 781 292 L.
998 232 1061 306 205

141 402 306 464 formatum
328 403 413 464 illum
436 405 539 465 scribit
560 405 676 483 Moses,
698 403 729 464 id
752 410 808 482 eat,
830 403 993 484 Scripturis
1015 423 1061 466 sa·

141 484 299 547 cerdotum
322 493 352 546 et
384 487 562 567 pontificum
586 487 662 547 fiunt
682 489 776 567 impia
798 486 953 567 dogmata.

224 568 316 644 Quod
336 578 436 630 autem
460 571 538 631 duos
558 571 631 631 facit
652 570 781 652 vitulos,
808 590 900 643 unum
929 570 961 630 in
982 569 1061 651 Dan,

142 651 181 711 ad
206 653 394 735 aquilonem,
416 654 543 715 alterum
566 655 596 714 in
620 654 742 733 Bethel,
767 654 805 714 ad
829 652 985 714 meridiem
1007 673 1061 734 po·

141 755 235 810 nens,
263 734 414 815 significat
438 737 555 797 idolum
579 737 682 816 Papae
709 736 766 797 sibi
791 756 935 818 arrogare
964 734 1066 818 (sicut⁴

140 819 263 894 scribit)
287 821 354 879 iura
377 823 533 898 utriusque
555 822 690 900 imperii,
720 820 862 880 coelestis
885 827 916 880 et
936 821 1059 883 terreni.

139 898 210 962 Non
241 901 340 960 solnm
368 905 448 962 enim
473 905 677 965 conscientias
709 922 811 964 coram
847 902 914 964 Deo
943 922 1058 986 regere,

141 985 194 1044 sed
208 992 237 1043 et
250 986 378 1064 imperia
390 993 419 1045 et
441 1005 535 1064 regna
553 994 584 1044 at
599 1005 706 1046 omnes
728 1006 776 1047 res
799 985 900 1046 mundi
913 985 1059 1068 indicare,

139 1068 303 1128 transferre
324 1073 356 1128 et
377 1069 540 1148 disponere
563 1071 744 1147 praesumit,
766 1071 797 1129 in
820 1069 964 1149 aquilone
985 1075 1059 1130 tem·

139 1152 313 1230 puralium,
343 1161 374 1211 et
395 1152 521 1212 meridie
543 1152 743 1232 spiritualium
772 1172 872 1214 rerum
895 1152 1058 1233 gloriosus,

139 1233 207 1294 Dan
231 1235 309 1293 enim
333 1234 516 1295 iudicantem
540 1241 650 1313 sonat,
680 1243 711 1295 et
732 1243 779 1295 est
805 1235 852 1296 ius
876 1237 1057 1298 canonicum

140 1335 177 1376 ea
200 1325 301 1395 parte,
335 1317 386 1377 ubi
413 1324 534 1397 crepat,
561 1317 760 1378 iudicantium
789 1317 914 1379 thronos
944 1320 1058 1382 asede

138 1399 321 1478 Apostolica
352 1402 519 1460 sententias
557 1409 725 1482 expetere,
759 1400 866 1462 Betbel
884 1421 992 1482 uero,
1020 1423 1058 1464 ea

139 1492 239 1563 parte,
262 1502 322 1563 qua
343 1485 372 1543 in
395 1484 510 1564 templo
533 1484 590 1544 Dei
612 1485 714 1565 sedet,
743 1484 921 1545 adversatus
944 1489 976 1546 et
996 1487 1059 1547 ele-

138 1575 226 1625 vatus
249 1585 340 1646 super
362 1585 485 1629 omnem
499 1568 606 1628 Deum.
638 1567 799 1647 Templum
821 1570 901 1628 enim
914 1568 971 1629 Dei
986 1587 1058 1631 con·

138 1650 284 1710 scientiae
307 1656 386 1730 sunt,
408 1651 438 1709 in
462 1650 631 1734 quibusille
652 1652 754 1731 posito
766 1649 851 1713 idolo
867 1672 923 1713 suo
939 1661 1058 1733 regnat.

221 1732 298 1793 Sunt
331 1735 421 1813 igitur
456 1734 620 1794 vitulorum
668 1741 698 1794 et
733 1733 889 1795 Bethaven
923 1735 1058 1797 cultores

138 1835 245 1875 omnes
278 1817 327 1875 isti
351 1816 527 1876 sacerdotes
549 1835 690 1897 rasurae,
713 1825 860 1879 uncturae
883 1827 913 1878 et
945 1818 1057 1900 longae

138 1901 275 1975 tunicae,
298 1901 400 1978 quiin
425 1901 461 1958 iis
483 1899 597 1959 iuribus
627 1902 810 1962 sanctissimi
833 1902 899 1962 Deo
921 1894 1058 1964 serviunt

136 1984 186 2043 die
209 1989 239 2042 et
259 1991 359 2047 nocte.
395 1985 453 2043 lste
475 1991 522 2043 est
542 1982 739 2061 Hieroboam,
762 1983 800 2044 de
822 2002 883 2063 quo
906 1987 999 2046 toties
1012 2005 1057 2047 re-

84 2130 86 2134 ,
135 2067 212 2146 petit
221 2065 386 2145 Scriptura,
399 2066 480 2145 quod
490 2085 618 2146 peccare
628 2066 701 2127 fecit
711 2067 814 2145 lsrael,
828 2066 1063 2147 quiafidemex·'

136 2149 1058 2231 stinguitetoperaexaltat,quodestsummumpeccatorum?

219 2231 429 2293 Sacerdotium
451 2252 524 2293 vero
543 2234 627 2313 Beal,
651 2235 850 2316 devotarium,
874 2236 936 2296 imo
950 2237 1055 2316 impie-

136 2317 190 2375 tati
212 2314 356 2375 devotum
379 2315 543 2396 populum,
572 2326 602 2377 et
625 2325 656 2376 ut
678 2317 762 2378 Elias
794 2317 833 2379 ad
854 2317 943 2379 Abab
972 2319 1056 2399 dicit,

136 2399 342 2459 venundatum
366 2397 404 2458 ad
418 2398 589 2459 laciendum
608 2400 732 2478 malum,
754 2400 916 2481 religiosos
930 2404 1056 2484 scilicet,

137 2480 385 2542 substantialibus
414 2483 475 2540 suis
497 2482 592 2543 tribus
620 2485 701 2544 votis
728 2483 827 2544 factos
850 2504 963 2546 uxores
984 2487 1055 2567 ipsi·

136 2575 235 2625 usmet
262 2565 335 2643 Dei3
364 2564 420 2626 sibi
450 2567 529 2624 enim
564 2569 710 2645 arrogant
743 2567 918 2646 proximum
952 2569 1053 2630 locum

136 2648 216 2727 apud
240 2649 348 2726 Deum,
371 2656 497 2728 propter
518 2657 592 2708 vota
613 2661 679 2710 sua.
722 2648 811 2710 Ahab
834 2649 943 2711 dicitur
963 2652 1055 2713 frater

136 2733 245 2809 patris3
267 2737 298 2792 et
318 2731 378 2792 hoc
399 2732 556 2792 bominum
579 2751 675 2813 genus
705 2751 767 2793 non
789 2732 851 2793 alio
875 2734 999 2796 nomine
1020 2753 1055 2797 se

133 2815 246 2896 patitur
267 2814 438 2889 nominari,
466 2833 557 2894 quam
588 2815 733 2897 Fratres,
761 2816 881 2898 Patres,
910 2816 970 2878 hoc
997 2816 1055 2896 est,

134 2897 294 2961 Ababitae.
339 2895 428 2959 Uxor
451 2900 516 2959 eius
537 2898 735 2960 lsabellaseu
757 2899 875 2960 lesabel
899 2900 1054 2962 cohabita·

133 2981 233 3040 culum
258 2981 307 3041 vel
329 2981 588 3042 cohabitationem
611 2991 720 3062 sonat,
750 2985 836 3063 quasi
858 2985 980 3063 spiritus
1005 2982 1050 3044 di·

133 3077 229 3125 ceret:
254 3064 458 3144 Coenobitae,
486 3067 724 3145 conventuales,
746 3067 958 3129 cohabitant-es
982 3076 1053 3130 sunt

133 3149 182 3207 isti
204 3147 321 3228 fratres,
344 3157 455 3228 patres.

216 3231 291 3292 Baal
314 3251 387 3292 vero
409 3232 483 3293 idoli
507 3251 630 3312 nomen,
654 3233 792 3294 maritum
814 3236 938 3315 proprie
960 3237 1050 3315 signi·

131 3313 212 3394 ficat,
235 3334 289 3374 seu
312 3317 408 3374 virum
430 3314 603 3395 coniugem.
639 3314 718 3390 Quia
740 3316 855 3398 dogma
868 3337 972 3379 eorum
995 3327 1052 3398 est,
1107 3370 1109 3374 Α

133 3416 202 3458 sese
235 3407 383 3477 perpetuo
414 3405 487 3459 voto
528 3398 816 3461 obedientiaebeo
849 3400 1051 3482 obstringere,

132 3480 198 3542 Deo
222 3501 283 3542 uon
305 3479 443 3561 iubente,
466 3483 546 3542 sicut
578 3500 657 3543 uxor
679 3484 743 3543 viro
767 3482 975 3566 obstringitur.
1018 3486 1050 3548 ln

132 3582 194 3643 qua
213 3585 246 3626 re
269 3565 410 3626 differunt
431 3584 450 3626 a
470 3566 579 3644 priscis
599 3565 757 3627 monachis
779 3571 811 3627 et
826 3565 978 3651 Eremitis,
1001 3572 1051 3649 qui

132 3646 252 3708 Patrum
276 3648 420 3727 exempla
440 3647 535 3708 libere
562 3649 776 3728 sequebantur.
819 3649 857 3711 Hi
880 3670 953 3713 vero
975 3659 1050 3714 voto

124 3741 202 3794 'sese
223 3734 365 3793 maritant
388 3733 453 3794 Deo
477 3732 570 3813 ultra,
592 3733 655 3794 imo
678 3741 785 3796 contra
806 3732 899 3798 fidem
921 3737 952 3797 in
987 3753 1052 3817 par·
