2392 4170
138 213 203 285 450
433 216 594 273 confutatio
610 189 780 275 hother-iaus

138 379 186 439 tas
207 377 268 450 est,
298 389 376 451 opus
398 389 468 433 ssss
490 371 607 451 absque
628 380 773 452 pensato,
808 369 897 431 laude
920 368 1062 449 dignum,

139 451 349 524 misericordia
371 472 433 517 non
457 474 569 535 egens,
602 455 747 515 indioiurn
769 454 826 513 Dei
854 472 915 514 non
939 453 1063 529 timens,

138 536 200 597 imo
222 537 282 596 iam
312 537 343 597 in
379 555 475 618 opero
507 539 574 617 ipso
609 544 640 597 et
669 545 799 618 aooepto
829 536 912 598 dono
937 534 1061 616 gratiae

139 617 295 681 oonfldere
318 626 349 683 et
369 639 494 700 sperare
516 620 598 696 lioet,
620 621 691 699 quis
714 621 879 698 habemns,
901 617 985 697 quod
1009 635 1062 699 op·

139 720 294 782 ponamus
317 703 408 765 etiarn
431 704 489 784 ipsi
511 703 579 765 Deo
602 709 633 763 et
654 702 766 765 iudioio
791 711 820 763 et
842 701 962 763 veritati
985 701 1061 781 eins,

138 784 211 847 inde
232 803 336 865 nsque
357 786 488 866 amplius
512 805 582 847 enm
604 787 710 847 timere
734 793 872 866 oportet,
900 792 932 844 et
952 785 986 845 in
1008 783 1061 859 mi·

138 868 305 929 serioordia
326 869 391 929 eius
407 888 469 930 non
487 867 653 931 oonfidere.
684 869 803 949 Nonne,
821 868 960 943 maome,
981 866 1061 933 haas

139 952 243 1013 omnia
272 953 360 1030 sequi
392 959 422 1011 et
450 951 514 1012 fleri
548 951 690 1032 oportet?
728 951 836 1031 Neque
860 951 941 1011 enim
965 948 1061 1029 Dens,

139 1034 196 1095 etsi
219 1044 374 1095 creaturas
396 1034 495 1095 bonne
518 1035 669 1114 destruat,
691 1033 761 1105 ideo
784 1053 838 1097 eas
860 1033 989 1097 damnat
1008 1039 1061 1101 aot

138 1115 292 1197 reprobat.
336 1119 380 1179 ita
412 1118 483 1178 iicet
511 1127 617 1198 posset
648 1117 793 1179 attalem
816 1116 962 1181 Sanctum
990 1133 1058 1197 opp

38 1231 45 1247 ·
138 1218 195 1265 suo
218 1218 313 1282 opere
328 1198 493 1280 destruere,
517 1210 617 1261 tamen
641 1219 704 1261 non
719 1208 821 1280 potest
839 1200 987 1261 damnare
1009 1205 1060 1267 snt

139 1283 322 1365 reprobare,
345 1285 417 1362 quis
438 1291 498 1343 stat
520 1284 648 1344 veritas:
678 1284 820 1345 Dilexisti
842 1283 1009 1359 iustitiam,
1030 1288 1060 1345 ot

139 1365 230 1431 odisti
252 1366 455 1446 iniquitatem.
500 1367 538 1427 Et
574 1368 617 1425 sio
645 1386 699 1446 per
724 1368 854 1447 gratiam
879 1365 938 1429 Dei
967 1362 1059 1435 habe·

140 1469 216 1526 mus,
241 1448 324 1528 qnod
345 1450 377 1509 in
400 1449 460 1510 hoo
481 1450 572 1510 etiam
596 1449 660 1510 vito
682 1457 713 1509 et
735 1458 807 1510 ante
823 1447 969 1509 iudioium
991 1446 1059 1513 Deo

140 1550 353 1616 opponamus,
387 1541 417 1591 et
451 1540 513 1592 tam
537 1532 776 1594 misericordiam
799 1552 891 1613 quam
913 1529 1060 1609 indioinm

138 1616 203 1677 eins
228 1635 336 1676 senune
358 1615 609 1697 posthabeamus.

222 1696 260 1758 m
283 1697 333 1758 nbi
356 1705 428 1758 tuno
450 1705 497 1758 est
517 1695 851 1776 illudPsatm.143¹):
874 1695 945 1757 Non
966 1696 1060 1761 intres
1082 1718 1088 1729 ·

140 1781 170 1841 in
193 1781 340 1863 indicium
364 1800 433 1842 oum
456 1800 546 1844 servo
568 1776 652 1854 tuo‚'
671 1781 743 1860 qnia
764 1798 826 1843 non
848 1776 1061 1841 iustificabitur

139 1866 169 1925 in
186 1871 355 1946 oonspsotn
379 1873 431 1927 tuo
454 1864 555 1926 omnis
569 1862 696 1925 vivens?
720 1863 768 1922 An
791 1862 841 1923 hio
863 1861 1061 1944 syneodoohe

139 1954 187 2007 est
208 1948 307 2008 omnis
330 1948 446 2023 vivens,
469 1947 500 2008 id
523 1955 579 2024 est,
603 1946 688 2006 multi
711 1945 760 2006 vsi
783 1945 877 2026 aliqui
899 1941 1061 2021 viventes?

139 2029 200 2093 Sed
233 2039 264 2092 et
284 2030 396 2091 Paulus
421 2035 448 2094 1.
472 2028 608 2093 Corinth.
631 2030 667 2092 4:
700 2028 781 2089 Nihil
813 2027 885 2091 mihi
916 2028 1061 2095 sonemus

139 2132 206 2173 snm
233 2115 325 2188 (ecoe
347 2112 430 2174 bona
451 2115 577 2194 opera),
600 2112 655 2172 ssd
679 2131 739 2172 uon
759 2113 789 2170 in
803 2111 863 2171 hoo
877 2109 1058 2173 iustificatos

139 2215 216 2258 snm.
240 2196 405 2271 Quomodo
422 2214 482 2256 non
501 2195 693 2273 iustiiiontns,
716 2214 784 2254 oum
807 2195 837 2255 in
861 2193 943 2254 bono
968 2212 1060 2277 opere

139 2281 179 2338 sit
199 2279 314 2340 iustitia
336 2289 366 2340 et
395 2279 509 2340 nulium
540 2278 725 2360 peecatum?
757 2277 846 2339 Certe
875 2277 1061 2356 praedicasti

140 2360 343 2443 Evangelinm
377 2363 448 2425 totis
486 2363 616 2440 viribus,
649 2361 802 2441 collegisti
836 2363 887 2436 (nt
914 2359 1059 2429 Latonius

140 2442 230 2528 dioit)
254 2444 415 2507 oolleotom
440 2465 508 2506 oum
532 2442 673 2506 ninnibns
692 2444 926 2504 circumstantiis
950 2444 1060 2507 virtuo-

139 2529 199 2605 sis,
227 2529 318 2590 stiam
342 2528 380 2591 sb
403 2529 567 2590 Aristotele
589 2529 766 2604 recensitis,
796 2535 877 2588 oerte
900 2527 960 2587 hoo
983 2544 1059 2609 opus

139 2610 232 2672 inisse
255 2611 368 2673 bonum
393 2632 453 2674 non
477 2620 567 2694 potes
583 2631 707 2691 negare,
723 2609 887 2690 quomodo
911 2628 987 2689 ergo
1011 2608 1059 2670 ad-

139 2696 199 2756 hno
219 2703 366 2776 peooator
388 2716 421 2756 es
444 2697 473 2755 in
497 2695 571 2757 iiio?
610 2696 658 2755 An
682 2713 743 2754 nou
767 2713 799 2753 es
824 2704 988 2772 peooator,
1010 2691 1060 2775 qui

139 2797 201 2840 non
215 2778 410 2841 instiiiontum
434 2780 463 2839 in
479 2778 539 2839 hoo
562 2787 591 2838 te
615 2776 715 2837 diois?
737 2779 784 2836 An
803 2777 894 2837 etiam
915 2775 1060 2850 mentiris,

139 2870 169 2923 te
190 2860 385 2925 iustificatum
402 2882 463 2923 uon
479 2860 675 2922 iustificatum
692 2859 832 2920 vocans?
855 2858 885 2921 Si
898 2858 1058 2921 Latomnm

139 2942 238 3025 andis,
259 2964 321 3005 non
336 2943 436 3006 dions:
459 2945 567 3025 Neque
581 2965 629 3004 me
653 2946 752 3025 ipsum
774 2942 887 3017 indico,
909 2941 1059 3004 Dominus

140 3036 242 3093 sutem
265 3034 327 3106 est,
350 3030 401 3108 qui
423 3049 472 3088 me
495 3029 622 3104 indioot,
655 3027 708 3086 sed
733 3026 834 3088 dions:
865 3024 935 3106 Ego
958 3024 1059 3085 indico

141 3130 191 3172 me
217 3112 334 3192 ipsum,
366 3113 437 3190 qnia
459 3130 537 3193 opus
561 3112 674 3171 bonum
707 3109 788 3169 iilius
820 3109 964 3168 indioinm
999 3127 1059 3171 nou
1090 3121 1093 3127 '

141 3196 262 3271 metuit,
285 3196 380 3254 iustus
403 3196 483 3255 enim
514 3202 560 3253 est
589 3194 664 3273 ipse.
709 3196 770 3253 Ant
792 3210 866 3273 ergo
888 3191 1059 3257 Latomisui

141 3276 355 3359 blasphement
377 3277 432 3338 oei
461 3275 716 3353 misericordiam,
750 3283 780 3335 et
810 3275 956 3336 iudioinm
992 3292 1058 3336 oum

141 3361 203 3421 suis
226 3360 369 3442 operibus
392 3363 458 3422 sine
482 3367 622 3441 peooato,
645 3367 698 3419 ant
721 3367 762 3436 tu,
785 3358 889 3434 Paule,
915 3359 1060 3435 mentiris,

140 3444 202 3505 imo
225 3452 255 3505 et
282 3446 348 3525 ipse
379 3443 573 3526 blasphemas
602 3443 759 3502 veritatem
783 3441 821 3502 ab
844 3442 903 3502 iilis
926 3441 1057 3505 doctam.

140 3526 209 3588 Non
232 3534 314 3588 stant
335 3527 442 3604 simui,
477 3527 576 3589 habeo
607 3545 685 3608 opus
718 3528 783 3586 sine
805 3534 950 3606 peceato,
980 3525 1059 3588 stin

211 3718 243 3782 1)
264 3715 295 3770 in
318 3714 361 3771 sd.
383 3718 469 3786 otim:
490 3716 533 3771 Ps.
553 3733 574 3768 o.
589 3718 606 3769 i.
