<?xml version="1.0" encoding="UTF-8"?>
<!DOCTYPE html PUBLIC "-//W3C//DTD XHTML 1.0 Transitional//EN"
    "http://www.w3.org/TR/xhtml1/DTD/xhtml1-transitional.dtd">
<html xmlns="http://www.w3.org/1999/xhtml" xml:lang="en" lang="en">
 <head>
  <title>
</title>
<meta http-equiv="Content-Type" content="text/html;charset=utf-8" />
  <meta name='ocr-system' content='tesseract 3.04.00' />
  <meta name='ocr-capabilities' content='ocr_page ocr_carea ocr_par ocr_line ocrx_word'/>
</head>
<body>
  <div class='ocr_page' id='page_1' title='image "./dmartinilutheri03luthgoog_0891.png"; bbox 0 0 2392 4170; ppageno 0'>
   <div class='ocr_carea' id='block_1_1' title="bbox 129 244 756 321">
    <p class='ocr_par' dir='ltr' id='par_1_1' title="bbox 129 244 756 321">
     <span class='ocr_line' id='line_1_1' title="bbox 129 244 756 321; baseline 0 -10"><span class='ocrx_word' id='word_1_1' title='bbox 129 252 195 321; x_wconf 66' lang='grc'>348</span> <span class='ocrx_word' id='word_1_2' title='bbox 439 244 756 311; x_wconf 63' lang='lat' dir='ltr'>mmeramme·</span> 
     </span>
    </p>
   </div>
   <div class='ocr_carea' id='block_1_2' title="bbox 17 412 1057 503">
    <p class='ocr_par' dir='ltr' id='par_1_2' title="bbox 17 412 1057 503">
     <span class='ocr_line' id='line_1_2' title="bbox 17 412 1057 503; baseline -0.002 -24"><span class='ocrx_word' id='word_1_3' title='bbox 17 496 20 503; x_wconf 25' lang='grc' dir='ltr'>Ι</span> <span class='ocrx_word' id='word_1_4' title='bbox 131 436 212 499; x_wconf 82' lang='lat' dir='ltr'>qnae</span> <span class='ocrx_word' id='word_1_5' title='bbox 233 436 304 479; x_wconf 84' lang='lat' dir='ltr'>eeee</span> <span class='ocrx_word' id='word_1_6' title='bbox 323 437 386 481; x_wconf 86' lang='lat' dir='ltr'>noo</span> <span class='ocrx_word' id='word_1_7' title='bbox 408 423 513 499; x_wconf 87' lang='lat' dir='ltr'>poteet</span> <span class='ocrx_word' id='word_1_8' title='bbox 531 418 613 479; x_wconf 85' lang='lat' dir='ltr'>idem</span> <span class='ocrx_word' id='word_1_9' title='bbox 635 437 705 480; x_wconf 87' lang='lat' dir='ltr'>oum</span> <span class='ocrx_word' id='word_1_10' title='bbox 726 416 947 499; x_wconf 74' lang='lat' dir='ltr'>praeuidentia.</span> <span class='ocrx_word' id='word_1_11' title='bbox 982 412 1057 481; x_wconf 68' lang='lat' dir='ltr'>not</span> 
     </span>
    </p>
   </div>
   <div class='ocr_carea' id='block_1_3' title="bbox 103 500 1120 3411">
    <p class='ocr_par' dir='ltr' id='par_1_3' title="bbox 130 500 1120 1666">
     <span class='ocr_line' id='line_1_3' title="bbox 131 500 1057 583; baseline -0.002 -20"><span class='ocrx_word' id='word_1_12' title='bbox 131 502 238 563; x_wconf 85' lang='lat' dir='ltr'>ludere</span> <span class='ocrx_word' id='word_1_13' title='bbox 259 500 371 564; x_wconf 79' lang='lat' dir='ltr'>verbio.</span> <span class='ocrx_word' id='word_1_14' title='bbox 403 501 496 577; x_wconf 80' lang='lat' dir='ltr'>Quod</span> <span class='ocrx_word' id='word_1_15' title='bbox 517 511 620 563; x_wconf 77' lang='lat' dir='ltr'>eutem</span> <span class='ocrx_word' id='word_1_16' title='bbox 646 501 888 582; x_wconf 86' lang='lat' dir='ltr'>iuoommodum,</span> <span class='ocrx_word' id='word_1_17' title='bbox 914 502 941 562; x_wconf 87' lang='lat' dir='ltr'>ei</span> <span class='ocrx_word' id='word_1_18' title='bbox 961 518 1057 583; x_wconf 77' lang='lat' dir='ltr'>parua</span> 
     </span>
     <span class='ocr_line' id='line_1_4' title="bbox 132 584 1058 666; baseline 0 -21"><span class='ocrx_word' id='word_1_19' title='bbox 132 585 229 646; x_wconf 82' lang='lat' dir='ltr'>ieioue</span> <span class='ocrx_word' id='word_1_20' title='bbox 251 585 420 647; x_wconf 87' lang='lat' dir='ltr'>eeouodum</span> <span class='ocrx_word' id='word_1_21' title='bbox 444 586 581 665; x_wconf 82' lang='lat' dir='ltr'>reguiam</span> <span class='ocrx_word' id='word_1_22' title='bbox 609 588 740 666; x_wconf 86' lang='lat' dir='ltr'>imperet</span> <span class='ocrx_word' id='word_1_23' title='bbox 771 584 955 660; x_wconf 71' lang='lat' dir='ltr'>monachia,</span> <span class='ocrx_word' id='word_1_24' title='bbox 988 584 1058 665; x_wconf 80' lang='lat' dir='ltr'>ipae</span> 
     </span>
     <span class='ocr_line' id='line_1_5' title="bbox 131 666 1058 748; baseline -0.003 -18"><span class='ocrx_word' id='word_1_25' title='bbox 131 675 234 730; x_wconf 66' lang='lat' dir='ltr'>umen</span> <span class='ocrx_word' id='word_1_26' title='bbox 257 668 331 729; x_wconf 76' lang='lat' dir='ltr'>nuto</span> <span class='ocrx_word' id='word_1_27' title='bbox 354 669 505 731; x_wconf 81' lang='lat' dir='ltr'>obediere</span> <span class='ocrx_word' id='word_1_28' title='bbox 525 675 558 730; x_wconf 87' lang='lat' dir='ltr'>et</span> <span class='ocrx_word' id='word_1_29' title='bbox 577 667 654 730; x_wconf 85' lang='lat' dir='ltr'>nihii</span> <span class='ocrx_word' id='word_1_30' title='bbox 675 668 816 729; x_wconf 78' lang='lat' dir='ltr'>vovere?</span> <span class='ocrx_word' id='word_1_31' title='bbox 858 670 901 729; x_wconf 81' lang='lat' dir='ltr'>et</span> <span class='ocrx_word' id='word_1_32' title='bbox 921 667 996 748; x_wconf 82' lang='lat' dir='ltr'>quid</span> <span class='ocrx_word' id='word_1_33' title='bbox 1017 666 1058 729; x_wconf 82' lang='lat' dir='ltr'>eb</span> 
     </span>
     <span class='ocr_line' id='line_1_6' title="bbox 132 749 1058 833; baseline -0.003 -20"><span class='ocrx_word' id='word_1_34' title='bbox 132 770 171 813; x_wconf 88' lang='lat' dir='ltr'>eo</span> <span class='ocrx_word' id='word_1_35' title='bbox 193 751 295 813; x_wconf 78' lang='lat' dir='ltr'>differt</span> <span class='ocrx_word' id='word_1_36' title='bbox 315 754 438 813; x_wconf 82' lang='lat' dir='ltr'>votivus</span> <span class='ocrx_word' id='word_1_37' title='bbox 466 752 683 833; x_wconf 79' lang='lat' dir='ltr'>Preepoeitue?</span> <span class='ocrx_word' id='word_1_38' title='bbox 723 749 824 833; x_wconf 80' lang='lat' dir='ltr'>Igitur</span> <span class='ocrx_word' id='word_1_39' title='bbox 848 758 912 812; x_wconf 81' lang='lat' dir='ltr'>etat</span> <span class='ocrx_word' id='word_1_40' title='bbox 931 750 1058 812; x_wconf 83' lang='lat' dir='ltr'>ooooiu·</span> 
     </span>
     <span class='ocr_line' id='line_1_7' title="bbox 131 834 1059 914; baseline 0.001 -21"><span class='ocrx_word' id='word_1_41' title='bbox 131 835 190 910; x_wconf 88' lang='lat' dir='ltr'>eio,</span> <span class='ocrx_word' id='word_1_42' title='bbox 213 834 420 897; x_wconf 81' lang='lat' dir='ltr'>obedientium</span> <span class='ocrx_word' id='word_1_43' title='bbox 444 836 646 897; x_wconf 72' lang='lat' dir='ltr'>monasticem</span> <span class='ocrx_word' id='word_1_44' title='bbox 677 854 746 898; x_wconf 86' lang='lat' dir='ltr'>eeee</span> <span class='ocrx_word' id='word_1_45' title='bbox 773 835 882 897; x_wconf 87' lang='lat' dir='ltr'>rudem</span> <span class='ocrx_word' id='word_1_46' title='bbox 903 841 937 895; x_wconf 86' lang='lat' dir='ltr'>et</span> <span class='ocrx_word' id='word_1_47' title='bbox 956 834 1059 914; x_wconf 83' lang='lat' dir='ltr'>poeri-</span> 
     </span>
     <span class='ocr_line' id='line_1_8' title="bbox 130 917 1057 1000; baseline -0.001 -22"><span class='ocrx_word' id='word_1_48' title='bbox 130 917 192 979; x_wconf 89' lang='lat' dir='ltr'>lem</span> <span class='ocrx_word' id='word_1_49' title='bbox 209 917 427 998; x_wconf 87' lang='lat' dir='ltr'>obedientiam,</span> <span class='ocrx_word' id='word_1_50' title='bbox 448 938 505 1000; x_wconf 89' lang='lat' dir='ltr'>pro</span> <span class='ocrx_word' id='word_1_51' title='bbox 527 917 701 979; x_wconf 85' lang='lat' dir='ltr'>rudimento</span> <span class='ocrx_word' id='word_1_52' title='bbox 717 918 867 979; x_wconf 71' lang='lat' dir='ltr'>duntaxat</span> <span class='ocrx_word' id='word_1_53' title='bbox 888 917 1057 979; x_wconf 82' lang='lat' dir='ltr'>iuventutie</span> 
     </span>
     <span class='ocr_line' id='line_1_9' title="bbox 131 1001 1059 1083; baseline 0 -22"><span class='ocrx_word' id='word_1_54' title='bbox 131 1002 322 1077; x_wconf 79' lang='lat' dir='ltr'>tantitatem,</span> <span class='ocrx_word' id='word_1_55' title='bbox 357 1021 415 1063; x_wconf 89' lang='lat' dir='ltr'>neo</span> <span class='ocrx_word' id='word_1_56' title='bbox 448 1002 537 1063; x_wconf 86' lang='lat' dir='ltr'>uiiter</span> <span class='ocrx_word' id='word_1_57' title='bbox 558 1001 640 1083; x_wconf 83' lang='lat' dir='ltr'>opud</span> <span class='ocrx_word' id='word_1_58' title='bbox 665 1002 763 1063; x_wconf 88' lang='lat' dir='ltr'>Deum</span> <span class='ocrx_word' id='word_1_59' title='bbox 785 1010 962 1082; x_wconf 75' lang='lat' dir='ltr'>eooeptam,</span> <span class='ocrx_word' id='word_1_60' title='bbox 997 1018 1059 1061; x_wconf 82' lang='lat' dir='ltr'>nee</span> 
     </span>
     <span class='ocr_line' id='line_1_10' title="bbox 132 1083 1120 1167; baseline -0.002 -22"><span class='ocrx_word' id='word_1_61' title='bbox 132 1084 221 1145; x_wconf 83' lang='lat' dir='ltr'>aliter</span> <span class='ocrx_word' id='word_1_62' title='bbox 243 1087 348 1146; x_wconf 86' lang='lat' dir='ltr'>voveri</span> <span class='ocrx_word' id='word_1_63' title='bbox 369 1084 566 1167; x_wconf 85' lang='lat' dir='ltr'>poeaibiiem,</span> <span class='ocrx_word' id='word_1_64' title='bbox 587 1086 646 1145; x_wconf 84' lang='lat' dir='ltr'>niei</span> <span class='ocrx_word' id='word_1_65' title='bbox 667 1087 793 1167; x_wconf 87' lang='lat' dir='ltr'>impiam</span> <span class='ocrx_word' id='word_1_66' title='bbox 817 1093 849 1146; x_wconf 86' lang='lat' dir='ltr'>et</span> <span class='ocrx_word' id='word_1_67' title='bbox 870 1083 1058 1163; x_wconf 83' lang='lat' dir='ltr'>eaoriiegem</span> <span class='ocrx_word' id='word_1_68' title='bbox 1117 1102 1120 1107; x_wconf 88' lang='lat'>·</span> 
     </span>
     <span class='ocr_line' id='line_1_11' title="bbox 133 1166 1058 1248; baseline -0.002 -21"><span class='ocrx_word' id='word_1_69' title='bbox 133 1167 237 1229; x_wconf 75' lang='lat' dir='ltr'>faeere</span> <span class='ocrx_word' id='word_1_70' title='bbox 258 1167 356 1230; x_wconf 82' lang='lat' dir='ltr'>votae.</span> <span class='ocrx_word' id='word_1_71' title='bbox 399 1167 503 1245; x_wconf 79' lang='lat' dir='ltr'>Quare</span> <span class='ocrx_word' id='word_1_72' title='bbox 525 1187 594 1229; x_wconf 86' lang='lat' dir='ltr'>oum</span> <span class='ocrx_word' id='word_1_73' title='bbox 617 1169 799 1248; x_wconf 83' lang='lat' dir='ltr'>evangeliea</span> <span class='ocrx_word' id='word_1_74' title='bbox 821 1168 920 1229; x_wconf 80' lang='lat' dir='ltr'>torma</span> <span class='ocrx_word' id='word_1_75' title='bbox 932 1166 1058 1228; x_wconf 81' lang='lat' dir='ltr'>vivendi</span> 
     </span>
     <span class='ocr_line' id='line_1_12' title="bbox 131 1248 1059 1334; baseline 0 -23"><span class='ocrx_word' id='word_1_76' title='bbox 131 1251 172 1311; x_wconf 84' lang='lat' dir='ltr'>eit</span> <span class='ocrx_word' id='word_1_77' title='bbox 190 1251 372 1331; x_wconf 75' lang='lat' dir='ltr'><strong>perfectior,</strong></span> <span class='ocrx_word' id='word_1_78' title='bbox 394 1252 432 1313; x_wconf 83' lang='lat' dir='ltr'>ed</span> <span class='ocrx_word' id='word_1_79' title='bbox 454 1253 553 1333; x_wconf 75' lang='lat' dir='ltr'>ipram</span> <span class='ocrx_word' id='word_1_80' title='bbox 575 1251 699 1313; x_wconf 80' lang='lat' dir='ltr'>tundam</span> <span class='ocrx_word' id='word_1_81' title='bbox 721 1251 896 1334; x_wconf 71' lang='lat' dir='ltr'>postitium</span> <span class='ocrx_word' id='word_1_82' title='bbox 919 1257 969 1312; x_wconf 91' lang='lat' dir='ltr'>eet</span> <span class='ocrx_word' id='word_1_83' title='bbox 989 1248 1059 1311; x_wconf 86' lang='lat' dir='ltr'>red·</span> 
     </span>
     <span class='ocr_line' id='line_1_13' title="bbox 131 1333 1058 1416; baseline 0.001 -22"><span class='ocrx_word' id='word_1_84' title='bbox 131 1333 284 1414; x_wconf 86' lang='lat' dir='ltr'>eundum,</span> <span class='ocrx_word' id='word_1_85' title='bbox 313 1342 458 1415; x_wconf 81' lang='lat' dir='ltr'>tanquam</span> <span class='ocrx_word' id='word_1_86' title='bbox 493 1342 623 1416; x_wconf 84' lang='lat' dir='ltr'>aparte</span> <span class='ocrx_word' id='word_1_87' title='bbox 648 1335 687 1395; x_wconf 85' lang='lat' dir='ltr'>od</span> <span class='ocrx_word' id='word_1_88' title='bbox 724 1343 830 1399; x_wconf 87' lang='lat' dir='ltr'>totum.</span> <span class='ocrx_word' id='word_1_89' title='bbox 874 1335 951 1397; x_wconf 81' lang='lat' dir='ltr'>Oum</span> <span class='ocrx_word' id='word_1_90' title='bbox 975 1333 1058 1395; x_wconf 88' lang='lat' dir='ltr'>enim</span> 
     </span>
     <span class='ocr_line' id='line_1_14' title="bbox 130 1415 1059 1499; baseline 0 -22"><span class='ocrx_word' id='word_1_91' title='bbox 130 1419 258 1498; x_wconf 86' lang='lat' dir='ltr'>venerit,</span> <span class='ocrx_word' id='word_1_92' title='bbox 280 1417 362 1497; x_wconf 87' lang='lat' dir='ltr'>quod</span> <span class='ocrx_word' id='word_1_93' title='bbox 386 1418 552 1499; x_wconf 79' lang='lat' dir='ltr'>perfeetum</span> <span class='ocrx_word' id='word_1_94' title='bbox 575 1426 633 1490; x_wconf 68' lang='lat' dir='ltr'>eet</span> <span class='ocrx_word' id='word_1_95' title='bbox 653 1418 862 1479; x_wconf 83' lang='lat' dir='ltr'>evaouandem</span> <span class='ocrx_word' id='word_1_96' title='bbox 881 1425 938 1490; x_wconf 73' lang='lat' dir='ltr'>eat,</span> <span class='ocrx_word' id='word_1_97' title='bbox 973 1415 1059 1497; x_wconf 86' lang='lat' dir='ltr'>quod</span> 
     </span>
     <span class='ocr_line' id='line_1_15' title="bbox 133 1500 1059 1584; baseline 0 -23"><span class='ocrx_word' id='word_1_98' title='bbox 133 1519 174 1561; x_wconf 86' lang='lat' dir='ltr'>ex</span> <span class='ocrx_word' id='word_1_99' title='bbox 194 1508 282 1581; x_wconf 82' lang='lat' dir='ltr'>parte</span> <span class='ocrx_word' id='word_1_100' title='bbox 304 1507 367 1580; x_wconf 85' lang='lat' dir='ltr'>eet,</span> <span class='ocrx_word' id='word_1_101' title='bbox 389 1512 421 1562; x_wconf 88' lang='lat' dir='ltr'>et</span> <span class='ocrx_word' id='word_1_102' title='bbox 443 1500 568 1582; x_wconf 76' lang='lat' dir='ltr'>quaudo</span> <span class='ocrx_word' id='word_1_103' title='bbox 587 1509 710 1583; x_wconf 75' lang='lat' dir='ltr'>tempus</span> <span class='ocrx_word' id='word_1_104' title='bbox 731 1508 795 1584; x_wconf 85' lang='lat' dir='ltr'>eet,</span> <span class='ocrx_word' id='word_1_105' title='bbox 817 1502 928 1562; x_wconf 78' lang='lat' dir='ltr'>utriri</span> <span class='ocrx_word' id='word_1_106' title='bbox 950 1502 1059 1579; x_wconf 81' lang='lat' dir='ltr'>eimue,</span> 
     </span>
     <span class='ocr_line' id='line_1_16' title="bbox 132 1582 543 1666; baseline 0 -19"><span class='ocrx_word' id='word_1_107' title='bbox 132 1582 314 1647; x_wconf 82' lang='lat' dir='ltr'>ereoueuda</span> <span class='ocrx_word' id='word_1_108' title='bbox 333 1591 383 1647; x_wconf 85' lang='lat' dir='ltr'>eet</span> <span class='ocrx_word' id='word_1_109' title='bbox 403 1586 543 1666; x_wconf 87' lang='lat' dir='ltr'>pueritia.</span> 
     </span>
    </p>

    <p class='ocr_par' dir='ltr' id='par_1_4' title="bbox 103 1667 1059 3411">
     <span class='ocr_line' id='line_1_17' title="bbox 214 1667 1059 1749; baseline -0.005 -19"><span class='ocrx_word' id='word_1_110' title='bbox 214 1667 327 1730; x_wconf 74' lang='lat' dir='ltr'>Omnia</span> <span class='ocrx_word' id='word_1_111' title='bbox 348 1688 424 1748; x_wconf 81' lang='lat' dir='ltr'>ergo</span> <span class='ocrx_word' id='word_1_112' title='bbox 447 1674 520 1730; x_wconf 79' lang='lat' dir='ltr'>vota</span> <span class='ocrx_word' id='word_1_113' title='bbox 541 1675 613 1730; x_wconf 88' lang='lat' dir='ltr'>eunt</span> <span class='ocrx_word' id='word_1_114' title='bbox 632 1668 814 1749; x_wconf 85' lang='lat' dir='ltr'>temporalia</span> <span class='ocrx_word' id='word_1_115' title='bbox 836 1674 867 1728; x_wconf 90' lang='lat' dir='ltr'>et</span> <span class='ocrx_word' id='word_1_116' title='bbox 889 1667 1059 1728; x_wconf 76' lang='lat' dir='ltr'>mutabiiia.</span> 
     </span>
     <span class='ocr_line' id='line_1_18' title="bbox 131 1749 1058 1831; baseline -0.003 -18"><span class='ocrx_word' id='word_1_117' title='bbox 131 1749 279 1831; x_wconf 79' lang='lat' dir='ltr'>Supereet</span> <span class='ocrx_word' id='word_1_118' title='bbox 309 1751 379 1813; x_wconf 81' lang='lat' dir='ltr'>eoia</span> <span class='ocrx_word' id='word_1_119' title='bbox 414 1761 445 1812; x_wconf 89' lang='lat' dir='ltr'>et</span> <span class='ocrx_word' id='word_1_120' title='bbox 472 1771 531 1812; x_wconf 85' lang='lat' dir='ltr'>una</span> <span class='ocrx_word' id='word_1_121' title='bbox 561 1752 707 1827; x_wconf 81' lang='lat' dir='ltr'>eaetitee,</span> <span class='ocrx_word' id='word_1_122' title='bbox 734 1770 815 1831; x_wconf 84' lang='lat' dir='ltr'>quea</span> <span class='ocrx_word' id='word_1_123' title='bbox 840 1770 895 1813; x_wconf 81' lang='lat' dir='ltr'>our</span> <span class='ocrx_word' id='word_1_124' title='bbox 925 1770 989 1811; x_wconf 90' lang='lat' dir='ltr'>non</span> <span class='ocrx_word' id='word_1_125' title='bbox 1017 1750 1058 1811; x_wconf 86' lang='lat' dir='ltr'>eit</span> 
     </span>
     <span class='ocr_line' id='line_1_19' title="bbox 131 1834 1059 1916; baseline -0.001 -22"><span class='ocrx_word' id='word_1_126' title='bbox 131 1834 326 1914; x_wconf 79' lang='lat' dir='ltr'>temporalis,</span> <span class='ocrx_word' id='word_1_127' title='bbox 354 1836 423 1915; x_wconf 86' lang='lat' dir='ltr'>quie</span> <span class='ocrx_word' id='word_1_128' title='bbox 450 1835 565 1916; x_wconf 85' lang='lat' dir='ltr'>poterit</span> <span class='ocrx_word' id='word_1_129' title='bbox 592 1834 779 1896; x_wconf 77' lang='lat' dir='ltr'>ostendere?</span> <span class='ocrx_word' id='word_1_130' title='bbox 813 1852 882 1895; x_wconf 85' lang='lat' dir='ltr'>oum</span> <span class='ocrx_word' id='word_1_131' title='bbox 913 1840 1059 1915; x_wconf 84' lang='lat' dir='ltr'>oporteat</span> 
     </span>
     <span class='ocr_line' id='line_1_20' title="bbox 132 1917 1056 1998; baseline 0.003 -19"><span class='ocrx_word' id='word_1_132' title='bbox 132 1936 200 1979; x_wconf 79' lang='lat' dir='ltr'>eam</span> <span class='ocrx_word' id='word_1_133' title='bbox 227 1937 303 1998; x_wconf 85' lang='lat' dir='ltr'>prae</span> <span class='ocrx_word' id='word_1_134' title='bbox 334 1919 444 1979; x_wconf 85' lang='lat' dir='ltr'>oeterie</span> <span class='ocrx_word' id='word_1_135' title='bbox 475 1917 618 1979; x_wconf 79' lang='lat' dir='ltr'>omnibns</span> <span class='ocrx_word' id='word_1_136' title='bbox 649 1937 720 1978; x_wconf 78' lang='lat' dir='ltr'>ease</span> <span class='ocrx_word' id='word_1_137' title='bbox 756 1917 1056 1998; x_wconf 77' lang='lat' dir='ltr'>tempomlieeimam.</span> 
     </span>
     <span class='ocr_line' id='line_1_21' title="bbox 132 1999 1058 2083; baseline 0 -22"><span class='ocrx_word' id='word_1_138' title='bbox 132 1999 220 2061; x_wconf 82' lang='lat' dir='ltr'>Haeo</span> <span class='ocrx_word' id='word_1_139' title='bbox 240 2001 426 2083; x_wconf 78' lang='lat' dir='ltr'>prohdolor</span> <span class='ocrx_word' id='word_1_140' title='bbox 446 2019 508 2063; x_wconf 89' lang='lat' dir='ltr'>uon</span> <span class='ocrx_word' id='word_1_141' title='bbox 530 2008 579 2063; x_wconf 89' lang='lat' dir='ltr'>eet</span> <span class='ocrx_word' id='word_1_142' title='bbox 599 2000 669 2061; x_wconf 84' lang='lat' dir='ltr'>flete</span> <span class='ocrx_word' id='word_1_143' title='bbox 687 2000 742 2062; x_wconf 87' lang='lat' dir='ltr'>aed</span> <span class='ocrx_word' id='word_1_144' title='bbox 765 2020 847 2076; x_wconf 81' lang='lat' dir='ltr'>vera,</span> <span class='ocrx_word' id='word_1_145' title='bbox 869 2001 941 2061; x_wconf 86' lang='lat' dir='ltr'>lieet</span> <span class='ocrx_word' id='word_1_146' title='bbox 962 2002 1058 2082; x_wconf 80' lang='lat' dir='ltr'>impia</span> 
     </span>
     <span class='ocr_line' id='line_1_22' title="bbox 132 2083 1055 2165; baseline 0 -21"><span class='ocrx_word' id='word_1_147' title='bbox 132 2088 164 2144; x_wconf 87' lang='lat' dir='ltr'>et</span> <span class='ocrx_word' id='word_1_148' title='bbox 184 2085 336 2165; x_wconf 76' lang='lat' dir='ltr'>aeoriIege</span> <span class='ocrx_word' id='word_1_149' title='bbox 356 2105 396 2145; x_wconf 87' lang='lat' dir='ltr'>ex</span> <span class='ocrx_word' id='word_1_150' title='bbox 418 2093 527 2145; x_wconf 85' lang='lat' dir='ltr'>nature</span> <span class='ocrx_word' id='word_1_151' title='bbox 547 2102 613 2144; x_wconf 84' lang='lat' dir='ltr'>aua.</span> <span class='ocrx_word' id='word_1_152' title='bbox 650 2084 721 2145; x_wconf 84' lang='lat' dir='ltr'>Nou</span> <span class='ocrx_word' id='word_1_153' title='bbox 735 2085 816 2145; x_wconf 89' lang='lat' dir='ltr'>enim</span> <span class='ocrx_word' id='word_1_154' title='bbox 839 2083 934 2162; x_wconf 80' lang='lat' dir='ltr'>tingit</span> <span class='ocrx_word' id='word_1_155' title='bbox 948 2092 1055 2145; x_wconf 86' lang='lat' dir='ltr'>votnm</span> 
     </span>
     <span class='ocr_line' id='line_1_23' title="bbox 133 2166 1056 2247; baseline 0.001 -20"><span class='ocrx_word' id='word_1_156' title='bbox 133 2185 238 2227; x_wconf 87' lang='lat' dir='ltr'>eorum</span> <span class='ocrx_word' id='word_1_157' title='bbox 263 2169 452 2243; x_wconf 83' lang='lat' dir='ltr'>caetitatem,</span> <span class='ocrx_word' id='word_1_158' title='bbox 489 2170 567 2227; x_wconf 84' lang='lat' dir='ltr'>siout</span> <span class='ocrx_word' id='word_1_159' title='bbox 589 2166 678 2246; x_wconf 80' lang='lat' dir='ltr'>fingit</span> <span class='ocrx_word' id='word_1_160' title='bbox 700 2167 905 2228; x_wconf 71' lang='lat' dir='ltr'>obedientiam</span> <span class='ocrx_word' id='word_1_161' title='bbox 929 2174 961 2228; x_wconf 92' lang='lat' dir='ltr'>et</span> <span class='ocrx_word' id='word_1_162' title='bbox 982 2187 1056 2247; x_wconf 87' lang='lat' dir='ltr'>peu·</span> 
     </span>
     <span class='ocr_line' id='line_1_24' title="bbox 131 2249 1055 2331; baseline 0 -22"><span class='ocrx_word' id='word_1_163' title='bbox 131 2256 279 2329; x_wconf 84' lang='lat' dir='ltr'>pertatem</span> <span class='ocrx_word' id='word_1_164' title='bbox 299 2253 386 2311; x_wconf 83' lang='lat' dir='ltr'>novis</span> <span class='ocrx_word' id='word_1_165' title='bbox 409 2251 578 2328; x_wconf 86' lang='lat' dir='ltr'>voeabulie,</span> <span class='ocrx_word' id='word_1_166' title='bbox 602 2249 656 2310; x_wconf 83' lang='lat' dir='ltr'>sed</span> <span class='ocrx_word' id='word_1_167' title='bbox 676 2253 773 2331; x_wconf 87' lang='lat' dir='ltr'>ipsam</span> <span class='ocrx_word' id='word_1_168' title='bbox 791 2271 892 2311; x_wconf 84' lang='lat' dir='ltr'>veram</span> <span class='ocrx_word' id='word_1_169' title='bbox 918 2252 1055 2311; x_wconf 88' lang='lat' dir='ltr'>omnium</span> 
     </span>
     <span class='ocr_line' id='line_1_25' title="bbox 131 2332 1055 2413; baseline 0 -20"><span class='ocrx_word' id='word_1_170' title='bbox 131 2333 242 2413; x_wconf 85' lang='lat' dir='ltr'>linguis</span> <span class='ocrx_word' id='word_1_171' title='bbox 281 2332 482 2413; x_wconf 78' lang='lat' dir='ltr'>significatam</span> <span class='ocrx_word' id='word_1_172' title='bbox 518 2334 760 2412; x_wconf 87' lang='lat' dir='ltr'>eomprehendit.</span> <span class='ocrx_word' id='word_1_173' title='bbox 813 2335 996 2412; x_wconf 76' lang='lat' dir='ltr'><strong>Quanquam</strong></span> <span class='ocrx_word' id='word_1_174' title='bbox 1023 2335 1055 2393; x_wconf 91' lang='lat' dir='ltr'>in</span> 
     </span>
     <span class='ocr_line' id='line_1_26' title="bbox 132 2416 1054 2496; baseline 0.003 -22"><span class='ocrx_word' id='word_1_175' title='bbox 132 2416 284 2477; x_wconf 87' lang='lat' dir='ltr'>eervendo</span> <span class='ocrx_word' id='word_1_176' title='bbox 309 2436 347 2477; x_wconf 90' lang='lat' dir='ltr'>eo</span> <span class='ocrx_word' id='word_1_177' title='bbox 360 2426 434 2478; x_wconf 89' lang='lat' dir='ltr'>voto</span> <span class='ocrx_word' id='word_1_178' title='bbox 448 2416 520 2476; x_wconf 89' lang='lat' dir='ltr'>nihii</span> <span class='ocrx_word' id='word_1_179' title='bbox 545 2436 644 2496; x_wconf 82' lang='lat' dir='ltr'>aeque</span> <span class='ocrx_word' id='word_1_180' title='bbox 656 2427 701 2477; x_wconf 88' lang='lat' dir='ltr'>eet</span> <span class='ocrx_word' id='word_1_181' title='bbox 725 2418 839 2493; x_wconf 82' lang='lat' dir='ltr'>fiotum,</span> <span class='ocrx_word' id='word_1_182' title='bbox 862 2436 920 2476; x_wconf 87' lang='lat' dir='ltr'>nee</span> <span class='ocrx_word' id='word_1_183' title='bbox 935 2420 1054 2496; x_wconf 79' lang='lat' dir='ltr'><strong>uspiam</strong></span> 
     </span>
     <span class='ocr_line' id='line_1_27' title="bbox 132 2500 1055 2580; baseline 0.001 -21"><span class='ocrx_word' id='word_1_184' title='bbox 132 2500 231 2559; x_wconf 90' lang='lat' dir='ltr'>minue</span> <span class='ocrx_word' id='word_1_185' title='bbox 254 2503 413 2575; x_wconf 78' lang='lat' dir='ltr'>eastitatis,</span> <span class='ocrx_word' id='word_1_186' title='bbox 436 2520 527 2579; x_wconf 89' lang='lat' dir='ltr'>quam</span> <span class='ocrx_word' id='word_1_187' title='bbox 550 2501 581 2560; x_wconf 91' lang='lat' dir='ltr'>in</span> <span class='ocrx_word' id='word_1_188' title='bbox 605 2502 652 2574; x_wconf 73' lang='lat' dir='ltr'>iia,</span> <span class='ocrx_word' id='word_1_189' title='bbox 675 2503 724 2580; x_wconf 89' lang='lat' dir='ltr'>qui</span> <span class='ocrx_word' id='word_1_190' title='bbox 750 2507 900 2560; x_wconf 87' lang='lat' dir='ltr'>voverunt</span> <span class='ocrx_word' id='word_1_191' title='bbox 929 2502 1055 2560; x_wconf 81' lang='lat' dir='ltr'>caetita-</span> 
     </span>
     <span class='ocr_line' id='line_1_28' title="bbox 132 2582 1056 2663; baseline 0 -21"><span class='ocrx_word' id='word_1_192' title='bbox 132 2589 203 2656; x_wconf 77' lang='lat' dir='ltr'>tem,</span> <span class='ocrx_word' id='word_1_193' title='bbox 225 2584 344 2663; x_wconf 83' lang='lat' dir='ltr'>polluta</span> <span class='ocrx_word' id='word_1_194' title='bbox 364 2591 436 2643; x_wconf 83' lang='lat' dir='ltr'>suut</span> <span class='ocrx_word' id='word_1_195' title='bbox 458 2584 552 2644; x_wconf 81' lang='lat' dir='ltr'>ferme</span> <span class='ocrx_word' id='word_1_196' title='bbox 576 2585 689 2659; x_wconf 85' lang='lat' dir='ltr'>omnia,</span> <span class='ocrx_word' id='word_1_197' title='bbox 715 2583 764 2643; x_wconf 82' lang='lat' dir='ltr'>vel</span> <span class='ocrx_word' id='word_1_198' title='bbox 780 2583 942 2642; x_wconf 84' lang='lat' dir='ltr'>immundis</span> <span class='ocrx_word' id='word_1_199' title='bbox 965 2582 1056 2643; x_wconf 87' lang='lat' dir='ltr'>fluxi-</span> 
     </span>
     <span class='ocr_line' id='line_1_29' title="bbox 132 2665 1052 2746; baseline 0.002 -22"><span class='ocrx_word' id='word_1_200' title='bbox 132 2665 188 2726; x_wconf 89' lang='lat' dir='ltr'>bue</span> <span class='ocrx_word' id='word_1_201' title='bbox 213 2667 260 2726; x_wconf 86' lang='lat' dir='ltr'>vet</span> <span class='ocrx_word' id='word_1_202' title='bbox 284 2674 431 2746; x_wconf 89' lang='lat' dir='ltr'>perpetua</span> <span class='ocrx_word' id='word_1_203' title='bbox 459 2669 580 2726; x_wconf 79' lang='lat' dir='ltr'>ustione</span> <span class='ocrx_word' id='word_1_204' title='bbox 609 2675 640 2727; x_wconf 87' lang='lat' dir='ltr'>et</span> <span class='ocrx_word' id='word_1_205' title='bbox 668 2665 792 2727; x_wconf 82' lang='lat' dir='ltr'>flammo</span> <span class='ocrx_word' id='word_1_206' title='bbox 820 2668 955 2745; x_wconf 88' lang='lat' dir='ltr'>inquieta</span> <span class='ocrx_word' id='word_1_207' title='bbox 990 2665 1052 2726; x_wconf 82' lang='lat' dir='ltr'>tibt-</span> 
     </span>
     <span class='ocr_line' id='line_1_30' title="bbox 132 2747 1054 2830; baseline 0 -21"><span class='ocrx_word' id='word_1_208' title='bbox 132 2747 219 2811; x_wconf 90' lang='lat' dir='ltr'>dinie.</span> <span class='ocrx_word' id='word_1_209' title='bbox 264 2750 365 2829; x_wconf 83' lang='lat' dir='ltr'>Atque</span> <span class='ocrx_word' id='word_1_210' title='bbox 387 2749 523 2830; x_wconf 87' lang='lat' dir='ltr'>optabile</span> <span class='ocrx_word' id='word_1_211' title='bbox 544 2758 629 2829; x_wconf 88' lang='lat' dir='ltr'>erat,</span> <span class='ocrx_word' id='word_1_212' title='bbox 659 2759 716 2828; x_wconf 88' lang='lat' dir='ltr'>ut,</span> <span class='ocrx_word' id='word_1_213' title='bbox 747 2752 772 2808; x_wconf 87' lang='lat' dir='ltr'>ei</span> <span class='ocrx_word' id='word_1_214' title='bbox 801 2751 872 2828; x_wconf 87' lang='lat' dir='ltr'>quid</span> <span class='ocrx_word' id='word_1_215' title='bbox 897 2749 1002 2809; x_wconf 86' lang='lat' dir='ltr'>fiotum</span> <span class='ocrx_word' id='word_1_216' title='bbox 1026 2751 1054 2809; x_wconf 92' lang='lat' dir='ltr'>in</span> 
     </span>
     <span class='ocr_line' id='line_1_31' title="bbox 103 2832 1055 2909; baseline 0.002 -17"><span class='ocrx_word' id='word_1_217' title='bbox 103 2835 325 2909; x_wconf 76' lang='lat' dir='ltr'>,monasteriis</span> <span class='ocrx_word' id='word_1_218' title='bbox 348 2834 453 2894; x_wconf 88' lang='lat' dir='ltr'>voveri</span> <span class='ocrx_word' id='word_1_219' title='bbox 477 2832 599 2909; x_wconf 82' lang='lat' dir='ltr'><strong>debuit,</strong></span> <span class='ocrx_word' id='word_1_220' title='bbox 629 2832 702 2893; x_wconf 87' lang='lat' dir='ltr'>fieta</span> <span class='ocrx_word' id='word_1_221' title='bbox 730 2834 853 2891; x_wconf 77' lang='lat' dir='ltr'>castitas</span> <span class='ocrx_word' id='word_1_222' title='bbox 882 2841 1055 2895; x_wconf 85' lang='lat' dir='ltr'>voveretur.</span> 
     </span>
     <span class='ocr_line' id='line_1_32' title="bbox 131 2914 1055 2994; baseline 0.002 -20"><span class='ocrx_word' id='word_1_223' title='bbox 131 2914 217 2975; x_wconf 86' lang='lat' dir='ltr'>Haeo</span> <span class='ocrx_word' id='word_1_224' title='bbox 238 2918 317 2977; x_wconf 91' lang='lat' dir='ltr'>enim</span> <span class='ocrx_word' id='word_1_225' title='bbox 341 2917 481 2976; x_wconf 84' lang='lat' dir='ltr'>euiutarie</span> <span class='ocrx_word' id='word_1_226' title='bbox 499 2915 582 2976; x_wconf 88' lang='lat' dir='ltr'>fietio</span> <span class='ocrx_word' id='word_1_227' title='bbox 606 2925 679 2980; x_wconf 83' lang='lat' dir='ltr'>eret.</span> <span class='ocrx_word' id='word_1_228' title='bbox 717 2916 757 2976; x_wconf 82' lang='lat' dir='ltr'>Et</span> <span class='ocrx_word' id='word_1_229' title='bbox 778 2917 845 2994; x_wconf 87' lang='lat' dir='ltr'>quie</span> <span class='ocrx_word' id='word_1_230' title='bbox 867 2916 927 2988; x_wconf 82' lang='lat' dir='ltr'>det,</span> <span class='ocrx_word' id='word_1_231' title='bbox 950 2922 983 2976; x_wconf 89' lang='lat' dir='ltr'>ut</span> <span class='ocrx_word' id='word_1_232' title='bbox 1004 2915 1055 2976; x_wconf 88' lang='lat' dir='ltr'>ad-</span> 
     </span>
     <span class='ocr_line' id='line_1_33' title="bbox 132 2997 1056 3079; baseline 0.002 -23"><span class='ocrx_word' id='word_1_233' title='bbox 132 2997 192 3058; x_wconf 90' lang='lat' dir='ltr'>huo</span> <span class='ocrx_word' id='word_1_234' title='bbox 214 2999 303 3060; x_wconf 85' lang='lat' dir='ltr'>fiotae</span> <span class='ocrx_word' id='word_1_235' title='bbox 325 3000 515 3079; x_wconf 74' lang='lat' dir='ltr'>paupertatis</span> <span class='ocrx_word' id='word_1_236' title='bbox 538 3005 569 3058; x_wconf 88' lang='lat' dir='ltr'>et</span> <span class='ocrx_word' id='word_1_237' title='bbox 590 2998 785 3059; x_wconf 87' lang='lat' dir='ltr'>obedientiae</span> <span class='ocrx_word' id='word_1_238' title='bbox 807 3006 911 3058; x_wconf 88' lang='lat' dir='ltr'>votum</span> <span class='ocrx_word' id='word_1_239' title='bbox 936 3018 1056 3078; x_wconf 90' lang='lat' dir='ltr'>permu-</span> 
     </span>
     <span class='ocr_line' id='line_1_34' title="bbox 132 3081 1056 3161; baseline 0.001 -19"><span class='ocrx_word' id='word_1_240' title='bbox 132 3088 212 3142; x_wconf 89' lang='lat' dir='ltr'>tetur</span> <span class='ocrx_word' id='word_1_241' title='bbox 233 3101 300 3142; x_wconf 92' lang='lat' dir='ltr'>oum</span> <span class='ocrx_word' id='word_1_242' title='bbox 323 3082 395 3142; x_wconf 82' lang='lat' dir='ltr'>fleta</span> <span class='ocrx_word' id='word_1_243' title='bbox 426 3081 590 3142; x_wconf 79' lang='lat' dir='ltr'>castitate?</span> <span class='ocrx_word' id='word_1_244' title='bbox 626 3089 658 3141; x_wconf 89' lang='lat' dir='ltr'>ut</span> <span class='ocrx_word' id='word_1_245' title='bbox 689 3083 768 3141; x_wconf 84' lang='lat' dir='ltr'>eieut</span> <span class='ocrx_word' id='word_1_246' title='bbox 791 3082 883 3141; x_wconf 93' lang='lat' dir='ltr'>modo</span> <span class='ocrx_word' id='word_1_247' title='bbox 906 3082 963 3141; x_wconf 88' lang='lat' dir='ltr'>eub</span> <span class='ocrx_word' id='word_1_248' title='bbox 983 3101 1056 3161; x_wconf 83' lang='lat' dir='ltr'>peu·</span> 
     </span>
     <span class='ocr_line' id='line_1_35' title="bbox 132 3164 1058 3242; baseline 0.002 -20"><span class='ocrx_word' id='word_1_249' title='bbox 132 3170 251 3242; x_wconf 81' lang='lat' dir='ltr'>portate</span> <span class='ocrx_word' id='word_1_250' title='bbox 273 3164 622 3237; x_wconf 79' lang='lat' dir='ltr'>servaturebundantia‚</span> <span class='ocrx_word' id='word_1_251' title='bbox 647 3165 703 3224; x_wconf 86' lang='lat' dir='ltr'>aub</span> <span class='ocrx_word' id='word_1_252' title='bbox 719 3165 895 3225; x_wconf 88' lang='lat' dir='ltr'>obedientia</span> <span class='ocrx_word' id='word_1_253' title='bbox 918 3172 1058 3226; x_wconf 85' lang='lat' dir='ltr'>servetur</span> 
     </span>
     <span class='ocr_line' id='line_1_36' title="bbox 131 3246 1057 3325; baseline 0.003 -21"><span class='ocrx_word' id='word_1_254' title='bbox 131 3246 352 3325; x_wconf 82' lang='lat' dir='ltr'>inobedientia,</span> <span class='ocrx_word' id='word_1_255' title='bbox 373 3249 416 3309; x_wconf 86' lang='lat' dir='ltr'>ita</span> <span class='ocrx_word' id='word_1_256' title='bbox 439 3267 527 3307; x_wconf 84' lang='lat' dir='ltr'>verse</span> <span class='ocrx_word' id='word_1_257' title='bbox 550 3249 617 3307; x_wconf 89' lang='lat' dir='ltr'>vioe</span> <span class='ocrx_word' id='word_1_258' title='bbox 639 3248 695 3309; x_wconf 83' lang='lat' dir='ltr'>sub</span> <span class='ocrx_word' id='word_1_259' title='bbox 719 3250 860 3307; x_wconf 87' lang='lat' dir='ltr'>oaetitete</span> <span class='ocrx_word' id='word_1_260' title='bbox 882 3255 1057 3309; x_wconf 77' lang='lat' dir='ltr'>servaretur</span> 
     </span>
     <span class='ocr_line' id='line_1_37' title="bbox 131 3326 1057 3411; baseline 0.005 -25"><span class='ocrx_word' id='word_1_261' title='bbox 131 3326 237 3390; x_wconf 85' lang='lat' dir='ltr'>thorus</span> <span class='ocrx_word' id='word_1_262' title='bbox 260 3332 411 3411; x_wconf 75' lang='lat' dir='ltr'>coniugii,</span> <span class='ocrx_word' id='word_1_263' title='bbox 441 3338 470 3391; x_wconf 94' lang='lat' dir='ltr'>et</span> <span class='ocrx_word' id='word_1_264' title='bbox 494 3331 531 3390; x_wconf 85' lang='lat' dir='ltr'>ud</span> <span class='ocrx_word' id='word_1_265' title='bbox 556 3350 659 3391; x_wconf 87' lang='lat' dir='ltr'>veram</span> <span class='ocrx_word' id='word_1_266' title='bbox 683 3337 895 3409; x_wconf 77' lang='lat' dir='ltr'>paupertatem</span> <span class='ocrx_word' id='word_1_267' title='bbox 930 3339 961 3390; x_wconf 87' lang='lat' dir='ltr'>e&#39;t</span> <span class='ocrx_word' id='word_1_268' title='bbox 984 3329 1057 3391; x_wconf 88' lang='lat' dir='ltr'>obe·</span> 
     </span>
    </p>
   </div>
   <div class='ocr_carea' id='block_1_4' title="bbox 30 3408 1057 3494">
    <p class='ocr_par' dir='ltr' id='par_1_5' title="bbox 30 3408 1057 3494">
     <span class='ocr_line' id='line_1_38' title="bbox 30 3408 1057 3494; baseline 0.006 -24"><span class='ocrx_word' id='word_1_269' title='bbox 30 3408 36 3419; x_wconf 88' lang='grc'><strong>’</strong></span> <span class='ocrx_word' id='word_1_270' title='bbox 133 3410 277 3473; x_wconf 80' lang='lat' dir='ltr'>dientiam</span> <span class='ocrx_word' id='word_1_271' title='bbox 301 3416 419 3493; x_wconf 88' lang='lat' dir='ltr'>utrique</span> <span class='ocrx_word' id='word_1_272' title='bbox 442 3420 633 3494; x_wconf 81' lang='lat' dir='ltr'>cogerentur.</span> <span class='ocrx_word' id='word_1_273' title='bbox 676 3412 851 3474; x_wconf 77' lang='lat' dir='ltr'>Toleranda</span> <span class='ocrx_word' id='word_1_274' title='bbox 872 3413 951 3474; x_wconf 86' lang='lat' dir='ltr'>haee</span> <span class='ocrx_word' id='word_1_275' title='bbox 972 3413 1057 3476; x_wconf 80' lang='lat' dir='ltr'>fictio</span> 
     </span>
    </p>
   </div>
   <div class='ocr_carea' id='block_1_5' title="bbox 132 3494 1058 3829">
    <p class='ocr_par' dir='ltr' id='par_1_6' title="bbox 134 3494 593 3576">
     <span class='ocr_line' id='line_1_39' title="bbox 134 3494 593 3576; baseline 0.011 -23"><span class='ocrx_word' id='word_1_276' title='bbox 134 3501 167 3554; x_wconf 89' lang='lat' dir='ltr'>et</span> <span class='ocrx_word' id='word_1_277' title='bbox 189 3494 278 3557; x_wconf 85' lang='lat' dir='ltr'>beata</span> <span class='ocrx_word' id='word_1_278' title='bbox 300 3499 483 3576; x_wconf 86' lang='lat' dir='ltr'>permutatio</span> <span class='ocrx_word' id='word_1_279' title='bbox 505 3497 593 3567; x_wconf 84' lang='lat' dir='ltr'>foret.</span> 
     </span>
    </p>

    <p class='ocr_par' dir='ltr' id='par_1_7' title="bbox 132 3577 1058 3829">
     <span class='ocr_line' id='line_1_40' title="bbox 215 3577 1058 3658; baseline 0.002 -19"><span class='ocrx_word' id='word_1_280' title='bbox 215 3577 275 3639; x_wconf 77' lang='lat' dir='ltr'>eeu</span> <span class='ocrx_word' id='word_1_281' title='bbox 300 3580 396 3641; x_wconf 82' lang='lat' dir='ltr'>defuit</span> <span class='ocrx_word' id='word_1_282' title='bbox 423 3579 557 3640; x_wconf 83' lang='lat' dir='ltr'>Satanae</span> <span class='ocrx_word' id='word_1_283' title='bbox 578 3579 697 3658; x_wconf 84' lang='lat' dir='ltr'>speeies</span> <span class='ocrx_word' id='word_1_284' title='bbox 732 3580 761 3638; x_wconf 89' lang='lat' dir='ltr'>in</span> <span class='ocrx_word' id='word_1_285' title='bbox 791 3586 865 3639; x_wconf 93' lang='lat' dir='ltr'>voto</span> <span class='ocrx_word' id='word_1_286' title='bbox 897 3581 1058 3656; x_wconf 79' lang='lat' dir='ltr'>eastitatis,</span> 
     </span>
     <span class='ocr_line' id='line_1_41' title="bbox 132 3661 1056 3724; baseline 0.004 -4"><span class='ocrx_word' id='word_1_287' title='bbox 132 3679 201 3721; x_wconf 90' lang='lat' dir='ltr'>oum</span> <span class='ocrx_word' id='word_1_288' title='bbox 225 3663 264 3723; x_wconf 89' lang='lat' dir='ltr'>eit</span> <span class='ocrx_word' id='word_1_289' title='bbox 286 3664 375 3724; x_wconf 88' lang='lat' dir='ltr'>nimie</span> <span class='ocrx_word' id='word_1_290' title='bbox 397 3662 555 3723; x_wconf 82' lang='lat' dir='ltr'>manifesta</span> <span class='ocrx_word' id='word_1_291' title='bbox 581 3661 753 3722; x_wconf 87' lang='lat' dir='ltr'>differentia</span> <span class='ocrx_word' id='word_1_292' title='bbox 782 3664 861 3723; x_wconf 87' lang='lat' dir='ltr'>inter</span> <span class='ocrx_word' id='word_1_293' title='bbox 883 3664 1056 3724; x_wconf 83' lang='lat' dir='ltr'>caetitatem</span> 
     </span>
     <span class='ocr_line' id='line_1_42' title="bbox 132 3743 1057 3829; baseline 0 -20"><span class='ocrx_word' id='word_1_294' title='bbox 132 3749 165 3809; x_wconf 78' lang='lat' dir='ltr'>ot</span> <span class='ocrx_word' id='word_1_295' title='bbox 180 3747 369 3829; x_wconf 75' lang='lat' dir='ltr'>coniugium,</span> <span class='ocrx_word' id='word_1_296' title='bbox 390 3744 462 3809; x_wconf 89' lang='lat' dir='ltr'>ideo</span> <span class='ocrx_word' id='word_1_297' title='bbox 474 3764 537 3807; x_wconf 87' lang='lat' dir='ltr'>non</span> <span class='ocrx_word' id='word_1_298' title='bbox 552 3743 688 3808; x_wconf 83' lang='lat' dir='ltr'>feoiebut</span> <span class='ocrx_word' id='word_1_299' title='bbox 707 3745 768 3806; x_wconf 85' lang='lat' dir='ltr'>hoo</span> <span class='ocrx_word' id='word_1_300' title='bbox 789 3745 827 3805; x_wconf 86' lang='lat' dir='ltr'>ud</span> <span class='ocrx_word' id='word_1_301' title='bbox 842 3748 1057 3827; x_wconf 87' lang='lat' dir='ltr'>operationem</span> 
     </span>
    </p>
   </div>
   <div class='ocr_carea' id='block_1_6' title="bbox 0 0 1201 4170">
    <p class='ocr_par' dir='ltr' id='par_1_8' title="bbox 0 0 1201 4170">
     <span class='ocr_line' id='line_1_43' title="bbox 0 0 1201 4170; baseline 0 0"><span class='ocrx_word' id='word_1_302' title='bbox 0 0 1201 4170; x_wconf 95' lang='lat' dir='ltr'> </span> 
     </span>
    </p>
   </div>
  </div>
 </body>
</html>
