2392 4170
142 244 208 316 520
481 242 719 302 muneramus

145 413 203 476 Dei
232 432 297 476 noo
331 413 390 475 uisi
411 413 515 494 pistae
535 409 688 493 quaedem
721 410 877 472 orontium
907 412 1071 494 imagines,

145 506 180 559 ut
199 497 293 578 plene
313 497 537 576 hisimundus,
559 516 639 576 quse
652 495 720 557 Deo
741 504 773 555 et
794 494 975 558 hominibus
988 517 1071 573 men-

145 584 192 642 tiri
223 581 338 660 voluit,
367 600 430 642 uon
459 583 517 641 nisi
544 580 603 642 sibi
631 582 690 659 ipsi
719 580 841 639 mentiri
875 594 990 641 eom
1023 583 1071 644 sil.

146 664 223 741 Quis
245 673 292 725 est
314 666 395 724 enim
418 666 448 724 iu
471 666 615 724 universo
636 682 765 723 numero
787 662 1072 746 totGollegiornm,

146 749 420 820 Monssteriorum,
442 747 720 825 Benelleiotorum,
755 748 806 826 qui
828 749 926 808 oret?
967 745 1071 810 Verbo

146 831 268 912 quidem
291 833 464 892 orationum
486 833 517 892 iu
537 831 625 892 labiis
648 831 795 908 volvont,
816 838 847 890 et
868 833 951 892 sieut
971 832 1072 892 David

146 924 255 995 potunt
271 936 341 977 sese
357 915 470 976 hebere
494 934 568 975 voss
587 916 709 990 cantici,
730 915 874 975 utAmos
886 916 942 987 eit
964 935 1070 976 verum

147 998 308 1059 tumultum
345 1018 414 1058 esse
440 999 610 1059 carminum
642 999 709 1078 ipse
730 996 862 1076 definit,
902 1000 956 1078 qni
978 999 1071 1061 dixit:

145 1081 280 1162 Populus
301 1084 359 1143 iste
388 1102 436 1142 me
467 1081 555 1143 lobiis
577 1082 732 1160 honoret,
759 1100 814 1142 eor
835 1089 943 1144 eutem
964 1103 1071 1146 eorum

149 1165 243 1247 longe
265 1173 313 1227 est
333 1185 352 1227 o
374 1185 434 1229 me.
1050 1180 1056 1187 ·

229 1271 281 1331 Sie
301 1273 440 1332 invenias
459 1271 608 1351 plurimos
623 1271 762 1350 illorum,
789 1272 841 1350 qni
863 1271 1071 1354 quedmgints

145 1356 236 1415 eoois
260 1355 398 1423 veltots
426 1357 490 1415 vite
519 1354 613 1415 verbo
639 1362 749 1416 sunem
777 1357 953 1416 orationum
985 1357 1071 1419 lebiis

145 1439 314 1517 volverint,
347 1438 401 1500 sed
433 1457 491 1498 nee
517 1457 579 1499 uno
608 1447 766 1499 momento
787 1439 912 1500 unieom
937 1460 1070 1521 unquam

146 1523 317 1582 orationem
340 1542 444 1582 eorem
473 1523 539 1582 Deo
568 1521 772 1602 impleverint.
816 1521 856 1582 Et
885 1523 967 1583 heeo
989 1545 1071 1587 mon·

145 1613 209 1664 stro
239 1604 363 1685 dignum
403 1614 451 1666 εει
483 1614 593 1685 putere
625 1614 656 1665 et
689 1606 849 1666 nominare
879 1609 1071 1687 sacerdotes,

146 1688 257 1768 quibus
287 1697 388 1749 lantes
415 1688 513 1748 moles
545 1688 748 1768 templorum,
782 1697 887 1748 tentos
921 1700 1070 1772 sumptus,

146 1778 251 1832 tentos
273 1771 387 1832 reditus
402 1771 644 1852 suppeditemus‚
664 1791 704 1832 se
724 1773 819 1834 totius
841 1773 949 1834 mundi
967 1795 1070 1856 regns,
1165 1814 1168 1819 ·

148 1853 281 1934 denique
302 1862 334 1915 et
363 1857 450 1934 ipsos
472 1874 564 1917 veros
586 1854 765 1916 sacerdotes
787 1861 820 1915 et
839 1860 1070 1931 oratores-Dei,

147 1957 259 2018 nempe
278 1938 480 2014 chrisimos,
501 1938 725 2019 submittemus,
746 1957 803 2018 pro
825 1938 939 2017 quibus
964 1941 1070 2003 orent?

146 2041 216 2081 eum
238 2022 321 2082 Deus
346 2041 404 2082 nee
433 2021 544 2083 ssltem
563 2022 707 2103 gentibus
728 2041 784 2083 eos
805 2041 945 2100 sequere
969 2025 1069 2107 digne

146 2111 204 2183 tur,
227 2124 306 2185 quae
329 2125 362 2165 se
385 2105 578 2184 multiloquio
601 2113 727 2183 sperent
748 2105 897 2169 exaudiri.
935 2107 977 2168 Hi
1000 2127 1068 2170 vero

147 2208 185 2249 ne
208 2189 346 2250 exaudiri
371 2189 494 2268 quidem
517 2208 585 2249 sese
607 2191 745 2268 cogitant
767 2196 819 2248 aut
841 2202 988 2269 sperent,
1016 2212 1069 2254 neo

147 2273 175 2330 in
200 2271 261 2331 hoe
282 2271 431 2351 battulogi
446 2270 475 2354 ¹)
502 2291 556 2333 seo
579 2272 751 2349 multiloqui
773 2281 853 2351 suot,
878 2280 912 2333 ut
932 2276 1067 2336 exaudiri

147 2374 216 2415 sese
239 2363 373 2435 sperent,
396 2355 450 2415 sed
474 2362 601 2437 tentum,
624 2367 655 2415 ut
677 2355 766 2416 labiis
781 2356 878 2417 Deum
904 2358 1068 2433 honorent,

146 2437 254 2518 dein2)
283 2438 344 2498 hoo
372 2446 494 2499 ostento
530 2458 656 2500 sensum
691 2439 798 2519 populi
833 2450 1012 2503 mereantur
1042 2452 1070 2502 ει

146 2529 267 2582 ventres
289 2540 362 2582 suos
385 2524 537 2602 saginent.
577 2522 617 2582 Itlt
638 2529 741 2583 temen
764 2530 871 2583 sutore
895 2524 983 2604 Papa
1003 2535 1070 2586 sont

145 2605 322 2667 sacerdotes
350 2604 422 2684 Dei,
457 2606 486 2665 id
515 2612 576 2682 εει,
612 2605 763 2683 Solense,
792 2608 843 2685 qui
866 2607 953 2668 Deus
984 2608 1069 2671 huius

145 2688 240 2749 seculi
262 2695 318 2768 est,
343 2696 374 2750 et
394 2708 451 2769 pro
474 2689 563 2750 nobis
586 2695 686 2763 orent,
708 2689 738 2749 id
761 2700 818 2765 est,
840 2709 948 2751 verum
973 2694 1068 2754 Deum

146 2778 256 2832 eontra
277 2792 333 2833 nos
357 2774 482 2835 irritent.

230 2877 400 2940 Audiamus
431 2880 534 2957 itaque
563 2876 613 2939 hio
635 2878 787 2938 Christum
811 2879 944 2940 iudicem
971 2891 1002 2943 et
1025 2883 1070 2943 de-

61 3039 64 3045 ,
145 2960 296 3022 finitorem
321 2963 351 3021 in
376 2961 435 3023 hae
457 2981 560 3023 oeuss.
604 2960 687 3021 Deus
712 2959 789 3043 (eit)
823 2964 949 3042 spiritus
974 2975 1020 3025 est
1043 2984 1071 3026 et

144 3047 195 3123 qui
225 3044 354 3106 adorere
384 3045 464 3120 vult,
500 3047 531 3104 in
561 3045 668 3124 spiritu
711 3053 742 3106 et
775 3047 903 3106 veritate
938 3049 1070 3111 odorere

146 3136 285 3206 oportet,
309 3148 377 3188 nem
402 3129 479 3188 tales
502 3127 681 3191 adoratores
703 3129 794 3189 Peter
815 3132 953 3211 quaerit,
994 3135 1071 3193 seili-

145 3217 194 3270 cet
217 3230 276 3270 non
301 3212 403 3290 quiin
429 3218 534 3272 monte
565 3212 627 3272 hoo
649 3217 702 3271 sut
725 3211 951 3293 Hierosolymis
975 3226 1072 3279 orent.

146 3291 211 3352 Hae
234 3293 390 3357 definitive
414 3296 566 3356 sententio
590 3296 759 3355 molestetis
782 3303 883 3355 stonie
907 3307 1029 3361 stemus
1045 3309 1074 3361 et

146 3396 203 3435 nos
227 3377 426 3453 confidenter,
454 3398 491 3438 ae
518 3378 612 3461 plene
634 3376 746 3439 liduoie
766 3378 964 3444 derernimus
989 3393 1072 3447 soto-

474 3583 564 3591 .-—---

199 3699 231 3775 1)
250 3700 282 3757 Iu
300 3699 346 3764 ed.
364 3702 437 3764 len:
454 3702 602 3783 battologi,
638 3705 671 3778 2)
693 3702 776 3763 ibid:
796 3703 912 3768 deiude.
