2392 4170
382 242 465 312 noc.
483 245 563 311 itant.
580 240 660 309 nuth.
924 238 988 314 259

63 432 123 502 tur,
145 422 223 489 sicut
241 423 406 485 mulierilla
419 423 564 488 Proverb.
586 425 615 500 7,
628 440 707 501 quae
719 421 865 505 relinquit
879 422 990 485 ducem

64 506 232 590 pubertatis
255 526 337 570 suae.

149 589 415 666 Quemadmodum
447 590 551 668 itaque
586 588 665 666 dixi,
699 585 732 651 S.
766 589 929 650 Francisco
959 599 990 650 et
1052 627 1058 637 ι

64 674 133 736 aliis
156 672 294 735 Patribus
316 674 373 734 etsi
397 672 496 733 tribuo
519 691 664 751 errorem,
687 672 769 751 quod
786 671 989 753 Evangetium

64 758 122 818 sibi
146 758 319 834 usurparint
340 754 512 830 seorsim¹)
547 756 762 835 praeferente
784 756 923 836 spiritus,
946 765 989 818 ta-

65 859 136 901 men
174 839 236 902 hoc
267 858 369 901 errore
397 858 452 899 eos
483 838 598 915 libero,
625 858 664 899 ue
686 837 807 899 credam
832 858 886 903 eos
909 858 991 901 meu·

63 925 153 984 dacia
184 930 214 983 et
243 922 390 1004 figmenta
413 922 632 1000 consiliorum,
661 921 876 1002 perfectionis,
898 922 989 983 fictae

63 1006 258 1068 obedientiae
288 1013 319 1067 st
353 1005 541 1087 paupertatis
581 1010 613 1071 et
640 1024 802 1084 perversae
840 1007 988 1067 castitatis

63 1088 223 1171 probasse.
255 1089 336 1151 Dum
355 1089 435 1151 enim
459 1088 692 1169 spiritussaucti
716 1090 829 1169 impetu
851 1097 882 1150 ct
896 1089 989 1171 plena

62 1172 125 1234 tide
162 1173 350 1252 ardenteque
385 1173 513 1233 caritate
545 1170 643 1235 solum
672 1171 733 1232 huc
765 1171 928 1249 ferrentur,
957 1182 989 1233 ut

64 1256 235 1336 Evangelio
273 1256 451 1337 plenissime
486 1263 516 1316 et
547 1253 727 1335 dignissime
755 1255 988 1336 responderent,

63 1358 126 1400 non
150 1341 210 1400 hoc
231 1337 431 1419 cogitabant,
452 1356 582 1418 quorum
605 1347 687 1399 esset
708 1346 738 1399 et
760 1337 798 1399 ad
823 1356 900 1418 quos
921 1358 987 1420 per·

62 1424 173 1484 tineret
193 1421 413 1503 Evangetium,
434 1420 489 1482 sed
511 1429 627 1482 tantum
651 1431 683 1482 ut
704 1421 900 1502 impleretur,
924 1441 986 1484 uon
1091 1438 1097 1449 “

62 1507 143 1566 enim
166 1508 195 1565 in
220 1524 377 1582 sermone,
399 1504 506 1566 sedin
529 1505 639 1566 virtute
665 1523 793 1585 regnum
816 1505 874 1565 Dei
896 1504 987 1566 habe·

63 1589 147 1651 bant.
191 1589 368 1650 Sectatores
390 1607 464 1650 vero
493 1587 614 1649 illorum
643 1589 793 1649 irruentes
815 1584 987 1670 apprehen·

61 1672 170 1738 derunt
210 1680 368 1733 externam
396 1690 501 1732 eorum
530 1672 813 1749 conversationem,
848 1673 985 1751 spiritum

61 1765 165 1817 autern
189 1763 220 1817 et
240 1754 333 1817 fidem
362 1773 468 1816 eorum
491 1753 706 1831 deseruerunt,
727 1762 758 1816 et
779 1757 910 1837 contigit
932 1757 986 1834 eis,

61 1838 145 1920 quod
168 1838 330 1901 Chaldaeis
351 1836 608 1900 succendentibus
630 1838 785 1899 fornacem
805 1839 982 1920 Babylonis,

60 1924 118 2003 ipsi
152 1931 281 2002 pereunt
325 1930 355 1984 et
376 1921 482 1983 Sancti
514 1928 685 1987 servantur.
728 1922 787 1983 Pro
811 1941 870 2000 so,
900 1922 983 2002 quod

60 2009 147 2067 iuxta
169 2005 280 2069 Psalm.
301 2005 377 2087 28²)
406 2024 469 2067 uon
491 2005 709 2067 intellexerunt
736 2024 830 2086 opera
852 2007 924 2083 Dei,
953 2013 984 2066 et

60 2091 141 2151 tacta
167 2090 232 2151 eius
259 2109 320 2151 non
343 2097 566 2170 cognoverunt,
592 2089 663 2150 ideo
687 2089 814 2151 destruit
835 2108 899 2166 eos,
921 2107 984 2153 non

59 2172 205 2235 aedificat
225 2192 290 2234 sos.
334 2174 415 2233 Dicit
447 2175 528 2235 enim
560 2173 642 2236 Psal.
669 2172 724 2240 77:
757 2173 891 2235 Semitas
913 2180 985 2242 tusa

59 2259 89 2317 in
114 2257 201 2333 aquis
225 2256 326 2316 multis
362 2262 393 2316 et
425 2257 629 2337 vestigiatua
660 2276 723 2319 uon
746 2268 983 2338 cognoscentur,

60 2348 92 2401 et
115 2338 224 2398 Psalm.
246 2337 282 2401 4:
314 2338 431 2400 Scitote
454 2338 599 2419 quoniam
632 2339 805 2400 mirificavit
830 2340 983 2407 Dominus

60 2424 192 2486 Sanctus
214 2441 309 2500 suos3
326 2427 357 2482 et
372 2421 483 2487 Psalm.
502 2424 557 2487 68:
581 2422 726 2483 Mirabilis
740 2423 822 2483 Deus
839 2425 870 2484 iu
885 2423 980 2485 Sanc·

60 2509 98 2567 tis
122 2507 198 2586 suis3
221 2514 252 2567 et
273 2505 385 2567 Psalm.
411 2507 462 2570 16:
485 2503 606 2567 Sanctis
629 2505 734 2584 quiin
757 2512 837 2566 terra
860 2513 930 2568 sunt
952 2515 982 2568 ei

61 2588 206 2667 mirificis,
229 2591 329 2651 omnis
353 2587 495 2651 voluutas
518 2589 638 2648 meniu
661 2590 716 2649 eis.

142 2667 197 2734 His
229 2672 412 2734 testimoniis
435 2670 605 2751 docemur,
634 2673 665 2731 iu
690 2671 810 2733 Sanctis
834 2671 891 2732 Dei
915 2690 978 2734 uon

59 2777 129 2817 esse
152 2755 374 2818 observandam
398 2774 524 2837 operum
553 2762 748 2817 externorum
772 2756 904 2833 larvam,
926 2755 982 2816 sed

60 2841 162 2917 fidem,
185 2860 246 2920 qua
268 2859 322 2902 eos
338 2840 417 2921 regit
439 2847 471 2901 et
480 2846 584 2901 serrat
596 2840 781 2921 mirabiliter,
803 2840 983 2919 permittens

59 2943 115 2987 eos
136 2925 259 3004 saepius
272 2943 374 2985 errare
395 2930 426 2984 et
438 2941 570 3004 peccare
591 2929 720 2984 externa
735 2924 983 3003 conversatione,

59 3027 152 3088 quam
177 3007 220 3068 itli
243 3016 388 3088 tauquam
411 3026 507 3091 opera
527 3006 584 3068 Dei
606 3014 638 3068 et
651 3007 731 3068 viam
744 3010 860 3068 rectam
874 3025 982 3088 appre-

58 3091 206 3168 hendunt,
229 3099 259 3151 et
281 3091 396 3154 abeunt
416 3093 446 3152 in
464 3090 638 3151 barathrum
658 3109 805 3154 errorum.
837 3089 877 3151 m
899 3090 980 3171 Apo

58 3176 157 3239 stolus
179 3174 310 3240 Hebrae.
335 3175 628 3253 renominarunt
656 3175 767 3236 intueri
789 3175 981 3254 Praeposito·

57 3279 125 3322 rum
160 3261 295 3336 exitum,
329 3259 454 3338 adiecit,
488 3264 521 3319 ut
554 3257 646 3320 fidem
683 3276 788 3319 eorum
821 3258 981 3334 imitemur.

56 3344 126 3406 Stat
148 3344 229 3403 enim
250 3340 313 3402 fixa
334 3341 415 3422 apud
430 3342 528 3402 Deum
540 3343 703 3421 sententia,
726 3359 835 3402 omnes
855 3349 980 3403 sanctos

56 3425 168 3488 eodem
197 3426 304 3506 spiritu
332 3433 364 3486 et
390 3424 497 3486 eadem
527 3423 587 3486 fide
616 3426 733 3507 vivere,
762 3425 812 3505 agi
844 3432 875 3486 et
903 3427 979 3507 regi,

55 3509 114 3572 eed
137 3510 257 3571 diversa
287 3508 478 3589 operatoris
501 3509 633 3590 operari.
676 3507 718 3570 Ut
738 3509 820 3570 enim
843 3527 905 3570 nou
929 3527 986 3570 eos

53 3786 91 3844 67
120 3710 163 3840 115)
184 3710 216 3766 In
240 3709 307 3768 edit.
329 3709 437 3782 priore:
459 3724 592 3767 asomum.
645 3711 678 3780 2)
699 3705 780 3765 Ibide
810 3707 854 3765 Pr.
873 3709 917 3767 27.
936 3708 982 3766 76.

705 3850 770 3923 17·
