2392 4170
139 232 203 303 tot
489 235 533 292 ⁰⁰
550 232 718 307 &mm

140 408 199 471 tiss
218 406 316 489 regit3
346 406 453 469 civiles
483 408 566 469 euim
600 408 687 488 leges
718 406 920 470 subeuntium
952 400 1059 466 muudi

140 500 260 575 regunt
301 489 351 555 Ita
371 490 516 573 quodque
538 492 744 554 sacerdotium
767 492 915 553 habetet
941 488 1059 551 sucrifi-

140 578 189 639 cta
209 584 241 638 et
263 594 370 657 opera,
390 586 422 637 et
441 575 620 638 sacerdotes
652 578 684 638 in
715 576 787 658 lege
819 595 877 636 sua
905 572 1059 649 definitos,

140 658 193 721 ubi
212 660 290 721 flunt
309 667 441 741 peccata
461 670 492 720 et
512 680 632 722 errores
654 671 685 721 et
705 662 840 722 institiae
861 671 893 719 et
914 658 998 719 bona
1012 674 1060 716 se

141 742 274 805 cundum
297 763 366 805 cem
388 743 500 823 legem.
540 741 609 804 Iam
630 746 711 804 iuter
731 743 909 804 sacerdotes
931 741 1061 802 habetur

140 848 228 905 uuus,
249 826 303 907 qui
322 829 363 888 sit
382 847 518 887 summus
534 840 565 888 et
578 828 722 909 princeps
735 827 941 888 sacerdotum.
975 824 1061 885 Haec

141 912 247 973 omnia
267 911 359 971 etiam
380 912 412 971 in
438 911 604 990 gentilibus
636 910 818 972 sacerdotiis
849 910 979 985 vestre,
1010 904 1060 969 Io·

143 996 199 1071 vis,
222 993 386 1075 Apollinis,
408 994 536 1065 Bacchi,
558 994 678 1055 cereris
708 1002 768 1057 etc.
800 993 981 1055 facillimum
1012 998 1062 1053 est

142 1077 257 1140 videre.
310 1075 419 1140 Simile
451 1088 500 1138 est-
526 1078 557 1138 in
589 1079 748 1158 papisticis
782 1077 975 1145 dioccaibua,
1008 1072 1059 1136 ubi

140 1160 297 1242 quaelibet
317 1158 407 1222 sedes
428 1160 521 1222 habet
542 1182 631 1222 suum
651 1164 848 1242 episcopum,
870 1180 941 1220 suas
963 1158 1060 1240 leges,

141 1264 216 1307 suos
237 1246 323 1325 ritus,
345 1264 402 1305 sua
423 1254 561 1325 peccata,
583 1264 654 1305 snas
676 1264 811 1325 poenas,
833 1264 904 1304 suas
925 1260 1060 1304 ceremo

140 1330 219 1405 nius,
240 1328 377 1389 diversas
400 1327 439 1389 ab
461 1328 528 1389 aliis
556 1329 795 1409 episcopatibus.
837 1328 878 1387 Et
903 1329 972 1407 ipsc
998 1326 1061 1407 epi-

140 1430 256 1492 scopus
278 1420 326 1473 est
346 1412 490 1492 princeps
512 1420 543 1472 et
564 1431 702 1472 summus
722 1413 803 1473 inter
823 1430 888 1472 eos.
916 1410 986 1471 Huc
1002 1418 1060 1469 tra·

140 1495 217 1557 linui
239 1495 384 1576 Papistae
404 1494 478 1555 illud
509 1495 589 1556 Psal.
611 1495 653 1560 45
669 1494 712 1575 ¹):
767 1495 870 1554 Astitit
901 1495 1010 1574 regina
1042 1510 1061 1551 a

140 1577 257 1640 dextris
278 1580 338 1639 tois
359 1579 390 1638 in
413 1579 524 1639 vestitu
547 1578 710 1655 deaurato,
744 1576 932 1638 circumdata
960 1576 1060 1638 varic-

103 1678 113 1692 ·
140 1670 213 1727 tote.
256 1661 345 1723 Hanc
367 1662 546 1722 vametatem
569 1664 704 1742 spiritus,
726 1681 818 1741 quam
839 1661 949 1723 Petrus
972 1666 1062 1722 vocet

140 1745 356 1807 multiformem
389 1746 519 1824 gratiam
553 1743 631 1822 Dei,
663 1754 770 1827 aptant
803 1744 910 1804 larvali
948 1745 998 1803 isti
1030 1751 1062 1802 et

141 1827 314 1889 mundanae
345 1829 483 1889 varietati
516 1828 554 1889 ab
583 1829 759 1891 hominibus
790 1829 951 1907 inventae,
983 1827 1061 1886 sicut

141 1918 190 1973 est
212 1930 280 1973 mos
301 1914 334 1973 et
364 1912 522 1992 ingenium
554 1919 685 1973 tractate
706 1912 879 1991 Scripturas
908 1910 1062 1971 sanctissi-

141 1996 199 2056 mis
220 1994 325 2075 Papae
352 2002 384 2055 et
412 1997 474 2054 suis
496 1995 640 2076 Papistis.
692 1994 817 2058 Rectius
849 2000 952 2054 autem
984 1991 1061 2053 illud

140 2077 273 2139 Hierem.
295 2080 324 2141 2.
351 2078 520 2157 aptaveris:
553 2077 730 2141 Secundum
762 2097 921 2137 numerum
954 2077 1060 2136 civita·

139 2167 203 2220 tum
226 2168 345 2221 tuarum
369 2167 456 2220 erant
478 2168 509 2221 et
530 2161 570 2222 dii
592 2164 635 2222 tui
658 2161 745 2224 Iuda.
789 2161 840 2222 Sic
860 2162 890 2220 in
920 2166 986 2221 toto
1010 2178 1062 2239 pa·

140 2244 250 2323 pistico
283 2241 456 2305 sacerdotio
494 2245 579 2325 Papa
611 2253 659 2306 est
693 2254 725 2306 et
760 2245 870 2305 dicitur
904 2245 1063 2303 verissime

138 2344 275 2387 summus
302 2326 451 2406 pontifex,
474 2329 624 2388 maximus
645 2330 796 2408 pontifex,
819 2338 849 2387 et
872 2347 944 2387 vere
971 2344 1061 2386 sanc·

140 2410 284 2489 tissimus,
308 2411 472 2471 sanctitate
494 2412 540 2470 sui
563 2412 739 2489 sacerdotii,
761 2418 905 2490 totusque
928 2418 958 2470 et
978 2409 1062 2470 solue

140 2493 331 2572 apostolicus
360 2493 539 2573 apostolatu
573 2496 618 2555 sui
654 2495 828 2556 sacerdotii.
878 2493 947 2553 Non
980 2492 1060 2552 enim

138 2582 186 2638 est
205 2596 342 2637 summus
365 2576 511 2637 sacerdos
535 2577 601 2657 Dei,
625 2578 677 2638 sed
701 2578 846 2640 Satanae.

220 2658 305 2722 Inter
329 2660 434 2721 omnia
456 2661 548 2740 igitur
585 2661 760 2722 sacerdotia
788 2661 849 2720 duo
884 2665 956 2719 aaut
989 2678 1062 2719 vera

137 2750 169 2804 et
196 2742 339 2805 divinitus
371 2743 518 2804 instituta.
574 2744 675 2804 Unum
709 2745 890 2821 leviticum,
927 2744 958 2802 iu
998 2760 1059 2821 quo

136 2845 273 2888 summus
295 2825 441 2888 sacerdos
464 2827 520 2887 fuit
538 2827 653 2903 Aaron,
677 2828 737 2908 lex,
761 2827 837 2887 liber
853 2827 942 2901 Mosi,
964 2826 1060 2885 saari-

137 2907 218 2990 flcia,
241 2928 365 2992 pecora,
387 2917 419 2969 et
441 2927 491 2973 res
508 2911 697 2990 corporales,
719 2916 848 2991 peccata
872 2917 902 2969 et
924 2910 1061 2969 iustitiae

136 2992 285 3070 cameles,
303 2994 333 3052 in
348 2993 510 3053 sanctitate
526 2994 666 3068 vestium,
690 2995 778 3071 cutis,
800 2993 942 3072 pilorum,
958 3010 1059 3071 escae,

135 3083 239 3154 potus,
264 3094 418 3152 vasorum,
440 3075 590 3154 locorum,
614 3077 741 3156 dierum,
764 3093 983 3156 personarum,
1005 3074 1059 3134 sed

135 3155 340 3219 haecomnia
378 3167 499 3220 mortua
532 3159 606 3220 nihil
647 3159 846 3241 praestabant
878 3160 961 3219 vitae
996 3158 1059 3217 suis

136 3240 314 3306 cultoribus.
368 3242 506 3303 Alterum
543 3245 748 3304 sacerdotium
784 3242 991 3303 Christianum
1029 3246 1062 3301 et

134 3324 304 3403 spirituale,
326 3325 357 3385 in
382 3344 443 3405 quo
466 3346 602 3386 summus
625 3327 771 3388 sacerdos
794 3333 840 3385 est
862 3324 947 3385 solus
970 3325 1058 3386 Ghri·

133 3412 208 3486 stus,
230 3414 383 3485 aeternus,
406 3409 504 3486 vivus,
526 3415 661 3490 sanctus,
684 3410 766 3470 unde
789 3415 820 3470 et
838 3413 935 3468 totum
957 3426 1059 3468 sacer:

133 3488 249 3551 dotium
285 3491 350 3551 eius
385 3497 414 3551 et
447 3491 593 3572 quidquid
625 3494 656 3552 in
692 3512 730 3553 eo
761 3501 817 3568 cst,
841 3499 991 3567 sanctum,
1016 3491 1058 3549 vi·

132 3591 214 3651 vum,
235 3580 455 3653 aeternumque
477 3581 532 3637 sat.
574 3575 637 3635 Lex
661 3576 726 3636 eius
748 3575 835 3652 fides,
870 3573 899 3633 id
925 3582 982 3650 est,
1015 3574 1059 3635 vi-

513 3714 549 3723 —-

203 3773 235 3845 1)
256 3771 379 3833 Ibidem:
399 3774 444 3834 ll.
