2392 4170
134 258 177 326 68
282 290 288 300 ·
393 260 436 316 Do
455 260 533 332 Capt.
552 261 648 331 Babyl.
668 261 809 316 Ecclesiae

134 416 289 495 illaqueet.
331 415 481 494 Obsecro,
503 435 564 495 quo
587 418 651 476 iure
676 418 810 493 (utnon
835 415 945 493 dicam,
968 433 1060 494 quam

134 501 227 579 impie
250 506 280 559 et
297 497 510 560 damnabiliter
532 500 608 559 haec
632 501 776 578 mysteria
791 501 912 558 omittat
929 498 1060 574 docere)

134 602 217 663 papa
239 601 331 662 super
352 601 409 642 nos
432 584 589 642 constituit
612 583 718 662 leges?
747 582 821 657 Quis
851 581 935 641 dedit
958 583 985 640 ei
1008 599 1061 661 po·

136 671 280 728 testatem
309 665 512 746 captivandae
545 666 633 725 huius
660 673 783 725 nostrae
810 665 974 737 libertatis,
1008 683 1063 744 per

135 749 318 830 baptismum
341 749 430 810 nohis
454 747 607 809 donatae?
640 748 751 821 Unum,
775 756 807 807 ut
829 746 901 822 dixi,
925 746 1015 808 nobis
1032 749 1062 807 in

134 839 200 892 tota
221 833 283 891 vita
312 832 464 911 agendum
493 840 540 891 est
566 832 771 912 propositum,
802 840 835 889 ut
863 829 1062 909 baptisemur,

134 914 165 974 id
188 922 244 994 est,
268 914 498 987 mortificemur,
532 927 561 974 et
591 917 727 974 vivamus
750 932 804 992 per
825 912 915 973 fidem
940 913 1063 992 Christi,

134 1015 226 1078 quam
250 1005 280 1057 et
302 999 390 1058 unice
413 997 535 1067 doctam
567 999 714 1077 oportuit,
744 1000 877 1056 maxime
900 1013 1062 1057 asumma

133 1089 266 1160 pastore.
286 1082 352 1140 ‘At
372 1100 455 1140 nuno
472 1083 564 1140 tacita
585 1080 646 1140 fida
668 1079 791 1138 infinitis
805 1079 921 1158 legibus
933 1097 1061 1159 operum

134 1171 164 1223 et
186 1165 427 1224 ceremoniarum
451 1165 601 1223 exstincta
623 1163 824 1238 estacclesia,
847 1163 949 1222 ablata
967 1163 1061 1222 virtus
1093 1178 1098 1183 ·

135 1253 166 1306 et
186 1247 314 1306 scientia
335 1245 488 1327 baptismi,
511 1246 657 1325 impedita
678 1245 754 1305 fides
772 1245 892 1305 Christi.

208 1329 284 1390 Dioo
297 1331 414 1409 itaque:
437 1330 543 1408 Neque
556 1348 646 1409 papa,
659 1348 758 1407 neque
772 1330 946 1408 episcopus,
959 1346 1061 1407 neque

136 1411 213 1472 ullus
235 1413 390 1473 hominum
414 1413 508 1472 habet
533 1414 579 1471 ius
603 1413 690 1472 unius
713 1411 851 1490 syllabae
875 1411 1061 1491 constituen-

134 1494 191 1555 dae
218 1514 310 1575 super
334 1496 536 1557 Christianum
566 1495 737 1569 hominem,
767 1496 823 1554 nisi
845 1494 874 1554 id
902 1493 955 1553 liat
983 1495 1061 1555 eius·

134 1577 203 1638 dem
225 1597 394 1656 consensu,
423 1578 567 1659 quidquid
592 1578 679 1639 aliter
700 1577 748 1658 lit,
772 1578 932 1658 tyrannico
955 1579 1061 1658 spiritu

133 1659 176 1740 fit,
199 1661 269 1722 ideo
283 1663 457 1732 orationes,
480 1663 607 1739 ieiunia,
632 1662 830 1738 donationes,
859 1668 888 1720 et
909 1679 1062 1739 quaecun-

133 1744 326 1822 quetandem
349 1748 471 1825 papain
485 1745 634 1804 universis
648 1747 710 1804 suis
724 1745 852 1804 decretis
875 1751 936 1803 tam
960 1744 1060 1804 multis

133 1844 224 1905 qnam
252 1828 364 1907 iniquis
394 1830 499 1888 statuit
527 1837 557 1888 et
587 1829 699 1906 exigit,
732 1846 857 1906 prorsus
889 1826 973 1887 nullo
995 1828 1060 1889 iure
1094 1838 1102 1847 '

132 1911 228 1990 exigit
249 1917 280 1970 et
301 1913 420 1986 statuit,
448 1918 619 1991 peccatque
646 1914 675 1969 in
712 1912 881 1970 libertatem
909 1910 1061 1971 ecclesiae

134 1996 236 2070 toties,
259 1995 378 2073 quotics
391 1993 504 2071 aliquid
527 1993 634 2053 horum
658 1995 861 2053 attentaverit.
904 1993 984 2053 Hinc
1001 1993 1060 2054 lao-

133 2083 195 2134 tum
219 2085 275 2154 est,
298 2084 331 2135 ut
352 2078 551 2136 ecclesiastici
573 2077 711 2136 hodierni
724 2078 837 2137 strenui
860 2075 983 2154 quidem
999 2077 1060 2137 siut

133 2165 250 2218 tutores
272 2159 419 2219 libertatis
442 2161 679 2239 ecclesiasticae,
702 2161 731 2220 id
755 2168 811 2236 est,
833 2158 980 2238 lapidum,
1004 2159 1059 2239 lig·

134 2259 257 2321 norum,
280 2261 422 2321 agrorum
447 2251 477 2302 et
499 2261 645 2302 censuum
671 2245 825 2320 (siceuirn
849 2241 941 2303 hodie
964 2243 1058 2302 eccla·

135 2325 259 2384 siastica
282 2334 352 2384 sunt
374 2326 453 2385 idem
478 2326 560 2404 quod
573 2326 771 2407 spiritualia),
794 2324 847 2384 sed
871 2325 986 2384 eisdem
1008 2324 1058 2385 lio·

133 2407 171 2465 tia
194 2406 293 2467 verbis
316 2427 418 2469 reram
435 2406 604 2469 *ecclesiae
616 2409 784 2469 libertatem
808 2427 869 2468 non
883 2408 975 2468 modo
990 2427 1058 2488 cap·

133 2491 243 2569 livent,
278 2490 331 2550 sed
360 2492 549 2572 pessundant
577 2494 712 2570 penitus,
735 2493 836 2551 etiam
872 2492 938 2570 plus
967 2510 1058 2570 quam

131 2571 241 2652 Turoa,
265 2582 373 2635 contra
404 2575 594 2655 apostolum,
617 2575 669 2653 qui
697 2575 769 2635 dicit
781 2573 835 2649 *Jz
860 2574 963 2634 Nolite
992 2573 1057 2634 lieri

25 2720 32 2731 ,
64 2710 71 2728 ,
132 2657 212 2716 servi
233 2657 401 2719 hominum.
444 2658 513 2718 Hoc
534 2658 613 2717 enim
643 2676 714 2717 vere
741 2665 788 2718 est
818 2659 974 2717 hominurn
997 2676 1058 2717 ser·

132 2757 189 2799 vos
211 2739 286 2818 fieri,
308 2742 428 2802 statutis
455 2750 485 2801 et
507 2742 672 2821 tyrannicis
691 2761 795 2802 eornm
809 2741 926 2820 legibus
939 2739 1057 2801 subiici.

216 2822 370 2882 Adiuvant
392 2823 471 2883 hano
492 2826 616 2903 impiam
640 2831 670 2883 et
692 2824 839 2904 perditam
865 2823 1058 2903 tyrannidem

134 2903 273 2986 discipuli
295 2925 406 2987 papae,
430 2908 488 2967 huc
510 2913 687 2985 torquentes
711 2915 741 2967 et
759 2907 961 2986 depravantes
984 2905 1059 2966 illud

133 2987 257 3048 Christi:
271 2989 392 3064 Qnivos
400 2990 493 3069 audit,
507 2990 653 3051 meandit.
668 2991 874 3069 Magnisenim
887 2989 1060 3049 buccishoa

131 3069 508 3152 inflantverbumprosuis
522 3073 745 3150 traditionibus,
767 3092 835 3133 cum
847 3072 984 3132 Christus
998 3072 1060 3134 hoc

133 3153 242 3214 dixerit
254 3157 403 3234 apostolia
425 3157 565 3216 euntibus
579 3156 756 3236 praedicare
769 3156 961 3235 evangelium
977 3162 1007 3216 et
1018 3154 1059 3216 ad

131 3238 325 3318 evangelium
348 3245 465 3298 tantum
489 3241 592 3300 referri
608 3239 735 3315 debeat3
756 3239 814 3319 ipsi
837 3240 952 3299 omisso
965 3258 1057 3300 evan·

131 3321 213 3400 gelio
252 3322 314 3381 suis
337 3327 453 3382 tantum
475 3322 585 3383 fabulis
634 3321 666 3381 id
693 3330 809 3402 aptant.
860 3322 940 3382 Dicit
977 3323 1059 3382 enim

131 3403 238 3466 lohan.
262 3405 314 3468 10:
348 3404 431 3466 Oves
453 3425 541 3466 meae
563 3423 669 3465 vocem
695 3424 793 3465 meam
816 3404 956 3482 audiunt,
987 3405 1058 3466 alie·

131 3504 239 3547 uorum
263 3494 364 3549 autem
387 3508 494 3549 vocem
517 3506 579 3549 non
603 3486 738 3550 audiunt.
777 3487 850 3548 Ideo
873 3494 904 3548 et
918 3488 1059 3550 relictum

185 3757 217 3824 ⁸)
240 3755 264 3810 1.
283 3753 347 3810 Cor.
365 3756 391 3812 7.
