2392 4170
68 3786 96 3928 l

193 247 257 314 304
413 248 569 321 Mpdnsio
588 249 621 307 D.
638 250 675 307 ll.
693 253 722 307 l.
740 252 776 305 ad
794 252 896 309 libram

194 405 342 485 probant,
376 404 450 465 nibil
480 414 589 484 urgent
615 406 645 465 in
667 408 727 467 ista
748 408 963 485 contentione,
998 405 1029 465 iu
1056 422 1120 483 qua

193 486 357 567 Scripturis
379 488 578 569 pugnandum
601 496 656 552 est.
699 489 740 549 Et
761 499 794 550 ut
816 488 978 550 dialectica
1004 488 1055 551 isti
1075 487 1120 549 tn-

192 570 289 650 signi,
317 572 369 650 qui
397 589 482 631 meas
509 574 746 650 consequentias
776 574 894 648 irridet,
916 590 989 632 snas
1023 572 1118 633 etiam

192 653 365 730 ostendam,
387 672 479 733 quam
501 655 668 717 formaliter
688 666 719 716 et
740 656 937 717 materialiter
957 653 1119 731 incedant,

194 737 244 798 ubi
267 736 415 816 didicisti,
438 739 478 797 mi
501 737 681 811 Catbarine,
703 739 784 801 banc
800 738 1063 818 consequentiam,
1084 744 1120 797 ut

193 819 232 879 de
255 838 434 881 successore
460 822 554 881 etiam
581 821 677 918 impio
706 821 888 899 dicendum,
919 821 1003 901 quod
1024 820 1065 879 de
1084 818 1117 884 S.

196 902 287 963 Petro
307 902 412 964 dicunt
433 903 555 980 Patres,
576 912 607 963 et
627 904 707 965 idem
731 905 770 966 de
791 904 853 966 fide
872 904 1011 981 inlormi,
1032 903 1118 982 qaod

193 985 384 1047 deformata
405 985 596 1047 sentiendum
610 987 669 1048 sit?
690 987 805 1069 Proler,
829 1007 962 1068 quaeso,
984 1006 1079 1047 unum
1100 1005 1118 1047 e

193 1068 349 1150 Patribus,
380 1071 432 1149 qui
454 1070 627 1133 Romanum
657 1071 835 1132 Pontificem
863 1077 983 1132 asserat
1014 1077 1118 1150 caput,

193 1160 321 1232 petram,
343 1155 498 1228 verticem,
521 1155 700 1234 principem,
712 1156 890 1235 magistrum
906 1151 1116 1215 ecclesiarum.

195 1235 271 1313 Vos,
293 1236 433 1297 scelerati
455 1235 629 1316 Sophistae,
650 1237 730 1297 fictis
754 1238 861 1298 vestris
883 1237 983 1297 verbis
1005 1254 1064 1297 uos
1080 1237 1115 1295 in

193 1319 252 1380 hos
273 1338 393 1380 errores
411 1321 556 1379 traxistis.
598 1319 730 1380 Pulchra
751 1321 985 1399 consequentia:
1008 1318 1116 1381 Petrus

191 1403 247 1463 luit
268 1403 438 1482 apostolus,
457 1421 533 1482 ergo
555 1410 587 1463 et
608 1403 765 1464 Romanus
786 1407 952 1484 episeopus
974 1412 1022 1463 est
1042 1420 1135 1484 apog

191 1485 298 1563 stolus,
322 1485 428 1545 Petrus
449 1486 505 1545 luit
525 1496 662 1564 sanctos,
683 1505 757 1567 ergo
776 1487 933 1548 Romanrm
948 1487 1115 1567 episcopua

192 1578 239 1629 est
260 1576 400 1645 sanctus,
431 1569 486 1629 sed
506 1569 659 1645 informis,
684 1570 713 1629 id
736 1578 800 1650 est,
823 1570 1044 1632 sanctissimus.
1086 1566 1115 1630 0

192 1671 264 1713 vere
280 1653 417 1713 ialormis
429 1670 600 1727 successor,
621 1659 734 1728 tamen,
757 1653 875 1730 utdixi,
898 1652 972 1712 nibil
988 1668 1116 1713 moveor

192 1734 280 1796 dictis
303 1734 425 1796 Petrum
454 1736 521 1796 sine
542 1735 704 1817 Scripturis
734 1737 938 1816 loquentium,
970 1737 1001 1795 io
1035 1752 1115 1815 quoa

192 1828 223 1878 tu
246 1820 292 1879 sio
314 1820 433 1895 niteris,
464 1827 496 1878 ut
528 1838 634 1880 eorum
662 1821 815 1900 praesidio
844 1820 937 1880 etiam
965 1818 1115 1881 adversus

192 1901 367 1962 confessam
395 1921 415 1962 a
436 1911 465 1961 te
497 1903 566 1982 ipso
595 1905 777 1965 sententiam
808 1922 910 1964 veram
943 1901 1119 1982 Scripturas

191 1986 379 2045 insanisset
402 1984 604 2064 blasphemes.

273 2068 340 2128 Neo
360 2067 542 2128 erubescitis
564 2069 686 2129 tandem
706 2069 873 2149 aliquando
886 2068 1115 2128 sceleratissimi

190 2169 245 2212 vos
275 2150 449 2211 adulatores
481 2151 555 2211 idoli
583 2153 669 2212 istius
692 2152 840 2226 Romani,
875 2151 956 2230 quod
988 2151 1113 2232 proprio

188 2235 368 2294 testimonio
391 2235 525 2294 convicti
547 2239 636 2310 estis,
668 2236 783 2296 nullum
812 2235 916 2296 locum
938 2234 1114 2314 Scripturas

190 2325 329 2397 apertum
352 2323 383 2376 et
405 2317 519 2378 clarum
543 2318 572 2376 in
595 2326 735 2379 tentare
758 2337 812 2399 pro
836 2317 923 2380 vobis
942 2326 1034 2392 stare,
1056 2336 1116 2378 uec

189 2400 270 2461 bunc
292 2400 396 2461 Mattb.
411 2400 461 2464 16.
485 2410 605 2461 vestrae
627 2403 766 2482 opinioni
787 2403 911 2482 possitis
933 2401 1113 2480 simpliciter

189 2490 221 2544 et
241 2483 339 2544 solide
362 2490 478 2563 aptare,
500 2486 592 2545 tantis
614 2487 732 2546 scilicet
753 2484 1060 2564 aequivocationibus
1081 2494 1113 2544 at

189 2568 369 2628 commentis
392 2586 469 2647 opus
493 2567 621 2643 habetis,
644 2577 676 2628 ut
692 2569 800 2629 saltem
823 2569 927 2648 specie
950 2576 1039 2627 tenus
1055 2587 1111 2647 pro

188 2652 276 2711 vobis
298 2651 398 2710 fucere
422 2651 577 2728 videatur,
608 2654 670 2712 imo
692 2671 761 2712 cum
799 2672 858 2712 uon
892 2651 1061 2731 simplicem
1084 2651 1112 2711 ai

187 2733 265 2794 detis
286 2744 317 2794 et
337 2753 442 2794 verum
466 2754 588 2795 sensum
611 2735 788 2797 adversario
807 2735 996 2811 concedatis,
1018 2734 1113 2795 mani·

187 2817 265 2878 leste
287 2827 395 2878 contra
424 2836 480 2877 vos
508 2837 579 2878 eum
597 2817 701 2880 lacera
723 2829 816 2879 testes
852 2820 924 2879 estis
956 2835 1013 2878 vos
1045 2818 1113 2897 ipsi,

188 2901 249 2962 hoc
270 2901 338 2981 ipso
362 2901 515 2981 redarguti
538 2910 569 2961 et
591 2903 738 2979 convicti,
768 2921 860 2981 quam
883 2899 1112 2980 impudentibus

189 2983 355 3045 mendaciis
377 2985 525 3045 hacteuus
549 2983 654 3046 orbern
676 2985 847 3064 illuseritis,
874 2994 906 3045 et
927 2981 1111 3044 vocabulum

188 3067 340 3128 ecclesiae
368 3076 397 3129 et
426 3078 532 3148 petrae
570 3087 672 3129 merae
704 3067 820 3129 libidini
854 3074 975 3127 vestrae
996 3068 1112 3129 servire

188 3152 360 3230 coegeritis.
402 3151 472 3212 Nou
495 3151 576 3213 enim
599 3151 629 3212 id
652 3153 773 3233 egistis,
802 3159 835 3212 ut
856 3151 1038 3213 sententiam
1062 3169 1112 3211 re·

187 3241 281 3294 stram
303 3254 343 3295 ex
364 3237 424 3296 isto
447 3234 518 3296 loco
540 3235 709 3311 referretis,
741 3237 795 3296 sed
818 3245 919 3296 vestra
940 3234 1112 3295 temeritate

184 3326 444 3398 praeconceptam
466 3318 619 3379 intrudere
641 3320 736 3380 moliti
759 3320 849 3396 estis,
884 3329 915 3378 et
943 3316 993 3378 liei
1020 3316 1110 3381 huius

186 3400 266 3461 loliis
292 3402 459 3462 nuditatem
482 3410 513 3462 et
535 3402 749 3481 turpitudinem
773 3411 904 3462 vestram
927 3400 1029 3461 celare
1050 3407 1111 3460 stu·

187 3482 305 3547 duistis.
348 3485 437 3545 Nunc
459 3503 529 3544 cum
550 3503 599 3544 rea
633 3504 694 3546 ooo
725 3483 887 3562 succedat,
922 3492 954 3545 et
982 3483 1110 3545 castitas

186 3565 361 3647 Scripturas
382 3585 439 3627 vos
461 3567 617 3630 adulteros
644 3588 705 3631 non
732 3569 933 3646 intromittat,
965 3574 997 3627 et
1017 3584 1109 3648 coga-

186 3652 260 3711 mini
282 3661 372 3711 extra
391 3648 579 3730 Scriptorum
601 3659 682 3713 stare
695 3653 778 3729 foris,
800 3671 914 3715 novam
930 3649 1109 3731 Scripturas

186 3733 296 3796 luciam
329 3742 360 3794 at
386 3735 541 3796 scenicam
567 3735 721 3816 quandam
750 3736 880 3799 Bibliam
912 3734 1111 3817 componitis,
