2392 4170
138 252 211 328 ’360
447 258 490 315 De
507 257 581 315 rotis
598 255 759 317 mausueta

142 437 192 497 tur
210 433 242 495 in
265 431 480 506 ritisPatram,
502 429 535 497 S.
550 431 688 514 sylvano
710 425 860 493 visionem
886 428 1069 512 apparuisse

143 526 175 579 st
194 515 345 578 infernum
367 515 527 578 monaehis
548 517 699 597 repletum
721 522 880 577 ostensum
903 534 994 591 esse,
1016 513 1068 593 qui

143 600 289 681 deinoepa
312 598 411 661 noluit
434 599 589 663 consolari
609 601 640 661 in
663 601 742 679 vita,
763 606 927 682 postquam
951 597 1072 659 viderat

142 683 230 745 huius
253 684 375 764 generis
397 683 556 764 homines,
578 685 629 765 qui
652 683 756 746 Sanoti
779 681 977 762 videbantur,
1005 687 1069 741 tar·

142 767 247 829 metim
269 767 379 847 perire.
422 766 510 845 Ques
531 769 659 831 historia
680 774 711 829 et
728 768 806 829 visio
819 774 901 828 oerte
923 785 993 826 anm
1008 764 1070 826 hoo

142 849 314 931 Evangelio
336 853 506 928 eonsentit,
527 851 708 931 videturque
731 851 815 914 Deua
837 850 907 912 ideo
931 868 1001 910 eam
1024 868 1070 908 re-

143 934 279 1010 velasse,
314 942 348 995 ut
369 935 480 997 erroris
509 933 721 1017 operationem
750 941 824 997 tuno
844 932 1069 1015 ingredientem

143 1016 321 1079 ostenderet
349 1024 380 1080 et
402 1017 552 1096 differret,
581 1019 665 1099 quod
697 1025 728 1080 et
750 1018 852 1079 maltis
880 1016 948 1079 aliis
970 1016 1070 1095 signis

141 1101 256 1180 voluit,
289 1100 321 1162 in
345 1100 376 1165 Β.
400 1101 556 1182 Antonio,
595 1101 768 1183 Paphnutio
800 1108 832 1163 et
851 1101 929 1162 aiiis.
974 1099 1071 1160 Malta

142 1185 275 1245 enimin
311 1202 350 1245 eo
386 1183 462 1247 libro
485 1186 630 1267 exempla
656 1193 727 1247 snnt
753 1183 1069 1267 periculosissimam

141 1265 213 1328 iidei
247 1266 416 1329 doetrinam
455 1270 600 1350 operibus
633 1269 865 1331 debaoohuntia.
909 1266 940 1329 st
963 1274 1069 1328 autern

142 1354 181 1413 eo
204 1356 342 1431 tempore
374 1354 548 1415 monastiea
575 1354 639 1432 aits
665 1354 777 1415 erroris
799 1352 938 1433 operatio
960 1348 1018 1411 init
1039 1357 1071 1412 et

141 1433 312 1497 monaohos
323 1433 481 1516 perdebat,
503 1436 682 1517 qnidnuno,
703 1455 831 1516 quaeso,
853 1453 922 1495 ease
945 1432 1069 1514 putabis

141 1516 318 1578 iamdudum
340 1521 495 1580 exstineto
517 1520 577 1581 tide
598 1527 628 1582 et
650 1519 835 1601 evaugelio?

223 1600 345 1664 corruit
366 1601 417 1665 hio
433 1609 647 1684 argumentum
672 1603 887 1665 Pariaieusinm
910 1601 1069 1662 asinorum

140 1692 171 1745 et
190 1685 361 1765 papistiose
393 1694 498 1749 saetae
532 1705 714 1768 poreorum,
748 1706 810 1767 quo
833 1706 851 1747 a
874 1684 1069 1745 multitudine

140 1776 172 1827 st
193 1770 357 1830 sanctitate
378 1778 520 1851 arguunt,
543 1770 680 1833 Christus
703 1770 797 1831 soivit
817 1775 1069 1849 argumentum

141 1849 344 1926 multitudine,
369 1852 439 1913 dum
462 1853 550 1914 dicit:
593 1853 633 1914 Et
655 1853 803 1916 sedaoent
825 1852 949 1924 maltos,
971 1853 1014 1911 ita
1036 1854 1070 1912 ut

143 1934 234 1995 eieoti
262 1936 292 1995 in
325 1955 458 1997 errorem
483 1937 551 1998 duoi
573 1938 703 2019 possint.
745 1937 969 2016 Argumentum
993 1952 1068 1995 vero

140 2019 343 2080 asanetitnte
365 2019 455 2080 soivit
477 2020 605 2099 eodem,
628 2020 711 2099 quod
733 2019 849 2081 eleetos
870 2016 1068 2080 sednoendos

139 2101 296 2180 praedioit
339 2101 421 2164 Nihil
456 2123 530 2184 ergo
563 2103 718 2165 radiantes
745 2104 822 2164 asini
844 2108 955 2181 agunt,
995 2099 1066 2160 dum

139 2182 254 2260 dieunt,
275 2184 435 2246 eooiesiam
469 2207 531 2249 nou
554 2186 648 2247 inisse
670 2195 756 2248 tanto
779 2192 918 2265 tempore
937 2184 1066 2244 dereiio·

138 2272 212 2345 tem,
235 2285 295 2328 neo
315 2269 490 2351 ignorasse,
528 2289 607 2350 quae
628 2270 776 2331 Lutirerus
805 2289 874 2329 sese
897 2269 976 2327 seire
998 2285 1065 2347 pro-

139 2351 237 2412 mittit.
280 2351 453 2413 Eeolesiarn
475 2354 534 2434 ipsi
558 2361 671 2414 vooant
692 2361 791 2413 seotas
814 2371 901 2428 snas,
924 2349 979 2410 sed
1002 2368 1064 2410 non

139 2435 236 2514 magis
259 2440 331 2495 sunt
351 2436 501 2514 ecelesia,
530 2455 622 2516 quam
651 2435 837 2516 prophetae,
876 2433 1066 2508 saoerdotes‚

138 2516 286 2597 seniores,
308 2538 408 2599 reges,
421 2519 585 2599 prinsipes,
601 2519 766 2600 pharisoei,
789 2516 954 2579 saddueaei
978 2523 1067 2576 erant

137 2618 310 2682 synagoga,
333 2603 384 2681 qui
408 2621 525 2678 omnes,
548 2603 639 2664 etiam
654 2603 740 2662 Eiise
762 2601 960 2680 temporibus,
985 2619 1066 2659 erra·

137 2691 246 2744 vernat
267 2691 298 2745 et
318 2682 553 2765 ignoraverunt,
574 2692 608 2746 ut
628 2693 745 2746 tanturn
769 2695 884 2765 septem
903 2683 997 2742 miliia
1020 2702 1065 2742 re-

137 2766 358 2847 linquerentur,
381 2769 437 2829 sed
458 2770 510 2848 qui
532 2769 612 2831 odeo
635 2768 779 2845 latebant,
802 2767 880 2827 odeo
904 2784 966 2826 non
983 2765 1064 2825 vide·

139 2847 250 2910 bantur
269 2869 431 2932 synagoga
454 2870 539 2930 esse,
573 2857 608 2913 ut
637 2870 695 2912 neo
716 2851 799 2911 Eiias
831 2870 924 2910 unum
957 2849 1065 2911 exeis

135 2939 250 2998 nosset.
294 2933 526 2995 Ohorrendum
550 2935 740 3014 exemptum,
768 2935 858 3013 igitar
886 2931 984 2993 habes
1015 2932 1066 2992 iria

134 3017 298 3078 autoritate
319 3016 441 3092 Christi,
464 3026 495 3079 ut
517 3018 617 3095 iieeat,
642 3019 705 3078 imo
728 3025 869 3097 oporteat
891 3015 1009 3089 redire,
1039 3016 1064 3072 si

134 3099 246 3159 exieris
283 3100 314 3160 in
343 3100 494 3162 desertum
530 3110 581 3160 aut
613 3101 773 3162 intraveris
795 3099 966 3179 penetralia
990 3100 1064 3159 isto·

134 3181 222 3241 rum?
265 3181 345 3257 Quid
378 3183 438 3244 hoe
465 3184 548 3245 aliud
575 3190 622 3244 est
652 3202 744 3263 quarn
768 3190 870 3243 votum
894 3191 997 3259 tunm,
1033 3182 1062 3240 in

133 3263 225 3324 eiiam
260 3283 350 3344 quam
375 3266 487 3328 Christi
514 3267 687 3329 doctrinam
716 3266 847 3343 foetum,
878 3284 947 3326 esse
976 3282 1063 3324 revo-

133 3345 263 3408 oandam
286 3353 316 3408 et
337 3351 520 3412 oassandurn
534 3359 679 3430 tanquam
691 3368 852 3411 erroneum
866 3355 896 3408 et
908 3347 1063 3428 impium?

132 3428 203 3503 Dixi
226 3431 305 3490 enim
329 3430 360 3495 8.
383 3433 569 3494 Bernerdum
592 3439 797 3494 eoservatum
821 3451 898 3506 esse,
922 3431 1006 3510 qnod
1023 3429 1063 3491 de

131 3513 211 3573 votis
234 3519 360 3593 totaque
382 3534 438 3576 sna
464 3516 630 3578 vitatione
656 3535 696 3577 ex
718 3517 822 3577 animo
845 3514 972 3593 protulit
994 3534 1063 3573 sen-

131 3596 273 3657 tentiam:
323 3597 444 3660 Perdite
472 3601 543 3664 vixi.
587 3599 653 3660 Hae
684 3617 763 3660 vooe
798 3605 829 3659 et
863 3597 1063 3658 confessione

129 3697 235 3747 nonne
256 3686 332 3746 vota
361 3699 418 3745 aaa
450 3683 535 3746 nihili
559 3682 630 3744 feeit
659 3681 748 3742 etad
773 3682 927 3745 Christum
950 3680 1062 3742 rediit?
