2392 4170
271 255 378 308 Bullam
398 253 481 309 Lson.
493 254 526 308 Χ.
548 253 715 308 damnata
736 253 813 310 1520.
938 248 1020 315 .189

90 416 248 489 creatura,
285 428 347 470 non
382 409 450 489 plns
484 407 589 468 valens
619 427 711 488 quam
744 406 935 467 circumcisio
969 413 1022 466 sut

89 493 294 574 praeputium.
317 492 395 552 Nam
419 499 449 552 et
469 491 580 551 Paulus
601 510 668 552 cum
693 497 930 567 converteretur,
953 486 1021 550 lnc's

89 575 192 637 subita
206 575 428 654 circumfulsus,
451 575 559 634 sudem
582 582 738 636 momento
753 574 880 635 caritate
898 573 1020 633 indutus

90 666 138 724 est
166 658 287 720 dicens:
330 658 478 738 Domine,
517 657 589 739 quid
619 677 668 718 ma
698 659 742 718 vis
770 655 894 717 facere?
936 655 1022 717 Haeo

90 741 186 803 verba
213 761 275 804 non
306 741 379 802 dicit
415 743 605 823 poenitentis
633 741 768 816 servilis,
806 758 886 820 quae
918 740 1029 820 potius¹

89 827 196 887 horret
225 834 255 886 et
282 825 359 905 fugit
381 844 399 885 a
421 825 497 885 facie
522 824 661 903 Domini,
681 825 775 884 ‘siout
806 823 895 883 ludas
924 823 1019 884 ischa·
1068 849 1074 857 *

89 906 232 987 riothl),
263 910 373 969 caritas
397 908 465 969 sols
491 908 578 968 dicit:
621 907 769 984 Domina,
803 907 874 986 quid
905 922 953 966 ms
977 907 1021 966 vis

89 991 215 1055 facere?

178 1074 226 1137 Sis
254 1093 329 1155 argo
359 1084 476 1151 certus,
503 1073 592 1134 simul
622 1073 693 1134 dum
722 1073 816 1133 homo
845 1074 1021 1151 conteritur,

91 1158 183 1220 simui
205 1169 235 1218 et
257 1159 355 1237 gratia
376 1157 559 1235 infunditur,
591 1164 620 1216 st
642 1159 672 1216 in
696 1157 797 1216 medio
820 1164 935 1217 terrore
958 1155 1021 1215 dili·
1040 1232 1044 1242 ῃ

91 1244 136 1323 git
158 1244 323 1319 iustitiam,
337 1243 360 1301 si
385 1260 456 1301 vers
478 1242 625 1320 poenitet.
648 1239 699 1301 Sin
723 1247 823 1299 autem
847 1260 907 1299 non
932 1239 1021 1299 simul

92 1325 211 1404 diligit,
243 1344 303 1386 non
337 1344 408 1384 vers
430 1325 576 1404 poenitat.
620 1322 750 1383 Probavi
785 1325 865 1383 enim
898 1324 1021 1404 saepius

91 1408 279 1469 infusionem
303 1409 421 1487 gratiae
449 1405 515 1468 flori
539 1424 608 1467 oum
639 1424 751 1486 magna
773 1407 865 1465 animi
895 1424 1022 1466 concus-

94 1493 192 1553 sione.
237 1489 363 1570 Sicut2)
399 1489 491 1551 beata
517 1489 612 1569 Virgo
644 1489 683 1550 sd
716 1490 887 1569 ingressum
921 1489 1023 1569 angeli

93 1574 217 1636 turbata
244 1580 305 1653 est,
339 1581 369 1633 et
402 1573 461 1634 bac
491 1575 559 1653 ipsa
592 1572 765 1634 turbatione
798 1572 837 1632 ad
870 1591 1022 1633 summum

56 1666 58 1671 '
93 1676 231 1718 amorem
256 1658 437 1737 virginitatis
466 1656 599 1737 impulsa
621 1663 677 1718 sut.
720 1656 828 1735 Neque
856 1658 936 1716 suim
973 1675 1023 1717 vs·

93 1742 266 1801 hamentius
289 1758 422 1819 unquam
452 1740 565 1800 amavit
588 1741 809 1820 virginitatem,
842 1759 933 1819 quam
965 1741 1023 1800 hac

93 1824 181 1902 hora,
204 1826 235 1883 in
258 1841 318 1903 qua
341 1825 395 1883 viri
419 1842 581 1904 personum
605 1823 742 1883 solitaria
767 1824 888 1882 intuens
917 1825 1024 1883 metuit
1118 1823 1121 1828 ’

94 1907 272 1968 violentiam
294 1905 453 1967 castitatis.
496 1906 542 1967 Its
562 1913 718 1986 peccator,
739 1904 809 1965 dum
835 1907 945 1966 virtuts
967 1907 1024 1967 Dsi
1115 1976 1125 1987 ,

94 1991 312 2071 compungitur
343 1996 374 2049 et
400 1989 539 2049 visitatur
567 2009 621 2070 per
649 1991 795 2071 gratiam,
828 1990 1024 2067 vehemsnter

94 2075 284 2150 concutitur,
318 2079 414 2153 atque.
433 2072 491 2132 hac
519 2074 587 2152 ipsa
614 2074 818 2134 concussione
851 2073 889 2132 ad
919 2073 1023 2134 odium

94 2158 216 2238 peccati
250 2163 279 2217 st
306 2174 443 2217 amorem
477 2157 610 2216 iustitias
642 2158 767 2237 rapitur.
812 2156 851 2216 At
884 2158 934 2236 qui
968 2175 1024 2216 sua

94 2240 144 2300 vsl
168 2241 243 2320 legis
267 2240 363 2300 solius
382 2241 492 2298 virtuto
513 2240 666 2319 poenitet,
694 2240 868 2300 concutitur
891 2239 1023 2319 quidem,

94 2324 149 2383 ssd
172 2323 259 2403 fingit
281 2323 385 2384 odium
409 2324 539 2402 peccati,
563 2323 634 2401 quia
655 2329 715 2384 stat
731 2324 896 2384 sententia:
922 2323 1023 2383 Virtus

95 2409 215 2488 peccati
250 2404 380 2480 fex*).'
413 2405 518 2467 Nuflet
551 2406 631 2466 enim
668 2407 712 2466 sic
746 2409 885 2483 concuti,
927 2407 1022 2467 multo

95 2492 194 2571 magis
216 2491 237 2549 ii
259 2489 387 2569 fingunt,
417 2491 467 2569 qui
492 2490 558 2549 sine
580 2490 790 2551 commotione
811 2491 885 2550 sotis
909 2493 1024 2570 cogita·

95 2574 230 2634 tionibus
252 2573 368 2653 frigidis
392 2579 522 2654 peccatu
543 2574 723 2653 recogitant.

475 2738 657 2800 Octavus:

159 2875 250 2937 Nullo
273 2874 367 2937 modo
390 2894 568 2956 praesumas
591 2873 727 2936 confiteri
742 2874 872 2935 venialia
885 2886 1024 2956 peccata,

159 2958 213 3019 ssd
236 2977 295 3018 nso
317 2959 421 3019 omnis
435 2959 587 3038 mortalia,
610 2959 682 3037 quia
702 2958 894 3038 impossibiie
914 2970 969 3040 est,
994 2969 1025 3022 ut

159 3043 263 3104 omnia
296 3042 438 3103 mortalis
471 3061 666 3122 cognoscas,
698 3041 778 3102 uude
811 3043 840 3102 in
872 3045 1024 3124 primitiva

159 3126 291 3187 aeclesia
312 3125 412 3186 solum
435 3125 595 3186 manifeste
624 3125 764 3186 mortuiis
791 3126 1024 3190 confitebantur.

181 3242 280 3301 Velim
300 3241 419 3318 doceri,
447 3244 557 3324 quibus
581 3242 748 3304 rationibus
769 3250 823 3317 aut
844 3247 944 3305 causis
967 3248 1025 3307 ista

95 3327 158 3386 sint
179 3325 258 3386 falsa
280 3333 311 3385 st
333 3327 524 3404 damnanda,
555 3346 614 3407 ego
638 3327 774 3406 cogitare
804 3347 864 3388 non
888 3348 1023 3409 possum,

96 3429 151 3470 aur
172 3408 251 3469 falsa
273 3428 342 3471 esss
364 3410 556 3473 arbitrentur.
598 3409 657 3471 nio
679 3411 765 3488 mihi,
800 3411 850 3472 ubi
871 3420 917 3472 sst
940 3432 1025 3494 pras·

150 3682 180 3744 1)
198 3678 231 3732 fn
250 3678 315 3733 adit.
335 3680 424 3747 orig.:
444 3679 575 3732 scarioth.
631 3679 662 3745 2)
685 3679 715 3731 In
734 3678 777 3736 sd.
796 3678 870 3732 an:
889 3681 937 3736 sic.

152 3754 183 3817 ⁴⁶)
208 3754 228 3805 f.
248 3748 311 3805 Cor.
332 3751 375 3806 ib.
932 3751 935 3756 ’
