2392 4170
110 278 115 295 .
232 234 235 240 ’
325 286 345 308 t
379 255 525 315 aaaron
543 220 655 314 caen.
668 237 700 315 ι.
719 258 800 316 1521.
991 253 1053 322 361

89 408 91 413 ’
132 415 216 476 mine
235 413 397 493 Evangelii
418 419 449 474 et
470 406 660 475 Olrriatiaua
688 416 790 494 potina
812 411 949 490 tradunt,
977 411 1054 473 indi·

130 506 248 559 mama.
483 542 486 550 ·

144 579 441 660 ·'··Proaequamur
470 579 591 642 Petrum
601 579 657 659 l),
690 580 760 655 ubi,
792 576 919 659 Angeli,
947 579 1054 657 inquit,

131 682 201 727 eum
224 664 286 724 aiut
306 662 483 724 tortitudine
505 671 536 723 et
557 663 667 725 virtute
687 665 831 739 maiorer,
845 680 914 742 ,non
932 669 1056 742 portant

132 747 296 809 adversum
319 764 353 806 ae
383 745 572 808 exsecrabile
602 747 757 807 iudioium.
806 746 856 820 Hi,
871 763 944 806 vero
974 745 1057 806 velut

131 829 351 891 irrationabilia
388 848 503 909 peoora
541 831 630 905 (uam
666 830 807 910 papiatae
839 827 930 893 bodie
964 827 1056 908 plane

132 926 194 974 non
234 911 362 973 eredunt
401 913 522 972 animae
563 912 858 985 immortalitatem·
876 911 1056 992 praesertin

134 997 272 1073 Romae)
298 995 476 1056 naturaliter
493 997 599 1074 genita
612 997 642 1057 iu
666 1001 822 1075 capturam
839 1001 870 1054 et
890 994 1055 1073 perniniem

135 1079 173 1159 (o
194 1077 454 1155 aimilitudinem),
475 1079 505 1138 iu
528 1079 586 1154 bie,
610 1097 691 1157 quae
712 1097 773 1139 non
790 1076 972 1157 intelligunt,
996 1096 1056 1137 ma

133 1161 310 1238 ledieentea,
333 1160 364 1222 id
387 1167 449 1241 eet,
472 1159 582 1222 Christi
606 1161 776 1223 doetrinam
798 1160 994 1237 damnantes,
1016 1159 1056 1221 ab

133 1264 205 1306 aua·
226 1245 429 1306 inventiones.
473 1244 523 1304 sie
549 1245 654 1305 ludaa:
681 1244 745 1323 Ea,
778 1263 857 1324 quae
880 1263 940 1305 nen
965 1260 1058 1304 neve·

133 1335 218 1407 runt,
243 1327 467 1408 blasphemant.
491 1327 543 1408 'lu
573 1327 745 1408 perditione
773 1347 831 1387 aua
861 1325 909 1403 (id
931 1333 992 1402 aet,
1024 1331 1058 1386 ut

132 1408 223 1473 Iudae
245 1411 304 1485 eit,
327 1428 407 1488 quae
430 1429 502 1471 vero
532 1417 642 1472 natura
668 1430 722 1470 aen
745 1410 914 1472 animantia
939 1410 1058 1469 ratione

133 1494 272 1574 expertia
307 1493 422 1570 aoiunt,
463 1494 493 1553 in
531 1493 578 1553 hia
614 1495 866 1573 corrumpuntur)
906 1490 1058 1574 peribunt,

133 1582 325 1657 reportantes
355 1575 526 1637 mercedem
557 1576 723 1638 iniustitiae
753 1577 864 1656 (quam
891 1576 949 1655 ipai
979 1593 1058 1635 eum·

136 1679 217 1720 mam
239 1658 385 1719 iustitiam
409 1660 540 1734 inolent,
573 1666 606 1719 ut
626 1658 831 1721 obedientiam
855 1657 1006 1719 eooleaiae
1028 1662 1059 1716 et

134 1742 315 1823 religionum
330 1742 573 1818 observantiae),
596 1761 651 1822 pro
674 1739 832 1822 ¹voluptate
854 1740 1010 1816 dueentea,
1033 1740 1057 1800 ai

135 1824 308 1886 inssdelioiia
336 1825 473 1885 fruantur
503 1823 635 1906 (ideal,
666 1825 780 1885 ventris
807 1824 951 1885 animalia
979 1829 1059 1901 aunt,

136 1909 187 1987 qui
209 1907 270 1969 hoo
292 1927 386 1968 unum
410 1909 558 1988 optimum
581 1906 732 1983 iudioaut,
754 1907 781 1966 ai
802 1906 887 1967 brevi
917 1906 1061 1966 haurite

135 1990 306 2066 abundent,
328 2010 397 2049 uam
413 1990 507 2050 ferme
528 1990 629 2051 nullus
652 2010 691 2050 ex
705 1990 934 2069 eiaepiaoopna,
957 2007 1056 2049 aanor·

135 2073 201 2150 doe,
222 2072 384 2151 religiosus
406 2073 455 2149 lit,
479 2074 535 2135 uisi
565 2082 597 2134 ut
619 2075 684 2135 otio
706 2082 737 2133 et
758 2073 839 2133 vietu
863 2073 929 2132 eine
951 2070 1058 2132 labore

136 2157 231 2236 partie
254 2155 333 2215 bene
355 2155 475 2232 vivat),
509 2155 594 2217 laben
628 2162 659 2217 et
688 2155 829 2217 maeulee
861 2156 949 2231 (eunt
979 2153 1059 2214 enim

136 2238 166 2299 lri
188 2239 330 2300 beminen¹
351 2237 424 2297 nihil
449 2239 506 2298 nini
537 2239 690 2300 dedeoora
717 2247 748 2299 et
776 2238 862 2300 laben
890 2240 920 2298 in
943 2236 1059 2317 populo

138 2322 210 2393 Dei,
243 2339 311 2380 eum
342 2339 466 2400 prorsus
496 2322 618 2382 inutiles
646 2323 709 2382 auia
737 2328 854 2383 tantum
887 2320 1002 2381 delioiia
1030 2325 1060 2380 et

138 2405 216 2464 vitiis
240 2405 271 2462 in
294 2403 425 2464 eoeleaia
447 2405 578 2484 saginati
607 2403 664 2464 eibi
686 2405 851 2478 serviant),
881 2402 1005 2465 delioiie-
1019 2403 1061 2463 al·

137 2485 266 2547 fluentes
287 2488 317 2545 in
342 2487 491 2546 conviviis
512 2488 574 2546 auia
596 2487 785 2548 luxuriantes
808 2485 978 2548 vobisdum.

219 2569 292 2629 llilri
314 2568 365 2628 hio
386 2568 645 2649 loeuaoorruptua
668 2568 797 2647 videtur,
819 2587 888 2628 nam
903 2568 992 2629 ludaa
1015 2570 1060 2627 aio
1103 2644 1106 2652 Ι

80 2661 82 2664 ⁴
137 2652 228 2712 refert
249 2650 394 2711 eundem:
424 2651 465 2712 Hi
493 2659 563 2712 aunt
589 2652 668 2712 inter
689 2653 833 2712 oaritatea
856 2657 975 2712 vestrae
999 2647 1072 2711 ma?

137 2735 241 2811 oniae,
274 2735 354 2794 iuter
383 2753 452 2794 eene
481 2736 681 2796 convivantes
709 2734 826 2814 absque
854 2733 917 2794 ullo
941 2734 1059 2810 timore,

137 2824 235 2878 aemet
261 2817 345 2897 ipsos
373 2825 546 2897 paeoentea.
589 2816 769 2878 Pontificum
793 2817 874 2878 euim
903 2826 934 2877 et
961 2835 1060 2876 saner·

138 2899 281 2976 dotuml)
307 2900 591 2979 monachorumque
614 2899 776 2962 delibatam
791 2901 891 2960 'vitem
906 2898 1059 2976 describit,

137 2984 187 3062 qui
209 2983 256 3059 iia,
279 3000 358 3061 quae
380 2986 431 3063 pia
453 2985 580 3044 ueritate
599 2981 796 3045 iidelium'ad
814 2982 975 3044 eooleaiam
999 2981 1060 3042 eol·

136 3065 198 3127 lata
221 3074 301 3146 eunt,
322 3074 352 3126 et
374 3066 571 3127 conferuntur
593 3067 622 3125 in
646 3065 727 3144 dier,
749 3065 961 3147 proluaiaeimo
986 3064 1059 3125 luxu

136 3149 277 3229 perdunt,
300 3168 357 3207 neu
378 3149 550 3225 homiuum,
578 3149 714 3209 neellel
738 3156 937 3228 conspeetum
963 3148 1060 3224 veriti,

136 3229 356 3292 neoaeaudalio
366 3231 564 3305 intirmorum,
577 3251 634 3292 neo
644 3231 721 3293 odila
734 3232 884 3292 bonorum
895 3232 1058 3310 quiequam
1122 3270 1127 3284 .

136 3315 292 3376 commoti.
336 3312 376 3373 Se
391 3316 476 3394 ipaoe
499 3316 578 3376 enim
604 3315 716 3374 eximie
737 3320 846 3375 ourant
867 3321 897 3374 et
919 3323 1058 3394 pareunt,

136 3397 206 3458 nihil
231 3395 312 3456 aliud
326 3414 416 3475 quam
432 3397 561 3474 macula,
584 3396 679 3476 laben,
703 3397 845 3470 dedeeua,
869 3416 947 3458 onue
963 3396 1059 3457 ecole-

191 3614 225 3752 ll
241 3614 276 3743 ln
288 3613 410 3737 lblllbu
423 3683 537 3750 legitur:
556 3681 719 3738 Pontificum
732 3684 805 3737 euim
825 3679 1060 3747 ercammarum,

138 3759 343 3827 episcoporum,
361 3753 546 3815 sacerdotum,
