2392 4170
132 207 207 277 344-
440 204 485 263 De
500 202 576 263 votis
592 200 754 263 monasticis

34 352 38 357 Ι
137 377 346 445 obedientiam
370 377 519 459 opinione
551 376 669 458 impia,
697 392 854 457 quaeum
882 370 1067 457 evangelica

137 472 170 527 et
192 480 266 525 vera
287 461 503 543 perfectiorem
523 468 557 521 et
580 460 727 521 maiorem
749 458 927 539 aestimant,
946 458 979 519 i'n
1025 473 1066 517 no

137 544 290 624 sacrilege
310 541 527 624 blasphemant
548 542 743 624 et'baptismi
765 547 798 603 et
812 540 973 622 Evangelii

138 629 296 691 dientism.
332 624 430 709 Igitur
453 625 561 687 melior
582 632 612 687 et
633 625 798 708 perfectior
820 630 868 687 est
889 623 1068 689 obedientie

137 712 202 792 filii,
225 710 377 791 coniugis,
398 711 488 789 servi,
511 711 634 790 captivi,
656 728 748 789 quam
763 700 1069 771 monachiobadien-

139 798 191 874 tia,
213 796 305 857 etiam
327 812 365 854 ea
387 792 511 873 quando
534 794 721 874 estoptima‚
742 792 773 853 id
787 799 844 866 est,
866 792 936 853 eine
956 788 1068 871 impie·

139 884 205 941 tate
226 883 258 939 et
273 876 457 955 saculegio,
478 876 578 957 quatis
604 876 634 936 in
648 875 779 937 -Sanetis
801 875 866 937 fnit.
908 873 968 937 Ubi
992 891 1068 935 sero

140 961 234 1043 impie
257 966 289 1021 et
309 959 461 1040 sacrilega
484 964 541 1032 est,
562 978 625 1019 non
649 968 696 1019 est
717 957 929 1040 comparanda
950 957 1067 1039 stupris

140 1051 173 1107 et
192 1042 375 1119 homicidiis,
396 1041 508 1123 nedum
531 1042 633 1104 bonae
654 1041 858 1105 obedieutiae.
971 1094 974 1099 .

224 1123 357 1209 Proinde
385 1143 445 1206 ego
476 1127 575 1187 anaim
606 1127 811 1205 pronunciare
839 1143 908 1186 cum
942 1122 1070 1203 fiducia,

142 1210 202 1271 nisi
223 1209 397 1270 monastica
417 1207 594 1272 obedientia
616 1216 765 1271 voventur
787 1216 819 1270 et
833 1214 971 1269 servetur
993 1214 1068 1267 tem·

141 1292 291 1375 poraliter
318 1297 467 1371 tanquam
498 1291 704 1353 rudimentum
739 1291 778 1354 ad
808 1291 1015 1354 Christianam
1037 1296 1069 1351 et

144 1375 357 1455 evangelicam
381 1373 599 1455 obedientiam,
621 1382 655 1435 ut
675 1374 818 1439 iuvenilis
855 1380 948 1453 aetas
974 1374 1009 1443 in
1031 1392 1068 1435 ea

144 1459 313 1526 exercitata
346 1459 446 1520 discat
479 1459 525 1520 sic
546 1458 687 1520 omnibus
712 1459 743 1520 in
775 1457 917 1520 'omnibus
945 1455 1066 1536 cedere,

144 1544 223 1613 sicut
242 1560 297 1621 per
319 1550 423 1603 votum
447 1540 530 1603 cedit
555 1561 613 1603 sno
635 1542 743 1605 bisiori
771 1543 801 1603 in
824 1540 1014 1603 monasterio
1034 1538 1066 1599 io

144 1624 316 1705 aliquibus,
340 1624 600 1706 quemadmodum
621 1626 651 1687 in
675 1625 747 1687 vitis
769 1624 891 1687 Petrum
914 1622 1066 1705 quaedam

145 1708 236 1769 etism
257 1709 391 1788 probant
413 1708 567 1789 exempla,
589 1728 659 1771 esse
681 1706 915 1790 planerirnpiam
938 1714 970 1769 et
993 1723 1065 1769 mox

145 1790 357 1855 deserendam.
399 1790 451 1853 eis
485 1798 517 1853 et
544 1796 706 1873 puerorum
735 1800 901 1875 paupertas
923 1797 996 1871 est,
1025 1808 1065 1851 ne

144 1892 194 1935 res
227 1874 454 1953 administrent,
488 1893 550 1954 quc
584 1874 705 1937 discant
730 1876 863 1958 frugales
886 1893 977 1951 esse,
1013 1871 1066 1953 qni

144 1964 272 2039 propter
293 1962 425 2021 aetatem
447 1956 569 2039 prodigi
591 1965 622 2019 et
645 1959 785 2020 dissoluti
806 1957 937 2035 flerent,
958 1960 981 2018 ei
1004 1964 1064 2029 sta-

145 2041 251 2102 tim'in
270 2060 360 2102 manu
383 2060 490 2102 eorum
512 2060 561 2103 res
581 2041 781 2105 traderentur.
815 2040 903 2118 Quae
917 2048 964 2102 est
983 2040 1064 2101 enim

146 2122 300 2184 dementia
314 2124 517 2185 universalem
532 2123 739 2186 obedientiam
752 2124 966 2193 universaliter
978 2141 1065 2204 prae·

33 2274 36 2279 ¹
145 2204 286 2266 standam
309 2212 523 2283 contemnere,
546 2215 579 2268 ut
600 2210 814 2288 particularem
844 2205 1065 2289 particulariter

28 3910 116 3930 a..

145 2288 327 2350 servandam
362 2290 521 2353 extollas?
572 2292 618 2350 An
650 2295 820 2353 monastica
854 2311 910 2352 uos
942 2287 1067 2351 docebit

147 2372 255 2432 melius
279 2392 357 2447 esse,
380 2376 485 2454 paucis
509 2393 606 2454 pauca
630 2375 851 2454 benefacere,
880 2393 965 2455 qnam
990 2373 1066 2434 mul·

146 2457 186 2517 tis
209 2454 306 2518 multa
328 2456 409 2518 bona
431 2457 554 2517 iacere?
598 2457 694 2537 Igitur
716 2461 741 2519 si
765 2458 803 2520 ab
825 2459 1002 2539 imperfecto
1026 2456 1064 2517 ad

147 2540 316 2620 perfectum
340 2540 473 2601 eundum
497 2544 554 2619 est,
576 2540 615 2601 ab
639 2528 815 2603 obedientia
835 2540 1004 2602 monastica
1025 2539 1064 2601 ad

148 2622 354 2685 obedientiam
379 2632 557 2704 parentum,
580 2624 794 2702 dominorum,
822 2626 935 2697 merit,
963 2629 1064 2704 tyran·

147 2726 273 2786 norum,
310 2707 581 2785 adversariorum,
613 2717 642 2766 et
676 2711 811 2769 omnium
846 2705 973 2768 eunium
1009 2713 1063 2770 est

146 2789 247 2869 Atque
270 2797 303 2849 ut
322 2790 380 2869 ipsi
415 2797 519 2850 votum
551 2790 746 2853 obedientiae
776 2793 870 2853 ferme
899 2789 1064 2850 maximum

117 2927 120 2931 .
146 2879 177 2933 et
198 2892 349 2933 summurn
372 2873 402 2933 in
426 2873 627 2951 religionibus
650 2875 786 2953 iaciunt,
816 2876 859 2935 ita
881 2892 933 2935 ncs
957 2878 1064 2932 contra

147 2953 285 3014 videmus
308 2975 377 3015 esse
389 2955 526 3016 infimum
550 2963 580 3039 et
598 2958 765 3038 minimum,
788 2959 973 3028 etiamtum,
996 2974 1064 3017 eum

146 3038 229 3116 pium
253 3044 422 3098 otrentum
444 3038 541 3118 inerit,
564 3039 625 3099 hoc
649 3050 704 3118 est,
727 3041 797 3100 dum
818 3061 873 3120 pro
896 3038 1064 3101 rudimento

145 3119 344 3199 evangelicae
367 3120 562 3182 obedientiae
578 3130 717 3186 vovetur.
750 3124 827 3183 Nam
851 3122 903 3184 ubi
923 3141 975 3202 prs
996 3141 1064 3201 per·

145 3202 279 3263 lectione
301 3210 446 3279 vovetur,
481 3222 580 3284 neque
601 3204 737 3266 infimum
771 3224 871 3285 neque
903 3206 1064 3271 mininam.

145 3283 200 3344 sed
223 3288 408 3363 perversitas
432 3293 463 3347 et
483 3288 676 3368 sacrilegium
701 3296 756 3351 est.
800 3289 849 3352 Ita
871 3288 915 3364 fir,
938 3296 972 3350 ut
986 3288 1065 3347 sicut

146 3364 185 3426 de
207 3375 389 3449 paupertate
402 3368 545 3452 diximus,
568 3390 718 3452 nusquam
737 3373 837 3433 minus
860 3391 930 3433 esse
943 3389 1064 3454 parper-

147 3449 228 3522 rasis,
250 3468 341 3529 quam
363 3451 415 3512 ubi
437 3454 595 3535 iactatur,
616 3456 660 3516 ita
692 3475 843 3534 nusquam
879 3455 980 3516 minus
994 3452 1064 3514 obe·

146 3531 282 3592 dientiae
304 3543 360 3608 est,
384 3553 475 3614 qnam
500 3536 550 3597 ubi
572 3539 713 3614 iactatur,
729 3538 986 3619 ‚etimpletnrbic
1003 3554 1065 3597 ver·

146 3612 217 3674 bum
247 3613 388 3699 Psuli*):
415 3618 572 3681 Habentes
599 3624 735 3703 speciem
764 3622 905 3702 pietatis,
933 3623 1064 3682 virtutrm

157 3828 160 3834 ,
218 3740 426 3837 namne.
