2392 4170
138 231 204 309 250
449 238 763 297 memmerunt·

222 401 301 466 mae
321 410 425 467 autem
455 402 533 465 haee
559 405 665 467 omnia
685 424 748 468 uou
770 404 914 485 consitis,
931 401 989 465 aad
1008 420 1063 463 ue

139 489 275 552 muria
295 485 456 567 mandata,
490 490 620 569 primum
641 489 704 552 hoe
722 489 851 572 probat,
878 487 963 570 quod
983 487 1064 549 lat
1175 506 1178 553 ἱ

139 571 248 634 thaeus
268 569 349 633 haee
368 572 538 654 seriptum
558 574 742 654 praemittit,
764 574 918 636 Christum
953 589 1064 633 usau-

139 655 224 719 dirae
243 656 275 715 iu
298 662 451 734 montem,
483 656 621 734 sedisse,
656 660 816 740 eperum
845 677 883 718 os
909 675 1000 717 suum
1031 660 1067 715 at
1176 688 1180 701 ·

140 738 294 802 (laesisse.
335 738 379 799 At
398 738 513 800 dooere
543 759 606 802 uou
628 749 678 802 eat
696 741 878 818 oousulare,
908 738 966 801 seo
987 736 1065 818 quid
1175 748 1180 825 ᾗ

139 821 314 886 faciendum
344 822 386 882 sit
420 826 614 900 neeessario,
651 824 781 889 madere.
824 825 866 886 Et
893 824 974 885 iutra
993 823 1066 903 ipse
1177 828 1180 833 '

138 905 293 969 obustis:
335 904 404 966 Nou
434 908 504 967 veui
524 907 647 969 solvere
665 909 784 991 legem,
804 908 861 970 sed
881 906 1065 986 adimplere.

139 991 223 1074 Ergo
245 1007 447 1070 quaeeunque
468 988 509 1051 ibi
533 991 643 1071 docet,
675 994 706 1053 iu
728 993 790 1054 hoo
811 992 920 1069 doeet,
941 998 977 1052 ut
997 980 1065 1050 on
1168 1010 1175 1019 ·

139 1073 312 1158 impleatur,
333 1092 396 1132 uou
419 1080 452 1133 ut
465 1075 595 1136 oousffis
609 1083 812 1138 numerentur.
854 1075 916 1138 ubi
936 1071 1067 1134 etvelm

140 1157 237 1241 digito
260 1166 435 1218 mousuaos
458 1175 506 1234 ea,
528 1178 609 1238 quse
630 1168 704 1221 tuus
724 1160 868 1235 docebat,
890 1158 980 1219 dieis:
1002 1153 1064 1232 Qui

140 1261 215 1324 argo
235 1239 362 1302 solverit
382 1258 475 1301 unum
497 1241 537 1302 de
558 1242 710 1305 mandatis
729 1245 797 1304 istis
819 1242 952 1304 minimis
974 1239 1066 1300 etsie

139 1324 278 1389 desuerit
299 1323 451 1401 homiues,
475 1326 618 1388 minimus
638 1326 798 1389 vocabitur
819 1329 850 1388 iu
872 1343 971 1406 reguo
992 1341 1064 1384 ooo

140 1409 255 1490 torum,
283 1408 335 1488 qui
361 1413 463 1468 autem
491 1409 598 1472 feeerit
627 1418 658 1473 et
679 1410 832 1488 doouerit,
860 1409 911 1470 his
932 1425 1065 1486 maguus

139 1492 300 1556 rooabitur
320 1491 352 1552 iu
373 1511 470 1572 regno
493 1494 661 1557 ooelorom.
704 1494 762 1555 His
783 1494 879 1570 vides,
901 1498 935 1553 ut
954 1493 1066 1571 marte

140 1575 278 1659 appellet
298 1573 460 1650 mandata,
489 1595 569 1657 quae
591 1578 699 1657 dooet,
729 1586 760 1640 et
781 1577 908 1639 verbum
929 1572 1065 1637 dooeudi
1179 1630 1182 1661 ἶ

139 1661 272 1743 ipsemet
292 1658 422 1740 exponit
442 1677 512 1720 esse
531 1661 573 1740 id,
595 1660 678 1742 quod
699 1660 821 1723 tradere
841 1657 998 1721 mandata

223 1740 346 1807 Deinde
368 1761 549 1805 secessurus
570 1744 609 1806 ad
631 1765 680 1822 aa,
701 1763 782 1825 quae
796 1745 845 1805 isti
869 1748 1065 1804 vooautoou·
1179 1756 1183 1785 ¹

140 1826 227 1908 tilia,
257 1825 347 1887 dioit:
390 1824 455 1886 Nisi
485 1827 688 1890 abundaverit
716 1828 831 1889 iustitia
863 1831 968 1887 vestra
993 1823 1066 1905 plus
1180 1836 1183 1843 ·

106 1912 110 1917 ’
139 1929 232 1993 quam
246 1906 422 1972 'soribamm
444 1918 474 1970 et
495 1911 746 1988 Pharisaeorum,
774 1930 836 1972 noo
858 1907 1011 1971 intrabitis
1031 1907 1065 1966 iu

139 2014 269 2077 regnum
291 1991 461 2055 ooelorom.
504 1994 617 2056 Nouus
639 1994 798 2056 ooelorum
811 2012 939 2075 reguum
961 1989 1065 2052 solum

138 2080 178 2141 iis
200 2082 340 2160 negatur,
362 2075 413 2154 qui
437 2077 583 2139 mandata
603 2097 666 2139 uon
690 2077 836 2139 servant?
879 2077 923 2136 At
942 2074 1005 2135 hoo
1022 2072 1066 2134 at'·

141 2161 242 2225 firmat
262 2160 301 2220 de
323 2160 370 2236 iis,
393 2179 472 2239 quae
493 2162 624 2241 ipsemet
646 2161 696 2222 hio
723 2161 830 2239 docet,
869 2158 947 2219 ultra
970 2176 1064 2238 quam

141 2245 311 2308 dooueraut
332 2241 452 2303 soribae
475 2252 506 2304 et
527 2244 692 2306 Pharisaei.
736 2243 892 2321 Obseoro,
926 2241 996 2322 quis
1018 2247 1067 2300 est

141 2335 202 2391 tom
225 2327 338 2404 audax,
360 2331 394 2386 ut
415 2326 465 2387 hio
486 2329 617 2389 oonsilio
639 2336 795 2403 numeret,
819 2324 868 2387 ubi
894 2331 940 2385 tot
960 2322 1065 2384 verbis

139 2411 282 2492 docendi,
306 2408 488 2490 mandandi,
524 2417 570 2472 tot
592 2418 622 2472 et
644 2417 706 2471 tam
729 2409 873 2490 gravibus
895 2408 1066 2469 commiua-

139 2494 273 2558 tionibos
296 2489 382 2573 oogit
402 2492 442 2553 ad
464 2493 616 2555 servanda
637 2494 811 2555 neeessario
833 2492 953 2570 omnia,
984 2508 1067 2570 quae

139 2579 181 2642 ibi
203 2574 395 2641 scribuntur?
438 2574 508 2651 Qua
528 2578 691 2638 autoritate
704 2583 843 2638 asserent
857 2592 976 2635 eaesae
991 2591 1065 2634 oon·

140 2660 229 2724 silis?
252 2659 332 2722 uude
354 2658 464 2719 loeus?
486 2660 644 2740 proferant
666 2680 758 2720 uuum
782 2660 846 2720 iota
868 2659 898 2717 iu
921 2676 1010 2717 suum
1023 2663 1066 2716 te·

140 2745 327 2807 stimonium.
370 2742 410 2803 Et
440 2743 524 2823 impii
548 2751 610 2805 tam
632 2743 767 2804 audaces
788 2748 876 2818 suut,
899 2760 915 2800 e
938 2739 1066 2820 proprio

140 2829 251 2909 eapite,
274 2827 341 2888 sine
352 2824 519 2906 Scriptura,
543 2826 673 2888 oonsilio
685 2826 798 2902 faeere,
820 2830 927 2885 ooutra
948 2829 996 2883 tot
1011 2821 1068 2882 do-

141 2910 240 2990 oeudi,
263 2907 439 2986 mandandi,
462 2908 608 2987 minandi,
630 2909 828 2989 promittendi
851 2906 987 2967 fulmina.
1018 2903 1067 2964 Au

140 2992 322 3055 Parisionsis
335 2990 507 3052 Gomorrae
526 2993 677 3053 insaniam
690 3010 863 3070 sequemur,
887 2988 937 3049 ubi
960 2987 1070 3047 dieunt

140 3076 170 3137 iu
193 3096 249 3138 sua
270 3074 398 3156 pulchra
409 3074 677 3150 determinatione,
700 3094 769 3136 esse
785 3075 862 3134 haee
884 3072 978 3132 nimio
995 3089 1069 3132 one·

140 3158 238 3220 ratius
259 3158 452 3220 Christianae
481 3158 580 3239 legis?
623 3157 649 3219 Ο
676 3156 862 3234 Sodomam,
894 3153 1069 3216 oGomor·

139 3260 223 3321 ram,
257 3241 307 3320 qui
331 3239 370 3300 ad
405 3241 484 3300 vires
513 3241 599 3302 liberi
634 3240 748 3301 arbitrii
777 3240 941 3300 metiuntur
962 3236 1069 3297 divina

141 3323 303 3421 mandata,
335 3323 438 3403 potius
464 3343 555 3403 quam
585 3322 625 3384 sd
647 3325 776 3402 gratiam
801 3322 874 3397 Dei,
906 3328 938 3381 et
965 3320 1006 3380 ad
1034 3338 1070 3379 se

139 3426 216 3487 ipsa.

224 3487 363 3568 Amplius
388 3505 460 3548 vero
483 3489 562 3549 inter
585 3489 653 3569 ipsa
665 3487 795 3550 oonsilio
817 3486 935 3548 frontes
959 3503 1067 3545 eorum

139 3571 332 3654 impudentes
357 3572 502 3650 soutarit,
526 3569 597 3631 dum
621 3572 759 3651 dioit*):
793 3570 870 3631 Esto
894 3567 1066 3630 benevolus

214 3760 245 3831 ·)
265 3756 363 3815 mah.
382 3760 427 3817 ιι.
