2392 4170
301 270 410 326 anunm
429 271 515 328 Leon.
535 272 583 325 X.'
605 269 724 327 damnat.
745 287 770 326 a.
785 266 869 327 'ltto
997 219 1070 335 2ιιι7

135 468 138 473 <
167 424 324 490 =-·tsude
347 438 422 510 ergo
441 427 732 510 egregiamBnll'am
746 429 846 504 istam,
869 428 1062 510 quasprpse

132 519 163 573 et
184 511 318 573 concillo
340 511 445 573 tribuit
456 512 613 592 negotium
628 530 727 573 rernm
739 529 801 573 non
814 511 1057 573 necessarimm

134 592 174 661 ed
196 592 351 673 salutemp
367 613 482 674 ,neque
510 597 595 661 enim:
625 595 712 677 digni
738 601 821 657 sunt·
836 594 903 662 aiio
924 595 1061 676 negotio,

134 697 226 760 quam
250 686 282 739 ut
304 685 458 757 statuant,
485 677 647 756 deliniant,
668 678 932 758 remediabant,
953 678 1062 759 impar

134 761 265 825 tinentia
285 769 315 821 et
337 780 398 822 non
429 763 604 824 necessaria
633 763 672 822 nd
695 761 834 825 salutem
879 724 959 838 Quid
981 761 1061 824 enim

133 844 193 905 illis
216 853 249 906 et
271 843 384 905 salutii
407 843 521 906 Sedet
543 845 658 909 Bulla
651 866 729 927 ipsa,
752 851 785 907 ιιι
805 844 908 943 proles
929 846 1063 912 imitetur

133 934 277 1010 parentes
302 946 386 1005 suos,
409 927 472 998 iere
493 947 555 991 non
578 929 708 1005 laboret,
731 929 788 991 nisi
811 931 841 989 in
864 927 999 990 articulis
1021 922 1062 991 ad

132 1031 197 1083 rem
221 1030 347 1091 prorsus
370 1010 442 1073 nihil
465 1011 696 1091 pertinentibus.
735 1012 817 1074 Onm
856 1031 930 1093 ergo
959 1028 1061 1075 cnon

135 1094 320 1157 temerariis
342 1096 516 1158 necessaria
538 1094 667 1176 iaciant,
689 1095 819 1156 ethaeo
849 1093 1028 1175 neglectis'
1019 1114 1062 1155 rn·
1140 1168 1141 1172 Ἰ

134 1178 221 1247 ierim
241 1175 312 1238 fldei
337 1176 529 1240 documentis
563 1197 619 1259 pro
652 1178 785 1240 articulis
814 1177 979 1241 obtrudant
1006 1195 1062 1259 po·

132 1259 206 1343 pulo
228 1260 306 1336 Dei,
330 1279 401 1321 non
433 1260 648 1341 intelligimus,
679 1262 780 1324 adhoc
816 1280 888 1338 eos,
915 1266 1062 1342 operante

133 1349 260 1420 satana,
302 1343 532 1424 operationibus
567 1344 679 1407 erroris
714 1344 883 1407 ecclesism
919 1343 1062 1407 vastaret

134 1425 214 1504 Quid
238 1427 318 1487 enim
341 1433 532 1508 potestesse
555 1429 613 1490 nisi
633 1448 729 1506 error,
752 1426 845 1507 quod,
866 1445 937 1490 cum
959 1447 1063 1490 neces·

134 1511 248 1573 sarium
272 1528 333 1570 non
357 1511 412 1585 sit,
435 1512 642 1573 necessarium
666 1511 790 1573 arbitrio
819 1510 977 1575 hominum
1001 1509 1062 1573 eili-

133 1594 233 1654 citur?
266 1600 297 1653 ιιι
320 1592 478 1655 hominum
502 1612 589 1674 spem
622 1593 785 1675 aedificent
813 1613 907 1675 super
926 1612 1062 1670 arenam,

133 1683 168 1738 ιιι
183 1675 317 1741 credant
326 1677 562 1774 sanemarium,
585 1677 670 1756 quod
689 1678 897 1740 necessarium
920 1696 982 1738 non
1006 1683 1061 1738 est.

132 1758 160 1821 0
181 1778 239 1820 vos
261 1759 431 1839 impiissimi
453 1761 622 1822 animarum
645 1761 839 1838 seductores,
875 1778 968 1839 quam
995 1778 1062 1821 soe

131 1843 228 1905 lerata
249 1842 373 1904 illuditis
394 1843 510 1923 populo
533 1844 600 1908 Dei.

213 1924 350 2006 Igitur
327 1945 393 1989 sive
414 1945 514 2006 papa,
543 1928 608 1987 sive
630 1946 721 2007 pars,
743 1928 810 1987 sive
832 1891 994 1987 concilium
1017 1925 1063 1986 sic

133 2015 186 2071 aut
208 2009 255 2069 sio
276 2009 397 2084 sentiat,
421 2010 536 2070 nemini
559 2009 648 2071 debet
659 2028 727 2073 esse
750 2008 981 2090 praeiudicium,
1004 2007 1059 2069 sed

133 2089 269 2153 abundet
290 2092 420 2171 quisque
442 2093 472 2151 in
496 2111 587 2155 sensu
611 2111 688 2173 suo,
722 2094 753 2152 in
776 2094 820 2154 eis
840 2093 949 2170 rebus,
983 2110 1063 2189 quas

132 2175 326 2239 necessariae
343 2194 404 2235 non
417 2183 488 2235 sunt
509 2175 705 2239 adsalutem.
746 2175 779 2237 ln
795 2175 966 2238 libertatem
980 2175 1062 2253 enim

133 2258 235 2320 vocati
257 2277 379 2333 sumus,
414 2264 447 2319 ιιι
480 2277 539 2318 non
569 2260 608 2319 sit
629 2277 757 2319 neeesse
796 2257 919 2320 credere
948 2278 1063 2335 serum,

133 2339 215 2421 qnod
259 2340 335 2401 alius
368 2342 462 2403 homo
501 2342 595 2402 sentit
625 2343 674 2402 vel
709 2340 796 2417 dicit,
844 2339 981 2403 contenti
1018 2342 1063 2403 eie

132 2422 278 2502 credere,
313 2422 393 2503 quae
419 2426 449 2483 in
482 2422 644 2505 Scripturis
677 2423 895 2490 destinamus·
935 2423 1063 2487 Sivero

132 2525 215 2588 papa
236 2508 349 2588 poterit
370 2506 435 2567 ullo
457 2507 692 2587 iotspsobare,
723 2527 758 2569 se
786 2506 899 2568 babere
920 2508 970 2568 ius
992 2526 1065 2568 con·

132 2588 224 2652 dandi
247 2589 339 2650 etiam
355 2590 512 2651 minimam
535 2591 612 2671 legis
634 2590 765 2666 lberam,-
788 2590 899 2651 nedum
918 2590 1063 2651 articulos

132 2672 202 2737 fidei
226 2671 397 2749 statuendi,
431 2672 560 2734 libenter
591 2674 670 2735 baec
688 2672 854 2735 revocabo.
898 2672 994 2735 Usum
1020 2677 1064 2733 yet

136 2756 437 2836 praesumptionem,
469 2755 577 2835 quibus
611 2756 759 2817 hactenus
781 2754 967 2836 praevaluit,
1000 2773 1063 2817 non

135 2858 231 2917 curo,
266 2837 439 2919 Scripturas
468 2846 592 2900 sanctas
634 2857 768 2919 quaero,
814 2836 1063 2918 quandoquidem

133 2923 255 2998 emnia,
287 2922 419 3001 quaein
441 2922 573 2984 eeclesia
595 2921 690 3000 flunt,
724 2941 741 2982 e
763 2921 1064 3002 scripturissanotis

134 3005 329 3067 autoritatem
352 3011 384 3064 et
404 3004 581 3085 exemplum
594 3004 707 3066 habere
729 3004 850 3067 debent.
894 3003 978 3065 Sicut
990 3003 1064 3066 dicit

134 3087 221 3150 Dsut
244 3087 278 3150 4:
301 3087 371 3153 Non
396 3086 490 3149 addet
491 3089 516 3148 is
538 3087 577 3148 ad
602 3087 727 3149 verbum
736 3086 853 3168 ‚quod
874 3087 988 3168 loquor
1010 3106 1063 3147 vo·

132 3170 189 3248 bis,
213 3188 272 3230 neo
294 3170 437 3230 auferetis
462 3190 502 3231 ex
524 3189 571 3232 eo.
607 3171 655 3233 ιιι
677 3172 790 3233 Zacha.
815 3173 848 3234 2:
871 3169 935 3251 Lag
937 3189 988 3232 em
1005 3170 1076 3233 Dei

131 3255 289 3334 requirent
317 3272 357 3313 ex
379 3271 432 3313 ore
462 3252 648 3332 sacerdotis,
682 3256 754 3334 quia
787 3191 935 3335 angelusg
938 3253 1061 3368 Domini

131 3335 323 3417 exercituum
348 3341 404 3400 est.

357 3462 625 3524 Vicesimus
647 3474 789 3527 nonus.

196 3596 259 3658 Via
280 3595 368 3658 n'obis
391 3597 474 3658 iacta
496 3605 542 3658 est
563 3598 729 3660 enervandi
743 3599 936 3661 tutoritatem
960 3600 1064 3660 conci

140 3679 320 3760 liorem,
343 3686 374 3740 et
395 3681 490 3742 libere
513 3681 744 3747 contradicendi
766 3687 872 3743 eorum
893 3683 1012 3762 gestis,
1031 3688 1064 3743 st

195 3761 350 3824 indicandi
384 3782 490 3825 eorum
519 3764 681 3846 deeretn,3
678 3763 952 3828 σιιιοοιιιιιιιιιια
968 3764 1064 3826 donli
