2392 4170
387 243 423 298 D.
441 242 477 298 Ι.
495 241 779 307 Βυᾙηοὶηᾰίιω.
871 244 875 252 ’
1011 238 1056 306 63

137 398 169 459 sd
186 397 463 479 signiiioetionsm,
494 397 588 459 modo
618 403 753 458 veterem
778 396 880 476 legem
902 395 1051 476 appelles,

136 482 274 562 quidquid
301 484 333 542 in
352 483 546 562 'petrierobis
581 491 611 541 et
642 479 711 541 eliis
741 480 878 559 patribus
912 487 1053 560 tempore

135 565 200 645 legis
228 574 377 646 operatus
404 572 452 626 est
477 565 573 626 Deus.
614 563 694 624 Nom
723 581 763 623 se
788 558 891 643 signe,
912 581 993 642 quae
1020 564 1053 622 in

136 649 308 729 pommus
336 655 369 710 et
395 648 643 729 patribusfaots
663 652 748 722 sunt,
784 645 877 725 longe
899 654 970 705 sunt
991 645 1053 705 dis·

134 733 281 792 oernenda
308 752 328 792 o
355 730 461 812 liguris
489 732 655 811 legalibus,
691 748 768 808 quoe
790 729 894 789 llloses
923 729 954 788 in
983 729 1053 808 lege

133 835 182 877 sus
200 817 343 893 instituit,
366 817 472 893 quoles
494 825 564 874 sunt
579 816 655 874 ritus
675 811 895 891 suoerdotolss,
915 813 948 871 in
963 813 1055 871 vosti-

84 902 86 907 ’
133 898 197 977 bus,
229 900 331 977 vasis,
367 899 458 976 oibis,
488 897 632 958 domibus
657 904 689 955 et
713 896 871 956 similibus.
929 894 978 954 Ab
1006 894 1054 963 his

132 985 205 1043 enim
232 1001 298 1042 nou
330 982 424 1042 nodo
458 981 637 1061 longissime
669 978 810 1039 differunt
843 996 943 1038 novoe
977 979 1054 1057 legis

132 1072 336 1143 estrumento,
371 1063 426 1124 sed
454 1073 485 1124 et
505 1067 574 1144 ipss
595 1065 698 1142 signe,
725 1081 805 1142 quae
831 1079 887 1142 pro
916 1071 1057 1141 temporo

132 1149 209 1209 Deus
230 1147 372 1228 patribus
395 1148 494 1226 dedit,
520 1150 552 1208 in
581 1147 650 1226 lego
671 1143 858 1224 viventibus,
889 1141 980 1223 quale
1000 1145 1055 1204 fuit

134 1230 285 1293 Gedeonis
308 1232 339 1291 in
363 1231 534 1308 vellere⁸),
555 1231 667 1291 lienus
688 1229 894 1306 inssorifioio,
917 1228 1057 1307 qualest

133 1315 223 1376 lssies
243 1313 359 1376 obtulit
378 1314 492 1394 thus,
513 1315 573 1381 lse,
585 1318 615 1378 7.
657 1313 692 1373 ln
713 1314 750 1373 iis
773 1315 855 1372 enim
875 1311 965 1370 simul
986 1329 1056 1391 pro·

134 1399 306 1465 mittebatur
333 1397 464 1477 aliquid,
491 1416 553 1477 quo
579 1394 656 1456 fides
683 1396 714 1456 in
737 1396 835 1456 Deum
863 1396 1055 1475 exigebatur»
1084 1413 1090 1426 ·

208 1482 245 1542 ln
275 1482 338 1542 hoo
366 1500 441 1561 ergo
468 1480 620 1541 differunt·
637 1479 758 1559 legales.
779 1477 897 1558 figurae
919 1498 938 1538 e
960 1479 1057 1559 signis

135 1565 216 1626 novis
240 1574 273 1625 et
295 1567 441 1642 vetustis,
471 1564 554 1643 quod
582 1563 698 1643 logsles
719 1560 837 1642 ligures
858 1580 920 1622 non
941 1561 1059 1629 hebent

133 1668 285 1709 annexum
307 1646 436 1708 verbum
461 1647 689 1726 promissionis,
718 1646 801 1724 quod
824 1645 915 1706 iidem
942 1646 1059 1725 exiget,

132 1723 209 1792 inde
230 1749 296 1791 oon
318 1737 390 1790 sunt
411 1731 502 1810 signe
527 1729 767 1806 iustificationis,
798 1731 870 1808 quis
897 1748 960 1788 non
987 1736 1059 1788 sunt

133 1819 327 1876 estrumento
355 1812 443 1892 fidei,
480 1831 561 1892 quse
586 1814 656 1874 sole
690 1811 870 1891 iustiiirunt,
902 1812 957 1871 sed
989 1819 1059 1879 sunt

134 1903 328 1958 mommente
358 1899 462 1976 operis
481 1903 616 1974 tentum,
644 1903 709 1956 tote
729 1897 811 1955 enim
833 1914 939 1955 eorum
963 1896 1008 1954 ris
1028 1905 1061 1954 st

133 1990 240 2042 nature
261 1986 330 2040 erat
350 1998 447 2059 opus,
472 1998 535 2040 non
558 1978 651 2056 iidss,
680 1981 731 2058 qui
755 1981 836 2050 enim
859 1997 900 2039 es
917 1978 1059 2056 foeiebot,

133 2064 279 2145 inplebat
306 2081 360 2141 es,
400 2064 494 2123 etiam
528 2063 594 2123 sine
624 2060 686 2123 fids
707 2081 849 2143 operans.
892 2064 934 2121 At
955 2071 1061 2122 nostre

133 2152 160 2207 et
182 2153 308 2226 patrum
339 2146 427 2224 signa
460 2165 515 2206 seu
537 2153 730 2206 santamente
758 2145 877 2210 hebent
904 2165 1061 2205 annexum

134 2231 257 2289 verbum
282 2230 512 2308 promissionis,
545 2228 629 2307 quod
654 2229 746 2289 fidem
769 2231 878 2308 exigit,
912 2235 945 2288 ot
975 2229 1058 2289 nullo

133 2332 223 2392 opere
246 2311 310 2372 olio
333 2312 453 2391 impleri
474 2319 587 2392 potest,
609 2313 679 2373 ideo
691 2320 763 2372 sunt
783 2314 872 2392 signs
893 2331 946 2370 ssu
960 2330 1061 2371 seore-

133 2405 232 2456 nente
257 2393 500 2473 iustificationis,
539 2397 612 2475 quis
649 2405 722 2456 sunt
752 2404 944 2456 sacramenta
977 2395 1061 2455 iusti».

134 2477 249 2539 liuentis
284 2476 357 2538 fidei
388 2486 419 2537 et
448 2497 511 2539 noo
538 2481 656 2560 operis,
691 2480 771 2540 unde
804 2486 835 2538 st
861 2485 927 2538 tote
953 2496 1060 2539 eorum

135 2562 272 2623 effioeois
301 2563 349 2620 est
378 2562 446 2640 ipsu
475 2560 568 2640 fides,
598 2582 662 2629 non
691 2563 839 2642 operatio.
890 2561 948 2637 Qui
978 2565 1058 2622 enim

133 2647 172 2705 eis
206 2643 326 2722 eredit,
357 2644 384 2705 is
418 2645 525 2726 implet
560 2665 612 2724 ee,
645 2647 765 2708 etiamsi
797 2645 870 2704 nihil
904 2656 1057 2726 opsrstun

131 2727 200 2789 lude
224 2725 424 2808 proverbium
445 2728 534 2789 illud:
556 2729 624 2790 Non
647 2736 883 2805 sacromentum,
906 2731 962 2789 sed
982 2729 1062 2790 tides

130 2812 317 2892 mommenti
338 2810 492 2876 iustifiost
534 2813 585 2873 Sio
612 2814 803 2885 oiroumoisio
832 2831 893 2882 non
916 2812 1060 2877 insulem

131 2897 171 2955 vit
187 2894 348 2955 Abrohom
370 2903 403 2955 et
422 2914 528 2956 semen
550 2898 626 2975 eius,
648 2902 680 2956 et
702 2904 803 2957 temen
828 2896 1058 2981 apostolus**·)

131 2997 197 3038 eum
220 2977 358 3058 appellat
378 2979 569 3058 signeoulum
590 2981 724 3043 iustitiae
745 2979 826 3060 soei,
848 2984 920 3060 quis
936 2980 1012 3042 tides
1024 2984 1058 3051 ip

132 3064 383 3141 promissionem,
408 3063 457 3123 oui
477 3063 581 3124 iuncte
601 3063 656 3123 fuit
678 3065 886 3144 oiroumeisio,
915 3066 1058 3127 institiss-

133 3145 184 3205 bet
203 3152 237 3205 et
267 3145 417 3224 implebat
441 3145 491 3222 id,
519 3147 604 3227 quod
632 3149 824 3217 oiroumoisio
852 3149 1057 3231 siguifioebet.

131 3227 221 3288 Fides
243 3229 325 3303 enim
347 3229 402 3288 init
419 3230 610 3291 eiroumoisio
633 3233 784 3314 praeputii
815 3235 916 3294 sordis
944 3235 974 3293 in
997 3235 1059 3315 spi-

132 3313 203 3388 ritu,
233 3330 327 3390 quem
354 3310 506 3391 figurabat
540 3316 733 3387 circumsisio
762 3317 862 3377 uernis
894 3319 924 3378 in
959 3319 1056 3387 litere.

133 3393 183 3454 sto
203 3392 387 3463 snemlieium
406 3396 484 3456 Abel
504 3398 596 3476 plane
615 3418 679 3460 non
691 3419 761 3460 eum
783 3400 978 3481 insrifioabor,
1001 3401 1059 3463 secl

132 3475 223 3554 fides,
253 3495 314 3554 que
335 3497 368 3537 ss
390 3478 459 3538 Deo
481 3485 578 3541 totum
602 3482 728 3562 obtrlit,
747 3504 850 3564 ouem
873 3485 1060 3548 ssorifioiunr

132 3567 292 3620 externum
313 3559 472 3640 figurabat

804 3721 812 3754 l

185 3743 292 3807 ἨΜ
310 3745 355 3799 lu.
392 3746 441 3808 ³⁸»)
458 3747 538 3800 lton·
556 3746 583 3800 t.
