2392 4170
132 245 195 311 258
381 246 473 313 Quare
494 249 632 316 pontificis
655 249 736 302 llam.
755 248 818 302 libri

133 421 204 462 nam
228 401 287 460 divi
311 401 405 478 Pauli,
429 401 521 461 libros
543 420 599 482 pro
613 404 746 481 quinque
770 401 901 462 millibus
917 402 1058 464 denario·

138 506 203 545 rum
227 503 295 548 esse
317 494 540 550 concrematos.

196 566 348 645 Secundo,
362 575 497 646 ntunque
506 569 626 641 sitsurn
637 576 738 628 tamen
750 568 919 648 baptizatus
931 568 959 642 ¹)
973 568 1057 628 chri-

135 652 261 727 stianus,
285 659 376 730 atque
399 653 477 710 adeo
501 654 614 711 iuratus
627 670 732 710 sacrae
746 650 1058 731 ScripturaeDoctor,

134 735 187 794 sed
211 742 241 794 et
262 733 455 812 quotidianas
478 735 690 810 concionator,
708 736 756 793 cui
768 753 824 814 pro
836 736 971 811 nomine,
985 753 1058 795 con·

135 817 267 888 ditione,v
282 816 477 878 iureiurando
497 829 525 876 et
546 815 648 877 cilicio
671 836 727 878 suo
742 818 915 894 conveniat,
938 836 1058 898 perver-

134 919 194 977 sas,
218 901 320 976 falsas,
342 900 532 960 seductorias
555 908 585 958 et
613 902 722 980 impias
746 901 898 961 doctrinas
921 901 1058 977 abolere,

135 984 181 1043 vel
205 983 312 1043 saltem
336 984 492 1062 impedire.
538 984 574 1042 Et
596 985 734 1061 quamvis
757 984 853 1043 multo
876 984 978 1063 plures
1008 985 1058 1044 iis·

134 1066 203 1127 dem
232 1063 341 1149 snnt²)
377 1066 512 1125 obstricti
547 1066 746 1144 munibus³)‚
783 1066 892 1126 ecdem
924 1067 1058 1127 devincti

135 1148 248 1236 officio,
272 1152 320 1234 qui
344 1156 446 1225 tamen
460 1151 498 1220 ¹id
522 1151 620 1231 ipsum
646 1150 691 1208 vel
710 1150 816 1233 nolint„
839 1151 887 1215 rai
902 1169 986 1231 naqa
1024 1159 1060 1225 pt

135 1233 476 1312 facessat-praestare,
494 1232 636 1292 fortassis
652 1231 699 1293 ‘ob
717 1235 902 1312 imperitiam
914 1232 982 1294 'ant
1018 1234 1057 1294 ass

135 1332 255 1382 manain
278 1315 475 1393 ‚formidinem
492 1327 529 1382 et
553 1324 683 1389 oretum,
711 1325 812 1395 tamen
833 1335 895 1407 ago
918 1318 1057 1405 κὰμ,

136 1398 231 1458 nihilo
244 1397 358 1480 ³s'1m4)
383 1394 573 1473 excusatior,
588 1400 633 1457 “si
670 1418 738 1458 mea
764 1398 952 1465 conscientia
976 1395 1056 1460 ¹satis

134 1483 173 1541 sit
193 1484 340 1554 instructa
353 1489 505 1552 :ffimcus
528 1484 656 1551 scithiae
679 1483 947 1562 loetsgratislsatis
970 1481 1058 1542 sorti·

134 1573 180 1624 ter
194 1566 357 1644 excitatus,
380 1566 548 1644 cuiuspiam
562 1567 705 1645 exemplo
727 1568 847 1624 retineri
855 1565 882 1646 ὖ)
898 1566 1056 1626 sustineat.

215 1649 452 1734 larti0‚aeque
473 1648 782 1729 tommfhaamneris
795 1659 1057 1726 conans-m,

136 1730 194 1790 nisi
218 1738 361 1810 expertus
385 1730 527 1792 vidissein
550 1735 660 1873 papam
685 1731 911 1829 sipontiflcioa
933 1749 1076 1811 corrup.

135 1820 217 1874 tores
240 1821 272 1874 et
296 1812 481 1875 'seductores
511 1816 589 1874 ‘non
617 1815 699 1874 <llum
723 1832 825 1875 errare
845 1814 878 1874 'et
899 1813 1057 1892 seducere,

134 1896 301 1957 sedetiam
336 1916 391 1957 eos
413 1905 484 1977 post
508 1897 618 1956 multas
650 1900 865 1959 instructiones
889 1918 908 1957 a
929 1917 978 1958 me
998 1898 1057 1958 irn-

134 1987 197 2040 stra
220 1981 316 2041 factas
340 1983 368 2039 in
393 1983 455 2040 suis
485 1983 585 2060 impiis
608 1982 760 2041 erroribus
783 1991 813 2041 et
836 1980 1058 2061 perditionibus

133 2065 302 2123 animarum
319 2063 397 2123 adeo
412 2082 535 2142 prorsus
556 2063 713 2124 induratos
731 2071 763 2125 et
774 2064 1057 2144 obstupefactos⁸),

133 2155 248 2206 utnon
272 2146 370 2206 solum
394 2166 453 2205 non
487 2148 640 2225 patiantur
669 2147 755 2225 velt)
781 2148 848 2207 duci
871 2148 919 2207 vel
943 2148 1057 2220 doceri,

133 2230 186 2289 sed
210 2230 301 2291 etiam
325 2247 435 2289 caecos
459 2230 606 2290 obturatis
635 2230 757 2291 auribus
781 2242 811 2290 et
838 2231 933 2296 oculis
961 2251 1056 2312 svan-

133 2313 268 2395 g'elicam¹
286 2312 457 2394 ‚doctrinam
481 2312 685 2373 condemnare
709 2322 739 2373 et
756 2322 894 2391 exurere,
914 2308 954 2377 a'd
968 2316 1055 2375 'suam

132 2395 393 2455 antichristianarn
428 2404 459 2455 et
495 2395 675 2456 diabolicam
710 2397 911 2457 eruditionem
948 2397 1055 2458 conflr-

134 2477 275 2551 mandam
298 2487 328 2540 et
350 2480 645 2557 conservandam.⁸)
968 2522 971 2529 .

216 2559 333 2639 Quarto
367 2583 423 2621 nec
457 2565 549 2624 credo
584 2583 639 2624 ecs
677 2563 855 2625 mandatum
886 2563 1003 2626 habere
1033 2585 1055 2624 a

132 2643 236 2706 Leone
257 2645 293 2706 X.
316 2645 464 2707 Pantilice
489 2647 638 2721 Romano,
656 2657 800 2726 qnantum
830 2651 1056 2726 pasturam

131 2746 314 2807 personam,
347 2731 403 2788 nisi
439 2749 528 2795 secus
560 2730 738 2810 intelligam.
783 2730 838 2791 Cui
872 2732 962 2791 etiam
993 2732 1083 2811 ipsi·

133 2829 235 2890 sparo,
254 2832 276 2879 a
296 2831 347 2872 me
374 2813 553 2880 combustos
577 2814 684 2888 libros,
720 2833 895 2892 quanquam
923 2814 961 2874 ab
985 2817 1057 2876 aiu

133 2893 422 2973 praedecessoribus
445 2898 605 2973 conditos,
628 2916 690 2958 non
715 2898 853 2976 placere3
875 2898 1004 2977 quodni
1027 2899 1057 2958 ei

133 2978 224 3047 ctiam
258 2978 415 3057 placeant,
445 2979 517 3039 nibil
545 2980 605 3041 hcc
628 3000 695 3040 mea
718 2982 862 3042 retulerit.
907 2982 953 3042 ad
976 2981 1058 3043 baec

133 3058 200 3123 scia-
221 3063 310 3131 centis
326 3062 392 3122 „hac
415 3063 530 3123 nunciis
554 3063 693 3139 edoctus,
717 3064 972 3125 Colonienees-st
992 3063 1059 3126 lior

134 3143 294 3204 vanienses
316 3146 466 3206 iactantes
498 3165 565 3205 sese
588 3146 699 3221 habere
722 3146 893 3208 Caesareae
916 3148 1059 3211 Maiam

155 3335 573 3346 ——-—-—--—-—--———-·

187 3456 214 3526 1)
226 3458 256 3510 ln
270 3454 381 3511 adden.
397 3460 576 3527 :baptisatus
596 3461 629 3524 2)
647 3459 726 3513 lbid.:
748 3461 810 3513 sint.
832 3460 863 3526 3)
886 3457 970 3516 lbid.:
992 3475 1057 3513 con·

133 3527 292 3584 ditionibus.
330 3529 361 3598 4)
377 3528 459 3583 lbid.:
481 3549 551 3584 sum.
589 3534 619 3594 5)
632 3531 717 3585 lbid.:
739 3549 770 3585 se
783 3534 902 3585 retineri.
922 3535 955 3593 6)
969 3533 1055 3587 lbid.:

132 3603 286 3654 fascinatos.
362 3604 392 3660 7)
415 3602 537 3656 Ibidem:
564 3620 592 3654 sc
612 3604 664 3656 vel.
744 3605 773 3669 8)
794 3604 912 3657 Ibidem:
936 3604 970 3656 ad
990 3621 1057 3658 snas

131 3673 353 3728 antichristianae
376 3682 405 3726 st
424 3675 575 3729 diabolicas
603 3676 825 3729 abominationes
850 3675 1057 3730 confirmandas

131 3750 158 3797 et
176 3745 390 3798 conservandas.
