2392 4170
410 245 494 307 Missa
511 245 623 320 privata
640 243 674 304 Ι).
692 245 728 307 ll.
747 244 778 305 L.
996 244 1059 317 1Ὶῦ

137 412 328 494 magnitudo,
351 413 406 474 sed
429 432 490 475 non
513 412 648 474 dilleient
667 414 699 475 iu
717 399 830 491 errore,
852 431 911 475 nee
931 431 1059 493 praeva-

136 495 211 559 lebit
232 515 316 558 error
337 497 369 557 in
391 496 492 579 finem,
508 515 682 577 quanquam
696 495 901 577 vixevadant,
923 513 1059 576 uepres·

136 578 249 643 ualeat.
282 576 434 642 Induaent
458 579 589 662 (inquit)
612 582 643 640 in
657 598 802 656 errorem,
825 581 849 640 si
862 578 929 641 fieri
945 585 1058 661 potest,
1164 602 1167 616 ⁴

136 663 269 744 eleetos,
297 663 358 725 uon
381 671 444 741 est,
466 663 610 725 induntos
633 666 663 724 in
685 681 818 725 errorem
842 663 1003 742 tenebunt,
1026 668 1059 724 ut

137 746 297 808 videantur
319 767 388 808 eum
412 750 456 807 eis
476 749 507 807 in
531 766 633 808 errore
656 765 779 807 manera
801 752 833 807 et
854 746 964 827 perire.

218 830 329 891 Nonne
350 832 410 891 hoo
432 832 462 890 in
485 829 678 908 Bernhardo,
708 827 877 911 Gregorio,
899 831 1058 891 Bouaven·

137 921 206 974 ture
227 922 257 973 et
289 914 391 975 multis
413 913 480 973 aliis
504 912 652 991 videmus,
674 913 774 993 quiin
797 913 899 974 multis
923 919 954 974 et
975 932 1057 994 mag·

136 997 183 1057 uis
205 996 358 1058 erroribus
368 1003 602 1078 permanserunt
623 1015 692 1056 aum
714 997 824 1076 impiis.
865 995 1057 1058 Bernhardus
1156 1051 1158 1055 .

137 1087 167 1141 et
190 1080 422 1157 Bonavantura,
456 1081 650 1158 Francisous,
674 1079 861 1141 ¹Domininus
893 1099 963 1140 oum
994 1079 1057 1141 suis

136 1163 252 1244 Papum
275 1165 452 1244 ignorantes
476 1169 506 1224 et
528 1183 616 1223 suurn
644 1181 772 1242 regnum
796 1163 972 1240 noluerunt,
995 1181 1058 1223 are-

137 1246 244 1307 dentes
267 1248 372 1307 omnia
405 1249 470 1307 eius
501 1246 582 1307 bona
611 1251 643 1307 et
663 1252 747 1306 reeta
775 1253 806 1306 et
827 1265 867 1307 ex
890 1247 957 1307 Deo
979 1264 1059 1325 esse,

136 1329 219 1410 quod
250 1341 296 1391 est
330 1331 489 1390 manifeste
524 1335 632 1390 eontra
664 1329 866 1409 Evangelinm
896 1331 926 1390 iu
956 1329 1058 1391 multis

136 1415 222 1479 lonis.
258 1413 398 1493 Denique
418 1413 541 1494 ipsimet
564 1412 762 1492 Evangelium
784 1412 816 1472 in
829 1412 943 1492 Papam
965 1413 1058 1474 iuter·

136 1497 246 1577 pretati
284 1505 355 1557 sunt
389 1497 489 1557 multis
519 1503 551 1556 et
577 1496 698 1575 magnis
730 1495 892 1558 erroribus.
947 1495 1058 1559 Nonne

134 1581 261 1661 impium
289 1586 361 1659 est,
392 1586 509 1659 petram
546 1575 729 1643 uetusto.
759 1578 875 1659 Papam
911 1577 1058 1656 eredere?
1133 1634 1136 1640 .

135 1662 247 1727 Nonne
280 1664 407 1743 impium
438 1668 509 1742 est,
533 1681 616 1722 mare
638 1662 740 1722 lasere
767 1661 930 1741 homines,
965 1681 1059 1742 supra

158 1765 215 1807 uos
236 1746 345 1817 Petrus
366 1756 397 1806 et
414 1746 498 1827 Papa
521 1744 687 1825 ambulent,
708 1743 739 1805 id
762 1750 818 1825 est,
841 1743 1058 1807 dominentur?

136 1765 246 1890 §onae
268 1831 393 1910 impium
417 1837 474 1903 est,
497 1828 590 1890 verbo
614 1828 761 1909 paseendi
784 1827 978 1910 tyrannidem
1000 1828 1057 1901 Pa·

135 1932 195 1993 pae
217 1913 373 1973 stabilire?
406 1913 445 1973 Et
468 1921 570 1974 temen
599 1912 781 1974 Sanctorum
813 1918 886 1972 sunt
911 1912 942 1972 hi
971 1911 1058 1973 multi

135 1996 250 2067 similes
284 2015 418 2076 errores,
447 1995 502 2057 sed
530 1996 736 2079 ignorantium
772 2000 803 2063 et
833 1994 893 2055 fide
926 1995 1058 2076 simplici

134 2076 166 2142 in
190 2077 310 2140 Christo
333 2079 532 2160 haerentium,
555 2078 636 2154 unde
659 2079 703 2140 eis
725 2078 844 2160 ignovit
882 2078 973 2145 Dens.
1018 2079 1059 2139 At

135 2164 186 2245 qui
211 2165 366 2243 cognitum
389 2182 523 2225 errorem
546 2169 668 2224 tuentur
705 2168 736 2223 et
762 2163 792 2223 iu
815 2162 899 2233 illum
923 2164 1059 2223 nituntur

135 2265 192 2321 eeu
214 2247 245 2306 in
268 2248 445 2326 veritatem,
467 2247 573 2308 Patres
602 2251 784 2326 sequuntur,
807 2245 862 2307 sed
889 2246 929 2308 ad
952 2247 1057 2307 Patres

134 2348 197 2408 non
220 2331 409 2410 pervenient,
430 2331 501 2411 quia
522 2328 570 2408 id,
599 2328 682 2409 quod
704 2326 809 2391 Patras
832 2330 955 2401 tandem
991 2328 1059 2392 rali-

135 2422 268 2510 (puerunt¹
288 2421 318 2475 et
340 2431 395 2494 pro
418 2431 479 2493 quo
502 2415 622 2481 veniam
652 2411 862 2493 obtinuerunt,
890 2420 1058 2495 sequuntur

134 2515 202 2559 arne
224 2498 323 2577 venia,
346 2505 377 2558 et
399 2515 553 2575 nunquam
588 2496 738 2578 relicturi,
766 2495 819 2558 sed
842 2504 877 2561 ut
895 2497 1057 2561 artinnlum

134 2579 206 2642 fidei
227 2582 385 2642 servaturi.

216 2663 319 2726 Tertio
345 2664 493 2725 obiiciunt
522 2662 636 2737 silvam,
659 2660 743 2723 illam
766 2663 994 2744 exemplorum,
1026 2663 1056 2724 in

137 2747 248 2829 quibus
277 2747 363 2808 multi
395 2748 518 2829 spiritns
541 2747 631 2807 etiam
669 2745 757 2807 bonis
785 2752 817 2807 at
845 2749 959 2808 sanatis
987 2747 1057 2808 viris

133 2850 305 2912 apparuere
326 2839 467 2911 petentes
489 2830 648 2891 lllissarnm
671 2827 821 2891 saariflnia
842 2849 898 2911 pro
921 2831 968 2891 sni
989 2828 1055 2892 red-

134 2915 300 2995 emptione.
339 2913 395 2974 Hie
417 2914 488 2976 mihi
505 2912 600 2977 libera
623 2912 811 2993 loquendum
832 2920 887 2979 est.
923 2913 1056 2974 Dubium

135 3017 197 3069 non
220 3005 277 3078 est,
300 2998 370 3076 quin
395 3005 491 3059 toturn
514 2998 552 3057 sit
574 2996 708 3058 Satanae
721 2997 888 3078 negotium,
912 2997 1058 3078 quidquid

136 3082 254 3162 uspiam
285 3078 341 3142 est‘
353 3082 512 3163 spirituum
541 3081 771 3162 apparentium,
799 3080 1058 3162 tumultuantium,

136 3164 359 3245 querulantium
394 3173 425 3226 et
455 3164 584 3245 quodvis
614 3164 723 3244 quovis
754 3163 846 3226 modo
883 3165 1057 3226 maehinan·

135 3250 210 3319 tium
234 3248 265 3310 in
289 3249 349 3310 hoo
371 3250 563 3330 potissimum
587 3246 769 3326 anhelantis,
791 3247 1057 3310 utBlueharistiam

136 3340 299 3393 evacuaret
328 3340 359 3393 et
392 3332 430 3393 de
463 3341 543 3393 terra
575 3330 723 3406 aboleret,
763 3337 795 3392 et
829 3331 859 3391 in
892 3330 1056 3394 ludibrium

135 3435 230 3493 epum,
248 3424 389 3477 verteret.
422 3415 554 3485 Videbat
569 3416 654 3487 enim¹
672 3414 731 3475 han
750 3433 812 3476 nna
832 3424 911 3476 teet
932 3416 1057 3478 verbum

135 3505 167 3560 et
188 3490 280 3560 fidem
302 3499 431 3559 feliciter
452 3498 592 3580 plantari,
613 3498 716 3578 rigari,
745 3517 888 3560 nresaere
916 3505 948 3560 et
968 3499 1057 3562 robo·
1161 3552 1165 3561 .

136 3584 195 3643 rari
216 3583 247 3642 in
270 3583 445 3644 vastitatem
467 3582 653 3662 principatus
677 3583 724 3643 sui
746 3576 899 3644 tenebrosi
923 3588 954 3644 et
975 3583 1056 3646 mali.

135 3664 209 3738 ldeo
232 3665 323 3747 plane
351 3665 492 3746 angelica
520 3683 575 3729 sua
602 3666 715 3729 astutia
743 3685 816 3727 usus
843 3672 891 3728 est
916 3664 956 3747 ad
983 3666 1057 3728 abo·

136 3747 259 3811 lendum
280 3750 341 3813 hoa
363 3749 560 3813 victoriosum
573 3751 765 3833 mysterium,
787 3756 818 3813 et
839 3748 978 3834 prolusit,
1003 3748 1054 3811 do·
