2392 4170
365 241 449 299 llissa
465 242 576 314 privata
594 245 628 303 D.
648 244 683 302 ll.
701 245 732 303 L.
955 246 1017 315 183

95 415 204 492 lentur,
227 420 292 477 tota
313 413 426 477 fiducia
436 415 637 496 abrogandae
649 424 719 479 suut
734 416 895 481 universae
915 419 1017 496 nobis,

96 501 148 581 qui
170 497 337 563 Christiani
360 501 601 578 essevolumus,
626 522 683 563 nec
696 502 908 583 spectandum,
933 504 1015 584 quod

95 585 196 665 pauci,
220 585 271 663 pio
294 603 406 664 errore,
429 584 487 645 illis
510 591 634 646 utantur
655 587 720 646 sine
742 587 924 667 perditione.
959 589 1016 650 Cu·

94 667 294 746 nondumque,
318 674 350 728 ut
371 687 473 728 rursus
508 668 546 729 ad
568 669 698 729 -furmam
728 677 757 729 et
793 672 1042 733 institutionem·

96 752 207 813 Christi
230 751 485 831 quamproxime
513 752 714 832 accedamus,
737 753 871 835 scilicet,
903 761 935 816 ut
957 752 1015 816 ain-

95 835 175 916 gulis
198 835 360 895 dominicis
384 835 501 910 diebus,
524 842 555 896 el
575 837 612 895 iis
635 836 709 897 solis
733 843 764 898 et
786 839 875 898 unica
897 845 1014 900 tantum

96 919 288 979 Eucharistia
309 924 516 993 consecretur,
539 918 617 980 sicut
641 920 733 981 modo
756 920 790 980 fit
816 922 848 981 iu
883 921 933 983 die
961 922 1015 983 Pa-

95 1002 199 1064 schae.
242 1001 282 1061 st
304 1001 367 1062 illio
389 1004 575 1064 conveniant
602 1001 772 1076 esurientes
807 1010 838 1064 et
866 1005 1014 1086 sitientes,

94 1085 124 1146 id
148 1094 203 1164 est,
226 1086 297 1164 piae
319 1090 350 1145 et
372 1084 504 1146 afflictae
526 1088 751 1161 conscientiae,
784 1107 863 1167 quae
896 1108 914 1148 a
946 1109 1015 1170 pec

94 1170 170 1231 catis
190 1174 297 1248 optent
318 1170 429 1247 sanari,
454 1168 587 1229 exclusis
620 1171 673 1248 iis,
697 1172 748 1250 qui
769 1171 872 1251 palam
908 1191 1015 1233 secun·

94 1252 165 1313 dum
200 1271 323 1312 carnem
355 1251 522 1325 ambulant,
560 1259 622 1313 tum
658 1255 689 1313 in
725 1254 827 1314 medio
867 1258 1016 1317 memoria

94 1334 208 1400 Christi
223 1335 347 1415 publico
363 1334 457 1396 verbo
475 1335 524 1395 dei
538 1343 711 1417 peragatur,
729 1338 759 1396 iu
780 1340 934 1398 communi
949 1358 1014 1400 ore-

93 1426 141 1480 tur
162 1422 194 1480 et
214 1419 332 1498 gratiae
355 1425 501 1498 agantur,
530 1421 609 1480 siout
628 1430 671 1480 ex
686 1420 834 1501 Epistolis
852 1427 884 1480 et
896 1422 1014 1483 actibus

94 1502 315 1583 Apostolorum
338 1509 368 1562 et
389 1501 566 1583 Evangeliis
588 1503 679 1564 facile
700 1510 746 1564 est
768 1503 919 1568 ordinare.

93 1685 225 1746 Tertia
253 1704 342 1765 pars
366 1648 675 1767 (lesmorensis,
698 1688 854 1769 legibus
884 1694 923 1749 et
960 1708 1014 1750 sa·

388 1768 558 1830 orificiis
580 1771 720 1851 Papae.

177 1923 358 2003 Quanquam
381 1925 411 1984 iu
435 1922 643 2004 superioribus
667 1926 739 1986 satis
764 1927 1013 2007 monstravimus,

93 2013 126 2068 ul
149 2006 357 2069 abominabile
386 2015 416 2068 et
450 2007 625 2069 damnabile
647 2009 838 2089 Papistarom
874 2008 1015 2071 sacerdo·

94 2093 166 2152 tium
190 2111 246 2169 per
269 2090 413 2151 Satanam
447 2092 652 2153 introductum
693 2094 862 2154 vastaverit
889 2092 1014 2154 catholi-

93 2194 161 2235 cum
193 2174 253 2235 hoc
290 2181 428 2235 nostrum
453 2174 658 2236 Christianum
683 2176 904 2253 sacerdotium,
938 2177 1016 2237 sicul

94 2258 277 2337 promiserat
299 2258 384 2336 Papa
405 2277 540 2319 summus
563 2258 711 2321 sacerdos
739 2260 830 2320 huius
852 2258 1015 2321 sacerdotii

93 2343 123 2402 in
145 2342 307 2421 prooemio
331 2340 537 2400 Decretalium
561 2362 705 2421 suorum,
728 2341 911 2422 promittens
945 2362 1015 2404 sese

92 2424 310 2484 translaturum
333 2423 539 2499 sacerdotium
564 2424 675 2485 Christi
698 2427 728 2485 in
752 2445 786 2487 se
808 2428 926 2506 ipsum,
951 2445 1015 2486 am-

94 2508 173 2587 plius
198 2514 301 2568 tamen
324 2506 355 2567 id
379 2525 621 2586 cognoscemus,
655 2509 680 2568 si
712 2508 898 2587 viderimus,
931 2516 964 2569 ut
986 2515 1017 2570 el

94 2590 193 2670 legem
218 2591 328 2651 Christi
351 2591 547 2667 transtulerit,
571 2594 601 2651 et
624 2609 722 2650 noras
745 2590 840 2670 leges,
863 2610 897 2651 se
914 2598 945 2651 et
959 2610 1016 2653 suo

94 2673 268 2735 sacerdotio
292 2673 498 2754 dignissimas,
522 2671 703 2734 condiderit.
741 2674 812 2735 Alio
829 2675 920 2754 igitur
937 2675 1016 2754 prin·

95 2757 177 2836 cipio
201 2762 323 2836 sumpto
358 2756 517 2818 videamus
541 2757 643 2836 legum
666 2757 882 2819 translationes
904 2764 936 2817 et
962 2775 1017 2838 po·

95 2842 233 2918 sitiones,
257 2841 336 2901 sorte
359 2846 389 2900 et-
411 2839 460 2899 hic
482 2841 659 2901 elucescent
679 2841 829 2922 principia
847 2839 900 2900 illa
915 2858 1017 2900 sacra·

95 2924 213 2984 tissima
235 2922 307 2984 fidei
331 2922 535 2984 Sodomorum
558 2930 589 2984 et
611 2924 831 2986 Gomorrarum
865 2924 1016 2984 Purisien-

96 3008 138 3066 sis
160 3012 191 3066 et
212 3007 412 3068 Lovaniensis
437 3006 627 3069 scholarum.

178 3090 278 3152 Omne
301 3089 507 3151 sacerdotium
529 3091 648 3171 legibus
671 3091 834 3168 formatur,
858 3095 889 3151 el
912 3109 1018 3150 unum-

96 3173 242 3253 quodque
264 3174 326 3233 suis
349 3175 480 3253 propriis
502 3174 541 3234 ab
565 3174 689 3235 alterius
712 3174 877 3235 sacerdotii
899 3170 1020 3253 legibus

95 3257 234 3338 diversis,
256 3266 289 3316 ut
311 3256 390 3317 bene
411 3256 523 3318 dixerit
544 3257 724 3339 Apostolus,
747 3258 895 3318 translato
920 3274 1019 3318 sacer·

95 3342 171 3402 tolio
194 3359 323 3400 necesse
345 3345 391 3399 est
415 3347 448 3400 ut
469 3341 546 3421 legis
581 3341 740 3402 translatio
776 3341 850 3420 fiat,
884 3360 953 3401 curn
989 3346 1020 3401 et

14 3486 20 3494 ,
96 3423 302 3485 sacerdotium
325 3424 391 3482 sine
413 3422 499 3504 lege,
523 3431 553 3483 et
575 3425 626 3485 lex
658 3425 725 3485 sine
757 3423 918 3485 sacerdote
950 3442 1020 3484 esse

96 3527 157 3569 non
180 3507 286 3588 possit.
329 3505 495 3584 Loquimur
516 3513 619 3568 autem
633 3506 662 3588 1)
696 3507 841 3587 delego,
874 3524 952 3586 quae
974 3508 1017 3566 in·

95 3591 193 3652 stituit
213 3592 243 3651 in
265 3590 319 3668 iis,
342 3607 421 3668 quae
442 3588 482 3649 ad
504 3589 602 3652 Deum
626 3592 778 3671 pertinent
799 3596 830 3651 et
863 3590 1020 3652 eonscien-

102 3729 311 3740 -n-——un———nu

169 3781 201 3849 1)
221 3780 253 3835 ln
272 3779 316 3836 ed.
334 3780 421 3851 origa
444 3785 500 3834 aut.
