2392 4170
175 222 239 290 228
369 224 495 281 maereo
514 241 588 278 omn.
608 227 685 278 artic.
703 225 737 278 D.
757 226 791 278 bl.
810 225 836 278 L
855 241 906 294 por

260 379 369 439 Esaias
386 379 477 438 etiam
500 379 573 438 dicit
594 379 650 444 40:
682 377 821 459 Suscepit
852 378 891 439 de
924 397 1016 438 manu
1038 377 1099 438 Do·

180 462 252 521 mini
276 461 420 545 duplicia,
442 480 497 541 pro
520 462 661 522 omnibus
683 463 818 541 peccatis
841 464 913 523 suis.
948 459 1027 537 Quid
1049 460 1101 521 bio

178 544 302 606 dicent?
344 547 474 624 gratiam
496 545 570 604 dicit
597 565 614 604 a
636 545 770 605 Domino
792 563 853 605 non
877 544 942 605 dari
964 544 1021 605 nisi
1042 561 1099 623 pro

177 629 323 708 peccatis,
352 628 470 688 scilicet
490 646 546 708 pro
577 628 674 688 malis.
717 629 823 706 Atque
846 627 876 689 id
906 627 988 706 quod
1016 626 1101 704 dicit,

178 709 331 789 omnibus,
353 711 385 771 id
407 709 568 790 significat,
592 711 674 788 quod
697 711 769 770 nibil
792 710 851 775 nisi
872 718 1001 790 peccata
1022 709 1100 770 loce

177 795 216 853 rit
238 801 309 853 ante
331 795 470 873 gratiam,
492 813 546 854 sen
569 795 672 854 omnia
695 795 867 873 operosius
888 801 1018 872 peccata
1039 794 1101 853 lue·

177 877 246 937 rint.
289 876 320 936 Si
342 884 444 937 autem
467 876 504 937 de
527 896 618 937 manu
637 878 758 938 Domini
783 878 932 956 contingit
943 877 1101 956 suscipere

177 960 306 1039 gratiam
335 978 391 1039 pro
425 959 568 1039 operibus
591 961 750 1040 congruis,
777 977 856 1038 quae
885 967 1015 1039 peccata
1035 977 1098 1021 non

177 1043 248 1119 sint,
277 1042 386 1102 falsum
414 1041 463 1101 hic
487 1043 594 1102 Esaias
616 1042 693 1102 dixit
714 1050 744 1102 et
766 1044 866 1121 gratia
887 1042 946 1102 Dei
969 1042 1100 1120 vilescit,

178 1131 325 1204 utquam
348 1145 410 1186 non
432 1128 553 1204 penitus
575 1125 707 1204 indignis
730 1125 821 1199 dedit,
844 1127 923 1186 sicut
942 1123 1101 1206 Pelagiani

178 1208 365 1285 docuerunt,
394 1229 411 1268 a
440 1228 569 1287 quorum
592 1229 683 1268 sensu
717 1209 790 1269 nibil
813 1210 869 1267 nisi
902 1209 976 1268 solis
998 1208 1100 1269 verbis

177 1288 334 1354 distamus.
379 1290 533 1371 Siquidem
558 1300 588 1350 et
600 1310 655 1352 nos
669 1294 776 1352 mereri
791 1293 930 1370 gratiam,
948 1292 1020 1351 licet
1036 1309 1099 1353 non

178 1373 216 1434 de
238 1373 394 1454 condigno
422 1376 654 1455 praedicamus,
686 1375 767 1453 quod
795 1384 825 1434 et
852 1376 911 1454 ipsi
932 1375 1100 1434 concessis

177 1464 255 1537 sent,
279 1459 478 1537 nequeenim
502 1460 631 1537 gratiam
657 1458 711 1517 Dei
735 1466 796 1517 tam
813 1458 902 1517 vilem
911 1455 1101 1536 habuissent,

177 1549 211 1601 ut
233 1559 272 1601 ea
293 1540 387 1620 digno
411 1542 519 1601 merito
544 1541 650 1601 donari
675 1542 819 1602 dicerent.

259 1623 342 1683 ldem
370 1623 479 1684 Esaias
508 1623 636 1684 ibidem:
674 1624 781 1685 Omnis
813 1641 884 1683 caro
917 1623 1042 1683 foenum
1070 1631 1101 1683 et

178 1707 277 1767 omnis
305 1707 405 1787 gloria
432 1708 497 1768 eius
526 1708 605 1769 sicut
626 1706 684 1768 flos
707 1708 799 1768 foeni.
842 1706 1040 1766 Exsiccatum
1054 1714 1101 1766 est

179 1788 303 1849 foenum
326 1798 356 1850 et
378 1788 436 1850 llos
461 1791 581 1866 cecidit,
604 1791 676 1869 quia
697 1791 819 1870 spiritns
832 1789 955 1850 Domini
968 1786 1101 1849 sufflavit

177 1873 207 1932 in
229 1871 318 1933 illud:
341 1872 476 1934 Verbum
499 1882 601 1933 autem
626 1873 751 1932 Domini
772 1873 915 1932 manetin
933 1880 1103 1932 aeternum.

176 1954 226 2015 Da
247 1954 370 2017 foenum
395 1964 426 2015 et
448 1954 555 2016 florem
579 1957 654 2017 eius.
697 1955 808 2015 Nonne
832 1973 904 2016 caro
922 1955 1026 2033 bomo,
1048 1973 1104 2016 seu

178 2037 306 2099 liberum
329 2037 485 2098 arbitrium
503 2049 534 2098 et
555 2037 701 2117 quidquid
724 2046 771 2098 est
786 2037 939 2099 bominis?
962 2037 1021 2097 llos
1035 2040 1101 2099 eius

177 2127 209 2181 et
229 2121 328 2200 gloria
346 2140 449 2181 nonne
472 2129 518 2180 est
539 2123 643 2196 virtus,
657 2123 818 2201 sapientia,
838 2121 961 2198 iustitia,
973 2121 1100 2181 liberum

177 2202 344 2279 arbitrium,
366 2203 446 2264 unde
470 2205 567 2284 possit
589 2203 712 2284 gloriari
734 2204 848 2283 aliquid
861 2224 930 2264 esse
942 2211 974 2265 et
986 2203 1102 2284 posse?

178 2284 248 2360 Qua
270 2305 343 2366 ergo
367 2287 485 2347 ratione
508 2285 556 2367 fit,
580 2298 610 2347 ut
632 2287 725 2346 flante
748 2289 854 2368 spiritu
877 2289 1050 2348 exsiccetur
1072 2295 1103 2347 et

179 2369 271 2429 cadat
292 2381 322 2429 et
344 2380 485 2429 manente
508 2371 601 2431 verbo
626 2370 752 2450 pereat?
784 2371 895 2432 Nonus
916 2371 1039 2451 spiritus
1055 2379 1104 2431 est

178 2452 292 2531 gratia,
329 2460 442 2530 quatu
475 2453 579 2513 dixisti
614 2454 740 2514 liberum
769 2455 923 2514 arbitrium
952 2455 1050 2514 iuvari
1072 2460 1103 2514 et

179 2535 246 2596 eius
282 2538 547 2616 praeparationem
575 2537 803 2599 consummari?
847 2537 907 2598 Cur
944 2556 1017 2617 ergo
1052 2536 1103 2596 hic

180 2620 367 2679 exsiccatum
391 2628 421 2679 et
444 2621 592 2681 cecidisse
606 2621 688 2700 dicit,
703 2620 1001 2700 quidquidestetiam
1026 2621 1102 2700 opti·

179 2721 261 2762 mum
290 2702 410 2762 carnis?
452 2703 596 2764 Nondum
626 2704 710 2765 vides
745 2706 884 2784 spiritum
915 2713 945 2763 et
972 2703 1100 2763 liberum
1171 2737 1176 2742 ·

179 2784 334 2852 arbitrium
359 2805 427 2847 esse
450 2787 623 2848 contraria?
666 2786 821 2866 Siquidem
845 2787 896 2846 illo
920 2785 1025 2864 flante,
1042 2786 1103 2847 hcc

179 2869 313 2930 caditat
335 2887 395 2929 non
420 2879 523 2930 manet
544 2890 612 2930 cum
636 2870 741 2932 verbo,
774 2870 843 2930 Non
860 2879 960 2930 autem
978 2869 1103 2930 caderet

178 2961 209 3012 st
229 2954 359 3033 periret,
393 2954 417 3011 si
441 2953 478 3013 ad
501 2952 607 3015 flatum
641 2955 763 3034 spiritus
786 2962 816 3014 et
837 2953 921 3013 verbi
944 2960 1049 3034 aptum
1073 2960 1104 3014 et

177 3043 393 3116 praeparatum
417 3046 507 3097 esset.

262 3118 406 3179 ieremias
428 3138 550 3199 quoque
573 3138 639 3201 cap.
665 3123 712 3185 10.
736 3120 781 3180 sic
810 3120 896 3179 dicit:
931 3120 1020 3197 Scio,
1041 3117 1101 3178 Do-

180 3202 277 3279 mine,
311 3203 455 3280 quoniam
481 3223 541 3264 non
566 3213 612 3262 est
634 3203 765 3263 hominis
790 3205 840 3263 via
861 3205 943 3279 eius,
967 3221 1025 3262 neo
1047 3202 1101 3262 viri

179 3289 245 3361 est,
267 3292 299 3344 ut
322 3284 431 3365 dirigat
453 3306 575 3364 gressus
599 3305 682 3347 suos.
726 3284 805 3361 Quid
838 3288 937 3366 potuit·
967 3285 1102 3366 apertius

179 3366 265 3427 dici?
308 3365 339 3427 si
361 3369 411 3428 via
434 3388 489 3429 sua
511 3381 540 3429 et
561 3388 686 3448 gressus
715 3371 761 3429 sui
784 3388 844 3430 non
868 3376 939 3429 sunt
965 3370 994 3428 in
1017 3375 1102 3446 pote·

180 3455 260 3512 state
282 3449 425 3528 hominis,
447 3453 606 3532 quomodo
629 3452 678 3513 via
692 3452 748 3512 Dei
760 3461 790 3512 et
807 3471 930 3533 gressus
945 3452 1004 3514 Dei
1015 3457 1103 3511 erunt

178 3536 209 3594 in
221 3541 375 3614 potestate
385 3535 473 3595 sius?
492 3534 551 3596 Via
573 3538 652 3597 enim
676 3535 807 3596 hominis
822 3544 867 3596 est
879 3555 926 3613 es,
939 3553 1032 3617 quam
1043 3534 1102 3616 ipsi

178 3623 292 3679 vocant
312 3617 481 3678 naturalem
504 3620 643 3678 virtutem
667 3619 809 3696 faciendi,
833 3619 916 3698 quod
939 3627 986 3679 est
1006 3619 1037 3677 in
1058 3636 1101 3680 ss.

177 3697 261 3763 Ecce
282 3701 360 3763 hacc
381 3717 442 3763 nco
474 3708 520 3765 est
540 3703 570 3763 in
605 3702 729 3763 arbitrio
762 3703 893 3763 hominis
926 3721 980 3762 seu
1016 3701 1102 3762 liberi
