2392 4170
298 268 461 330 Christianis
479 268 629 363 tectoribus
648 270 685 329 D.
697 271 731 327 ll.
743 269 823 327 Luth.
988 264 1053 336 476

134 429 325 512 cupiscentis
346 430 524 513 pollutionis
546 430 718 511 ambulent,
752 449 790 491 ac
811 427 1052 493 dominationem

134 521 349 592 contemnent,
370 516 442 578 item
472 523 571 577 unum
592 515 760 593 Lutherus,
782 534 821 577 sn
844 515 929 597 Papa
952 514 1052 593 Reges

134 618 172 660 ac
192 599 348 681 Principes
371 605 567 669 contemnat,
600 599 848 662 excommunicet
878 605 909 660 et
941 599 971 659 in
994 604 1054 660 ter·

133 683 224 761 dam,
253 692 406 761 quamam·
427 703 465 746 sc
492 703 605 745 nonam
660 684 868 744 onerationem
891 681 1055 758 devoveat,

134 772 166 827 et
187 767 233 829 sic
254 764 293 828 de
316 767 424 829 ceteris
446 766 606 846 omnibus,
639 703 678 827 ie
699 766 808 846 quihus
830 765 861 828 S.
884 765 990 826 Petrus
1022 765 1053 826 in

132 850 227 912 citato
248 849 331 912 dicto
353 851 497 931 loquitur.

218 950 280 1012 Sed
303 951 373 1015 Deo
397 951 524 1013 sitlans
555 957 586 1011 et
606 952 772 1033 gratiarum
795 950 891 1027 actio,
923 947 1054 1010 Romani

134 1034 291 1096 Pontificis
313 1041 344 1096 st
367 1035 556 1117 Papistarum
585 1035 712 1096 stultitia
747 1039 778 1094 et
804 1033 926 1093 inscitia
962 1032 1054 1112 plene

134 1118 199 1179 vult
218 1119 249 1179 in
272 1116 371 1181 iucem
392 1119 530 1201 proferri,
552 1124 585 1178 ut
606 1117 832 1179 confundantur
844 1121 875 1176 et
887 1112 1054 1196 pudefiant,

134 1207 164 1262 et
185 1203 243 1283 ipsi
266 1220 334 1264 sese
356 1202 437 1284 apud
460 1220 567 1265 omnes
590 1207 784 1280 contemptos
811 1197 957 1277 reddant,
993 1216 1054 1277 quo

135 1285 272 1347 Danielis
293 1284 457 1367 prophetia
477 1285 651 1367 impleatur,
671 1283 723 1346 nbi
744 1284 783 1344 de
801 1281 988 1345 Antichristo
1010 1283 1054 1342 in·

135 1370 214 1449 quit:
258 1368 331 1431 Sine
363 1387 454 1430 menn
483 1375 673 1447 conteretur,
705 1365 823 1430 Daniel.
845 1367 875 1446 8,
898 1372 928 1426 et
956 1367 986 1429 2.
1007 1363 1056 1425 Ti·

135 1452 230 1516 moth.
253 1455 288 1518 3:
311 1452 380 1514 Non
403 1452 566 1534 proficient
586 1450 734 1533 amplius,
769 1449 944 1530 insipientie
975 1448 1055 1508 enim

135 1553 240 1597 eorum
264 1535 391 1597 evidens
414 1539 470 1596 erit
492 1535 649 1612 omnibus,
682 1532 941 1624 quemadmodum
970 1530 1056 1596 leoni

135 1626 166 1679 et
188 1619 298 1681 lambri
321 1617 490 1686 accidebat.

211 1721 266 1799 'An
289 1757 525 1803 nonsummum
549 1741 649 1803 scelus
672 1747 702 1803 et
724 1740 858 1804 dedecus
880 1749 943 1821 est,
972 1741 1055 1821 quod

136 1818 230 1902 Papa,
253 1821 304 1900 qui
327 1823 391 1884 vult
413 1824 564 1905 perhiberi
588 1820 734 1906 magister
756 1827 890 1887 omnium
914 1825 1056 1887 Christis·

135 1921 256 1986 norum,
278 1904 352 1966 nihil
375 1906 507 1988 amplius
531 1906 633 1975 dicere
655 1909 750 1982 novit,
772 1928 862 1988 quem
885 1908 976 1971 illud:
999 1908 1056 1989 Lu·

134 1986 235 2048 iherus
258 1987 343 2050 solus
372 1990 437 2053 vult
463 1988 593 2072 sapere?
635 1990 683 2050 An
716 2011 789 2052 vero
819 2011 876 2052 nos
911 2011 978 2052 oum
1011 1997 1057 2053 tot

132 2070 299 2133 Maioribus
320 2075 433 2135 nostris
456 2092 576 2136 errasse
602 2074 760 2154 oportuit?
802 2073 879 2136 Sunt
899 2074 958 2134 hae
980 2094 1056 2135 sone

132 2154 312 2235 muliebres,
345 2159 493 2237 pueriles,
530 2156 751 2219 Monachorum
785 2166 815 2218 et
842 2157 1054 2238 sophistarum

134 2236 287 2312 querelae.
336 2239 475 2303 Decebet
499 2240 686 2303 'Pontificem
713 2240 887 2303 Romanum
921 2241 1056 2322 ellegere

134 2316 334 2402 Scriptorum,
358 2329 449 2401 atque
470 2324 514 2386 ite
535 2325 726 2386 ratiocinari:
749 2324 831 2386 Ecce
852 2324 903 2386 hic
923 2329 970 2385 est
990 2344 1056 2385 ver·

134 2399 205 2461 bum
223 2398 291 2476 Dei,
313 2402 375 2473 hoc
395 2411 427 2465 et
449 2404 504 2466 illo
526 2406 620 2467 modo
632 2406 782 2468 Lutherus
799 2415 907 2468 contra
930 2407 1055 2468 verbum

133 2483 190 2544 Dei
220 2483 333 2553 docuit.
376 2484 442 2548 Icm
467 2484 540 2548 'vero
568 2487 650 2549 belle
671 2489 739 2551 ho'c
754 2486 924 2552 dissimulet
946 2497 977 2551 et
997 2491 1053 2551 ait:

132 2566 200 2627 Hoc
223 2574 254 2628 et
275 2567 330 2629 illo
351 2570 445 2631 modo
467 2569 616 2631 lutherus
634 2578 741 2633 contra
757 2573 913 2654 antiquum
926 2592 1054 2654 morem,

133 2658 241 2711 contre
264 2653 528 2730 consuetudinem,
551 2657 660 2715 contra
673 2653 829 2717 Doctores
852 2655 965 2733 docuit,
987 2675 1054 2736 per·

132 2732 205 2794 inde
233 2752 271 2794 sc
298 2735 323 2794 si
346 2734 422 2796 tides
443 2740 551 2799 nostre
579 2737 676 2798 veteri
708 2756 794 2799 more
826 2757 864 2800 ec
893 2748 1053 2805 consuetu·

132 2815 203 2875 dine
225 2821 257 2877 e't
278 2816 367 2879 dictis
391 2819 560 2881 Doctorum
581 2821 704 2885 nitatur.

206 2930 305 3008 ‘Quod
329 2936 354 2997 si
376 2935 445 2998 sola
466 2936 659 2999 consuetudo
682 2944 714 3000 et
745 2959 813 3003 mos
834 2947 971 3002 vetustus
993 2941 1054 3005 sui-

132 3013 204 3095 lleit,
227 3034 281 3077 eur
302 3036 364 3079 non
377 3017 544 3098 Iudaicam,
566 3020 726 3084 Turciosm
747 3031 778 3085 et
794 3023 945 3085 ethnicum
962 3023 1052 3085 fidem

132 3098 366 3179 amplectimur?
398 3102 459 3163 Gur
481 3121 544 3165 non
566 3107 750 3167 assentimur
764 3106 900 3184 diabolo,
923 3108 971 3179 cui
992 3108 1054 3169 ism

131 3181 203 3240 inde
226 3181 264 3241 sb
287 3183 374 3245 initio
397 3195 546 3266 perpetua
568 3187 759 3251 consuetudo
783 3196 831 3251 eet
859 3209 928 3251 esse
951 3189 1054 3251 malo?

132 3263 310 3341 sinautem
335 3265 619 3332 soleconsuctndo
648 3291 708 3332 non
741 3271 871 3352 sufficit,
906 3292 958 3345 cnr
990 3292 1054 3335 non

134 3346 271 3407 ostendit
291 3348 377 3430 Peps
399 3370 488 3413 veras
511 3354 647 3415 ustiones
678 3373 716 3416 ac
741 3355 939 3418 fundamenta
967 3357 1054 3418 istius

133 3430 379 3513 consuetudinis,
413 3441 466 3495 eut
487 3437 538 3514 qni
561 3438 660 3498 minus
682 3437 754 3500 licet
775 3439 866 3502 nobis
899 3441 938 3502 de
963 3439 1053 3501 lonti-

132 3511 188 3572 bus
211 3519 243 3574 et
262 3514 356 3575 initiis
376 3516 457 3577 illins
479 3518 709 3596 consuetudinis
732 3540 896 3602 quaerere,
930 3524 1054 3586 bonane

84 3607 91 3618 ·
131 3614 171 3655 an
195 3616 291 3676 prava
313 3597 373 3658 siti
405 3599 498 3661 Certe
519 3609 625 3662 noster
638 3601 723 3665 Deus
745 3624 806 3666 non
829 3614 959 3668 vocatur
981 3625 1052 3669 oon·

132 3679 279 3759 melodo,
295 3679 357 3753 'sed
380 3683 504 3761 veritas,
527 3691 558 3745 st
578 3681 655 3747 fides
676 3695 783 3750 nostra
805 3707 867 3752 non
892 3695 1053 3754 consuetu·

134 3760 205 3826 dia‘e
224 3764 341 3849 nititur,
363 3764 418 3828 sed
439 3767 577 3849 veritate,
599 3777 747 3853 quaeest
769 3772 848 3834 Deus
869 3773 945 3856 ipse.
