2392 4170
133 244 196 313 526
465 246 523 311 ⁸De
542 244 719 303 instituendis
792 208 801 218 ⁸

133 429 239 471 nerum
263 429 361 471 rerum
385 416 521 473 vastator
543 420 613 488 est,
632 410 703 472 ideo
718 411 906 491 reliquorum
929 410 1057 473 fratrum

133 500 190 572 est,
211 493 295 555 iilum
319 495 588 578 excommunicare
609 501 641 555 et
662 495 754 555 alium
776 494 973 557 substituere.

215 599 269 660 His
290 599 472 661 firmissimis
493 599 742 680 fidelissimisqnc
759 599 1056 682 scripturae-dnos·

132 685 244 744 mentis
266 685 311 761 (si
334 685 434 744 verbis
462 682 521 746 Dei
545 683 715 761 credimus)
747 693 894 765 superata
924 693 974 746 est
1004 686 1057 745 mi·

132 786 201 828 sera
222 766 275 827 iiia
297 768 475 845 necessitas,
497 785 577 846 qnae
600 767 759 827 Boemianr
781 768 930 829 haetenus
952 769 1057 849 coegit

133 869 213 932 pene
235 850 410 911 mendicare
437 869 539 911 rasum
575 850 781 912 sacerdotium
816 870 855 912 se
881 851 1056 932 indignissi-

133 953 201 995 mos
223 951 363 1014 quosque
385 934 471 993 serre.
513 930 594 995 Nam
618 935 667 994 hic
690 935 757 994 loce
780 935 892 995 otarius
921 952 961 995 sc
997 934 1055 994 tide

133 1019 245 1078 certium
270 1016 433 1093 habemns,
458 1016 539 1076 unde
560 1016 683 1098 petendi
717 1019 778 1077 sint
799 1018 982 1078 sacerdotes
1004 1037 1056 1079 seu

135 1101 261 1161 ministri
280 1101 374 1175 verbi,
397 1099 515 1160 sciiicet
533 1120 572 1161 ex
588 1102 657 1180 ipso
679 1119 774 1180 grege
791 1100 915 1181 Christi,
937 1119 1054 1162 accus

134 1202 225 1263 quam
249 1183 329 1247 aiibi.
365 1183 442 1243 Nam
467 1183 516 1244 nbi
539 1183 569 1244 id
593 1192 792 1244 monstratum
816 1192 864 1244 est
886 1185 1055 1261 evidenter,

133 1267 247 1327 habere
286 1285 534 1346 unumquemque
565 1269 611 1328 ius
635 1267 824 1345 ministrandi
859 1269 967 1347 verbi,
996 1271 1056 1329 iuno

134 1356 349 1430 praeceptum,
370 1351 397 1410 si
421 1349 529 1411 viderit
551 1351 598 1410 vel
621 1349 713 1417 deese
737 1351 786 1431 qui
810 1350 972 1431 doceant,
1009 1351 1055 1413 vei

135 1452 196 1494 non
224 1442 309 1495 recte
331 1433 459 1512 docere,
487 1437 538 1514 qui
566 1433 693 1511 adsunt,
727 1447 759 1495 nt
799 1430 825 1499 1.
854 1435 996 1498 Corinth.
1023 1436 1057 1499 tt

134 1509 245 1577 Pnuiu‘s
268 1518 383 1592 statuit,
406 1535 467 1596 quo
490 1518 585 1577 virtus
602 1517 665 1590 ,Dei
687 1520 889 1603 annuncietur
920 1539 978 1599 per
1001 1538 1056 1580 ncs

135 1618 253 1665 omnes.
278 1596 461 1683 ¹Quomodo
488 1619 550 1661 non
575 1600 791 1683 multomagis
824 1603 870 1661 ius
899 1620 938 1663 ac
970 1616 1057 1683 prae·

135 1692 256 1764 ceptum
284 1682 409 1744 habebit
437 1689 503 1743 tote
532 1683 635 1763 aliqua
668 1685 865 1759 universitas,
898 1686 928 1744 id
955 1684 1055 1747 officii

136 1767 349 1828 communibus
370 1764 522 1848 suffragiis
545 1766 636 1827 alicui
670 1769 719 1828 uni
758 1767 808 1829 vel
840 1769 969 1848 puribns
992 1770 1056 1829 vice

136 1846 190 1911 sua
212 1852 413 1929 committere,
436 1855 467 1911 et
487 1848 531 1911 iili
554 1850 699 1931 deinceps
730 1851 815 1928 aliis,
837 1851 1057 1913 accedentibus

135 1933 250 2011 eisdem
273 1930 445 2014 suffragiis?

217 2039 270 2101 Sic
291 2040 402 2101 Penius
424 2041 453 2103 2.
474 2039 606 2103 Timotb.
629 2039 663 2105 2:
685 2040 969 2102 Haeccommenda
988 2040 1057 2101 flde-

135 2123 215 2184 libus
238 2122 421 2198 hominibus,
444 2125 496 2203 qui
521 2123 623 2185 idonei
652 2132 740 2184 erunt
768 2133 799 2185 et
820 2124 899 2185 alios
934 2124 1056 2187 docere.

116 2207 193 2268 .Hic
215 2207 325 2267 Paulus
348 2209 462 2267 reiecta
485 2209 568 2267 omni
590 2208 641 2267 iila
664 2214 779 2288 pompa
800 2208 928 2268 radendi
953 2217 985 2269 et
1008 2227 1058 2268 nn·

134 2290 226 2371 gendi
250 2301 281 2349 et
302 2288 463 2350 ordinandi
493 2297 609 2351 tanturn
632 2293 765 2370 quaerit,
792 2297 826 2351 nt
847 2292 965 2352 ¹idonei
1000 2293 1058 2352 sini

135 2373 174 2434 ad
196 2373 380 2450 docendum,
402 2374 439 2433 iis
462 2373 526 2433 vuit
548 2374 725 2454 simpliciter
754 2374 877 2435 verbnm
902 2393 1058 2436 commen·

136 2457 209 2522 dari.
253 2456 390 2532 Quodsi
419 2456 551 2518 docendi
573 2457 656 2518 verbi
679 2455 811 2518 officium
842 2458 894 2518 ulli
918 2458 1057 2538 traditur,

135 2542 225 2602 simul
248 2542 361 2619 omnia,
385 2559 465 2619 quae
486 2540 581 2600 verbo
602 2540 632 2600 in
656 2541 786 2601 ecclesia
808 2541 908 2617 fiunt,
933 2541 1042 2602 tredan

135 2632 192 2702 tur,
209 2644 321 2704 nempe
344 2623 527 2703 baptisandi,
551 2624 763 2704 consecrandi,
789 2624 913 2705 ligandi,
938 2625 1057 2685 solven·
1122 2658 1130 2679 i

136 2705 176 2787 di,
200 2708 327 2784 orandi,
353 2706 510 2768 iudicandi
538 2705 689 2786 officinm,
716 2708 865 2787 siqnidem
899 2708 1056 2788 evangeii-

134 2792 220 2851 sandi
244 2790 377 2851 officium
406 2793 541 2851 omnium
570 2809 720 2851 summum
744 2800 812 2869 est,
846 2811 962 2871 nempe
985 2810 1056 2872 apo·

134 2875 292 2950 stolicum,
316 2873 397 2954 qnod
433 2873 665 2935 fundamentum
697 2877 784 2955 ponit
811 2875 955 2937 omnibus
991 2876 1057 2935 aliis

134 2957 251 3035 officiis,
274 2976 401 3037 quorum
425 2966 471 3018 est
492 2957 758 3039 superaedificare,
781 2959 971 3039 qualiosunt
986 2959 1057 3019 doo-

133 3050 243 3121 torum,
266 3041 493 3122 prophetarum,
515 3041 765 3122 gubernatorum,
782 3042 967 3123 linguarum,
991 3062 1056 3124 gra·

133 3127 193 3185 tiae
216 3126 377 3184 sanitatum
401 3131 432 3184 ei
453 3124 710 3204 opitulationum,
738 3135 770 3184 ut
799 3129 824 3190 1.
848 3125 989 3189 Corinth.
1022 3128 1057 3189 12

134 3206 244 3267 Penius
267 3207 385 3288 digerit.
429 3207 506 3267 Nom
531 3213 562 3268 et
584 3207 720 3268 Christus
744 3208 981 3290 evangelisabnt
1004 3228 1056 3290 po·

133 3291 297 3369 tissimum,
319 3310 375 3350 eeu
399 3310 518 3351 summo
543 3289 644 3351 officio
668 3293 812 3371 functus,
841 3298 872 3352 et
894 3311 958 3353 non
983 3293 1056 3372 bsp-

133 3372 252 3433 tisabat.
297 3374 407 3433 Paulus
443 3393 565 3453 qnoque
595 3392 655 3434 non
680 3394 714 3435 se
748 3376 873 3436 missum
908 3375 1057 3455 gloriatur

132 3455 171 3515 ad
195 3454 411 3536 baptisandum
442 3477 498 3518 ceu
527 3456 741 3517 secundarium
764 3458 916 3536 officium,
950 3460 1057 3520 sedet

131 3538 168 3600 ad
191 3540 463 3620 evangelisandnm
489 3559 544 3601 ceu
566 3542 742 3622 primarium
767 3542 912 3606 officium.

213 3645 274 3711 seu
297 3656 327 3709 et
349 3649 517 3711 necessitas
539 3647 583 3709 its
603 3648 706 3730 cogit,
737 3657 767 3711 et
789 3651 966 3713 communis
987 3668 1056 3713 sen·
