2392 4170
396 246 452 304 Pro
467 245 501 304 D.
521 246 639 304 liertino
657 245 789 306 Lnibsro.
1018 246 1060 314 63

131 408 271 470 Patribus
295 416 326 472 et
351 409 483 474 Scholia.
527 412 607 488 Quid
634 412 685 473 hic
706 411 869 493 sophistae
891 410 1060 491 respoude-

131 492 227 555 bitis?
248 512 326 574 quas
338 495 389 556 hic
405 495 495 556 nobis
511 492 658 576 glossas?
680 515 759 575 quae
776 514 872 577 parva
889 494 1057 576 logicaliai

131 593 208 655 quas
249 577 456 658 obligationes
496 578 797 640 comminiscemiui?
851 579 912 639 Aut
945 584 1058 660 negate
1129 605 1132 611 ·

131 669 244 721 certam
268 679 337 722 esse
366 663 541 742 scripturae
570 664 774 743 seutentiam,
807 670 861 723 ant
891 663 1058 743 permittite

130 743 264 805 Luthero
300 763 459 826 opponere
491 745 678 826 Scripturam
717 746 873 826 quibusvis
902 744 1057 807 diversum

131 827 341 892 sentientibus.

213 910 278 971 Iam
301 931 360 971 nec
386 911 446 972 boc
468 914 678 991 permittemus
702 911 805 991 vobis,
829 911 985 972 adversari
1008 912 1057 973 val

130 993 270 1054 Patribus
293 995 341 1054 vel
365 994 511 1055 Consiliis
533 995 707 1056 Lutherum.
741 995 791 1074 Et,
815 1005 846 1055 ut
868 994 907 1055 de
919 995 1057 1056 Patribus
1129 1031 1132 1035 ‹

131 1079 261 1156 primum
285 1079 409 1158 loquar,
431 1099 469 1138 au
501 1097 561 1139 nou
584 1079 706 1139 Lutheri
736 1077 775 1138 de
805 1078 901 1139 libero
922 1079 1058 1158 arbitrio,

131 1161 171 1220 de
198 1163 320 1241 gratia,
350 1166 374 1222 si
407 1169 489 1221 recte
526 1183 590 1222 rem
620 1164 783 1242 aestimes,
810 1163 965 1222 sententia
994 1170 1058 1223 tota

132 1245 296 1324 Augustini
320 1255 384 1323 est3
413 1254 444 1304 et
474 1245 556 1305 lrnnc
584 1266 639 1327 per
675 1247 779 1306 omnia
808 1251 931 1305 secutus
959 1247 1059 1306 estin

132 1328 363 1390 Commentario
397 1329 436 1388 ad
459 1329 586 1390 Galatas
595 1378 604 1411 ,
639 1336 762 1389 exstant
791 1329 947 1407 utriusque
969 1327 1060 1389 Gom·

133 1413 290 1491 mentarii,
313 1431 390 1491 quos
413 1414 439 1471 si
463 1414 617 1489 conferas,
647 1412 765 1472 videbis
793 1412 1060 1473 convenireinter

131 1512 187 1554 eos
210 1494 249 1554 de
270 1515 369 1555 rernm
392 1515 520 1558 summa.
564 1497 696 1556 Exstant
724 1496 887 1575 Augustini
914 1494 982 1555 libri
1004 1494 1059 1555 ad-

133 1597 239 1638 versus
252 1578 446 1659 Pelagianos,
470 1598 547 1660 quos
567 1580 620 1639 ille
641 1581 700 1639 iam
715 1584 788 1639 natu
810 1577 955 1659 grandior
967 1580 1060 1660 serip-

132 1663 191 1739 sit,
236 1679 290 1721 eos
330 1664 354 1722 si
387 1664 553 1723 contuleris
594 1683 662 1721 cum
691 1661 870 1723 Lutheranis
897 1661 1059 1743 dogmatis,

133 1743 250 1805 ridebis
286 1746 323 1805 de
354 1765 482 1805 summa
507 1748 551 1806 rei
584 1747 759 1808 convenire.
796 1745 954 1806 ‘Fortassis
981 1744 1060 1807 alter

133 1828 246 1888 alicubi
277 1828 422 1907 quiddam
451 1830 528 1889 dixit
555 1831 707 1910 argutius,
735 1836 766 1889 et
793 1828 1058 1890 multa³Lutherus

133 1911 309 1991 diligentins
346 1910 496 1993 (rumpite
532 1933 588 1974 vos
616 1915 747 1993 interim,
775 1911 912 1993 Magistri
940 1914 1057 1993 nostri)

133 2013 224 2074 qnam
247 1996 445 2078 Augustinus.
1083 2015 1086 2019 ·

217 2078 278 2139 Sed
300 2080 360 2141 hoc
382 2079 420 2140 ad
443 2082 485 2140 rei
503 2099 653 2141 summam
675 2098 737 2140 non
759 2079 804 2140 ita
826 2079 953 2141 multum
975 2075 1061 2143 facit.

133 2159 216 2222 Ecce
236 2163 268 2222 in
291 2165 436 2243 primario
459 2164 550 2240 loco,
573 2164 714 2243 adeoque
739 2164 770 2223 iu
793 2182 847 2247 eo,
869 2165 899 2224 in
922 2181 984 2243 quo
1006 2181 1072 2244 po·v

134 2246 284 2306 tissimum
306 2254 414 2328 regnat
440 2247 587 2308 Lutherus
599 2296 608 2329 ,
630 2247 724 2308 habet
745 2242 931 2390 ὃμόψηΐον
953 2247 1057 2328 Augu·

134 2331 245 2389 stinum
270 2339 300 2390 et
330 2338 492 2410 patronum
521 2333 645 2391 minime
666 2331 824 2409 vulgarem
838 2361 863 2409 ,·
890 2331 963 2392 abet
985 2332 1057 2392 itam

134 2431 209 2474 suae
231 2416 401 2474 sententiae
424 2422 534 2493 testes,
558 2421 710 2493 quotquot
731 2416 763 2475 in
790 2432 828 2475 ea
849 2413 1058 2496 disputatione

135 2500 308 2577 Augustino
330 2497 545 2578 suffragantur.
587 2496 777 2578 Suffmgatur
804 2505 905 2557 autem
933 2498 1083 2578 Cypria·
1168 2564 1170 2569 ,

136 2599 202 2658 nus,
227 2599 297 2640 nam
319 2580 400 2640 illius
427 2581 651 2641 enarrationem
681 2581 906 2642 inor-ationem
930 2581 1058 2641 domini·

135 2683 203 2724 nam
226 2663 355 2724 fideliter
377 2667 459 2725 citat.
504 2664 715 2744 suffragantur
737 2665 838 2744 etqui
863 2671 935 2744 post
955 2663 1058 2744 Augu-

135 2750 247 2808 stinum
270 2751 431 2828 scripsere,
455 2755 543 2809 antor
560 2746 653 2807 libelli
666 2747 704 2808 de
725 2748 888 2808 vocatione
903 2744 1057 2826 Gentium,

135 2850 207 2891 nam
235 2831 389 2892 Ambrosii
421 2851 482 2893 uon
510 2831 629 2891 videtur
656 2850 747 2911 esse,
776 2831 947 2892 Maxentius
976 2831 1058 2911 apud

136 2914 284 2978 Graecos.
328 2914 423 2979 Porro
446 2934 485 2975 ex
509 2913 674 2996 Augustini
702 2914 785 2975 libris
807 2933 862 2975 eos
885 2915 1058 2995 recipimus,

135 3016 215 3081 quos
237 3000 304 3079 ipse
325 3000 518 3080 potissimum
541 2997 663 3079 probari
685 2999 791 3060 voluit.

223 3084 322 3162 Atque
355 3084 431 3145 haec
463 3082 534 3142 ideo
556 3101 728 3157 recenseo,
755 3101 817 3143 non
849 3080 931 3162 quod
949 3083 1057 3163 magni

136 3176 240 3249 putam
262 3167 391 3247 reterre,
415 3167 485 3248 qnid
508 3167 673 3247 scriptores
690 3167 862 3245 senserint,
885 3167 1059 3247 quicunque
1122 3232 1126 3239 ,
1165 3210 1168 3217 .

136 3249 260 3312 tandem
284 3261 374 3329 sunt,
396 3249 520 3330 quando
544 3251 588 3310 *de
610 3250 785 3330 Scripturas
812 3252 964 3310 sententia
985 3269 1059 3311 con-

135 3342 208 3412 stat,
229 3333 283 3393 sed
307 3341 339 3393 nt
361 3335 547 3396 satisfaciam
570 3335 711 3412 morosis,
725 3333 784 3413 qui
800 3339 910 3412 putant
926 3352 1059 3395 novasse

137 3420 241 3479 omnia
262 3416 437 3496 Lntherum,
459 3436 528 3477 cnm
550 3418 576 3475 is
599 3416 682 3477 aliud
705 3434 767 3477 non
790 3418 896 3497 egerit,
918 3435 1009 3496 qnam
1027 3425 1059 3480 ut

135 3509 298 3564 revocaret
330 3520 388 3562 nos
417 3499 455 3561 ad
485 3499 691 3580 scripturam,
722 3501 863 3579 adeoque
892 3500 931 3560 ad
953 3501 1058 3563 Patres

137 3586 241 3662 stiam,
262 3587 314 3664 qni
325 3585 364 3645 ad
379 3584 684 3664 Scripturaessnsum
702 3585 842 3664 proxime
853 3594 1058 3650 accesserunt

137 3669 203 3730 Vos
227 3668 299 3749 quid
320 3668 433 3750 agitis?
455 3688 526 3728 num
549 3668 650 3744 aliud,
673 3686 764 3747 quam
787 3668 871 3728 utin
893 3667 979 3730 Scoti
1000 3670 1059 3731 iore

140 3755 336 3833 uelitaribus,
357 3758 386 3815 iu
411 3752 558 3817 Occbsmi
580 3756 756 3817 connotatis
773 3752 983 3835 grandescant
1005 3773 1058 3837 po·
1160 3772 1162 3776 ⁴
