2392 4170
371 261 455 322 liiasa
471 262 582 335 privata
598 261 631 318 D.
650 260 684 317 ll.
704 258 734 316 b.
959 250 1020 321 187

98 429 157 491 nisi
182 428 220 492 ad
244 427 370 491 verbum
393 428 564 509 Evangelii,
585 427 637 488 illa
659 424 942 489 autemsuumius
971 439 1045 503 oaq

100 515 246 576 nonioum
271 511 371 575 solum
395 512 514 592 dooest,
538 510 730 593 impossibile
752 516 813 591 est,
836 516 868 572 ut
890 508 1019 590 Spiritus

102 601 276 679 peripsum
299 596 396 660 detur.
433 597 492 660 Sed
515 616 573 658 neo
594 597 654 657 iam
679 596 833 676 quaeritur
854 599 907 657 aut
921 591 1020 654 nosoi·

102 688 150 744 tur
171 685 263 744 etiam
285 683 420 761 spiritus,
443 681 496 742 sed
520 682 594 741 satis
623 699 692 741 esso
725 685 835 760 putant
867 677 906 740 ad
941 677 1020 739 salu·

101 773 195 829 tutam
211 765 419 829 obedientiam
441 763 602 844 ecelesiae,
625 768 657 824 et
671 766 695 825 si
718 782 781 826 non
801 764 957 824 incurrant
976 761 1021 820 in·

100 849 309 929 dignationem
327 850 493 913 Bullarum.
532 847 724 929 Impossibile
746 853 794 908 est
813 848 905 928 igitur
922 845 1020 906 Evan-

100 934 214 1016 gelium
245 933 335 995 simul
363 954 431 995 oum
464 934 530 992 iure
567 933 717 993 eanonioo
751 951 889 1010 regnare.
942 926 1021 990 Illud

100 1019 181 1080 anim
217 1012 341 1079 adtehit
363 1015 521 1095 Spiritum,
542 1015 603 1077 hoo
624 1015 753 1097 impedit
774 1022 805 1076 et
824 1015 910 1096 fugat
931 1012 1022 1092 Spiri-

98 1109 172 1180 tum,
186 1101 262 1162 illud
277 1101 387 1163 liberat
399 1101 612 1176 monsiestias,
627 1100 687 1160 hoo
705 1100 852 1180 illaqueat
863 1098 1020 1159 oonsoien·

98 1187 166 1258 tias,
187 1185 261 1246 illud
289 1185 381 1246 fldem
414 1184 513 1262 dooet,
535 1184 596 1244 hoo
619 1203 714 1263 opera
736 1183 844 1261 dooet,
874 1188 905 1242 et
926 1199 1022 1260 opera

98 1269 200 1345 stulta,
215 1269 353 1349 puerilia,
364 1267 492 1349 ludicra,
506 1267 614 1348 quibus
626 1274 727 1328 tamen
741 1266 832 1329 fldem
846 1265 1022 1346 exstinguit.

98 1352 182 1428 Quot
203 1359 292 1432 putas
311 1371 380 1413 esse
402 1352 603 1432 Christianos,
625 1352 675 1431 qui
694 1350 798 1412 audita
818 1351 889 1430 lege
911 1347 1022 1409 Christi

98 1436 269 1516 intelligant
286 1436 379 1496 fidem
401 1443 432 1496 et
453 1435 591 1516 spiritum
613 1433 803 1496 habitantem
825 1435 855 1494 in
878 1431 1022 1494 sordibus

99 1519 236 1581 nostris?
270 1519 353 1595 Quot
380 1526 481 1580 autem
510 1525 597 1597 sunt,
627 1520 677 1597 qui
707 1518 913 1581 obedientiam
941 1513 1024 1577 aliud

99 1605 252 1684 segitem,
282 1623 372 1682 quam
395 1602 522 1663 subesse
544 1603 660 1682 Papae,
693 1602 777 1683 quod
799 1606 846 1663 est
868 1599 1023 1662 adversari

101 1687 189 1749 Deo?
222 1686 317 1766 Iaoet,
340 1688 422 1747 iaoet
443 1685 520 1764 proh
543 1685 647 1759 dolor,
669 1687 731 1747 imo
754 1688 784 1747 in
820 1703 910 1746 oruoe
942 1702 1023 1745 mor·

100 1778 184 1833 tuum
206 1772 319 1851 pendet
341 1769 546 1831 aanordotium
571 1769 680 1830 Christi
700 1790 769 1831 oum
788 1769 858 1848 lego
874 1789 929 1830 sua
945 1766 1024 1829 blas·

100 1854 276 1933 phematum
288 1863 319 1914 et
335 1853 510 1914 damnatum
523 1873 577 1933 per
590 1854 665 1914 istos
680 1852 725 1914 bis
737 1853 872 1934 perfidos
885 1851 1024 1917 ludaeos.

181 1937 227 1998 Ita
244 1937 426 1998 saorifioium
444 1939 504 1997 iam
518 1957 610 1998 nemo
625 1937 753 1999 audiena
778 1937 895 2016 oogitat
913 1934 1023 1997 Christi

99 2026 130 2081 et
154 2023 250 2082 nostri
280 2023 419 2100 eorporis
452 2020 682 2082 oruoifixionem
718 2027 771 2082 aut
807 2020 934 2082 laudem
968 2018 1024 2078 Dei

98 2122 178 2180 esse,
200 2104 253 2164 sed
278 2103 376 2165 solam
401 2105 524 2165 Missam
547 2111 578 2165 et
600 2106 749 2166 laieorum
777 2112 949 2185 argentum.
983 2101 1025 2162 Et

99 2187 137 2249 de
160 2184 310 2248 saoritioio
333 2187 455 2266 quidem
477 2189 590 2250 Missae
612 2190 686 2250 satis
715 2188 828 2250 dietum
858 2194 905 2248 est
933 2204 1021 2267 supe

98 2272 170 2346 rius,
192 2272 353 2350 pecuniam
377 2278 478 2331 autem
503 2272 651 2334 laioorum
679 2292 758 2352 pene
781 2273 859 2334 asini
882 2278 912 2332 et
933 2269 1020 2351 pomi

99 2356 235 2415 sentiunt
267 2373 330 2414 non
363 2372 433 2414 esse
467 2355 650 2416 ssorilioium
685 2356 752 2418 Dei.
808 2355 858 2418 sio
891 2359 1022 2433 peecata

98 2456 222 2517 quoque
245 2457 325 2519 pene
348 2438 452 2497 omnia
475 2447 624 2516 evaeum,
648 2440 721 2517 quia
742 2440 804 2514 ira,
828 2439 940 2514 libido,
974 2457 1022 2498 ra-

96 2522 170 2601 pina
191 2521 254 2582 fere
275 2520 359 2581 nulla
381 2526 457 2582 sunt.
503 2521 580 2581 Tum
603 2523 722 2583 maiora
741 2523 805 2596 itta,
826 2520 1021 2582 incredulita-

98 2610 176 2681 tem,
208 2604 472 2685 desperationem,
501 2609 711 2685 oontemptum
734 2604 808 2678 Dei,
831 2605 1020 2686 hypocrisin,

100 2687 204 2748 odium
225 2689 374 2764 iustitiae,
405 2707 541 2749 amorem
574 2689 620 2748 sui
656 2707 712 2769 pro
734 2688 856 2749 iustitiis
879 2692 1019 2762 coronat,

99 2778 131 2831 et
152 2789 207 2850 per
236 2770 443 2832 obedientiam
467 2772 618 2832 eoolesiae
641 2771 821 2833 sanotilloat.
856 2771 923 2831 Vae
938 2770 1021 2849 milri,

99 2873 228 2933 superor
250 2874 350 2915 rerum
384 2857 698 2916 exsecratissimarum
735 2862 766 2917 et
797 2854 1023 2917 abominatissi·

98 2957 216 2999 marum
238 2937 450 3018 magnitudine
472 2944 502 2999 et
523 2938 642 3000 infinita
664 2941 764 3021 eopia.
812 2940 900 3001 Boua
927 2957 1023 3018 opera

98 3040 171 3080 vero
194 3022 255 3081 iam
274 3041 366 3082 nemo
386 3024 477 3082 etiam
494 3023 612 3101 cogitat
629 3042 708 3102 esse,
731 3024 874 3104 proximo
897 3022 1020 3099 servire,

97 3105 222 3166 inimioo
244 3104 437 3181 benefacere,
458 3103 513 3166 sed
537 3105 610 3166 dara
627 3105 666 3167 ad
687 3106 803 3184 altaria,
831 3125 933 3181 emere
950 3105 1022 3165 Mis·

99 3206 158 3255 san,
182 3189 230 3247 lao
253 3195 282 3248 et
295 3207 402 3249 earnes
411 3208 473 3249 non
488 3189 580 3250 edere
590 3195 630 3263 et,
653 3189 766 3264 utdixi‚
788 3190 872 3272 leges
884 3191 950 3251 eius
962 3207 1022 3249 ser·

99 3289 180 3334 vare,
202 3271 253 3332 Sio
275 3271 360 3332 vides
374 3270 579 3334 sacerdotium
592 3271 703 3333 Christi
715 3274 815 3334 minus
836 3293 930 3354 posse
952 3291 1021 3333 oum

97 3353 282 3434 saoerdotio‚
296 3374 388 3433 quam
402 3358 464 3416 vita
479 3376 549 3418 oum
561 3361 670 3430 morte,
685 3357 806 3418 eoelum
821 3375 889 3417 oum
902 3356 1022 3417 inferno

98 3439 276 3498 consistere.
312 3437 391 3500 Vere
413 3458 486 3500 vere
509 3440 640 3501 vioarius
655 3439 766 3501 Christi
788 3447 834 3501 est
853 3441 947 3521 Papa,
970 3440 1022 3519 qui

99 3521 230 3600 expulso
260 3519 381 3584 Christo
410 3524 477 3582 vioe
503 3529 535 3583 at
562 3523 633 3584 looo
661 3524 726 3585 eius
753 3528 876 3604 regnat,
906 3529 936 3584 et
964 3541 1020 3602 pro

99 3604 272 3666 saoardotio
297 3607 420 3685 spiritus
442 3625 505 3666 non
527 3606 635 3668 saltem
657 3606 843 3688 Lavitioum,
872 3606 927 3668 sed
949 3625 1021 3687 pue·

98 3685 272 3750 ritissimum
289 3695 320 3750 et
343 3689 523 3750 larvatioum
546 3691 654 3755 erexit.
