2392 4170
130 223 193 297 406
424 224 583 285 confutatio
602 223 771 286 Lorhsrisns

132 379 253 458 ondins,
273 387 394 449 montes
417 379 529 456 larunt,
550 399 681 462 quorsus
704 379 822 457 Bsssn,
846 385 947 449 turres
962 375 1057 452 sitos,

132 473 162 529 st
184 481 246 529 uon
269 463 326 533 pisi
349 483 398 537 es,
420 482 499 543 quus
523 470 730 543 magnasunt,
752 463 879 539 invadit,
903 467 1056 541 uttoppo·

134 556 180 608 nst
203 546 296 617 edun}
306 547 401 614 cuivis
416 566 521 628 puoso,
545 565 624 627 quus
636 556 738 609 tumen
760 545 917 609 excedunt
929 549 1055 626 nuptum

133 629 271 709 Magistri
294 629 326 706 in
349 630 450 699 israel.
1004 672 1007 679 -

155 764 181 789 ,,
217 710 355 779 Debetur
376 714 549 779 reverentis
570 713 742 789 altitudini,
763 711 879 789 fateor,
902 708 958 773 ssd
981 710 1057 775 sits·

134 795 336 867 divinivnbi
350 798 515 872 iniurium,
550 796 639 877 quod.
655 804 702 859 est
724 797 854 876 ipsomet
876 795 977 873 ileos,
1007 794 1056 859 oni

136 885 272 959 oportet
290 881 390 960 magis
420 879 546 953 obedire
576 899 668 960 quum
690 878 874 947 homiuibus.
918 875 1058 954 Quodsi

136 963 306 1047 ouiuspism
319 964 631 1044 nagistrum-vitium
650 963 818 1038 lsrendurn,
840 961 972 1043 profani,
993 978 1056 1027 uon

136 1045 337 1113 erotesisstloi
365 1046 522 1111 ferendum
545 1054 608 1126 ost,
640 1066 702 1107 non
726 1047 824 1108 solum
852 1045 941 1122 ideo,
996 1041 1056 1111 uod

136 1127 428 1206 souississtioussr
448 1131 514 1193 Deo
538 1150 600 1191 non
623 1132 672 1207 sit,
694 1131 773 1195 siout
794 1062 1057 1211 profusissima

136 1213 219 1283 edim
256 1213 354 1277 uosoit
387 1213 449 1277 hoo
484 1214 594 1294 vulgus
621 1213 816 1295 pontilioum,
848 1210 930 1292 qood
965 1207 1058 1275 hodie

138 1301 263 1375 regunt,
297 1315 365 1364 oum
389 1299 473 1361 solos
496 1299 711 1377 Erongsllstos
741 1305 772 1358 et
794 1295 876 1357 verbi
900 1295 1057 1359 ministros

138 1377 286 1445 ordinarit
307 1379 338 1443 io
361 1381 502 1459 enclesis,
524 1381 578 1443 sed
601 1401 660 1441 nso
678 1381 886 1461 porhomiuos
900 1375 1058 1443 oonslivsti

139 1470 220 1538 sunt,
241 1461 303 1522 imo
326 1466 466 1545 seipsos
488 1473 651 1525 erexerunt
673 1465 776 1527 invitis
790 1464 857 1527 Deo
880 1469 910 1522 et
931 1458 1060 1525 homiui·

140 1543 208 1624 bus,
229 1545 345 1611 similes
357 1547 531 1628 gigantibus
549 1557 620 1609 unte
636 1547 795 1624 diluvium,
815 1542 951 1613 sodideo
965 1544 1059 1604 etism

141 1627 299 1695 terendum
323 1648 385 1697 noo
408 1637 465 1707 est,
487 1630 568 1711 quod
591 1631 711 1712 profani
734 1631 931 1711 magistratus
954 1627 1059 1690 vitium

139 1710 277 1785 nulli-Sit
297 1713 432 1792 perionis
455 1716 641 1791 animorum,
672 1715 836 1794 episeopus
868 1730 941 1773 vero
967 1706 1061 1773 rorbi

141 1793 323 1874 negligens,
351 1798 478 1861 etiamsi.
492 1806 617 1863 sanstus
641 1807 738 1873 esset,
771 1797 860 1877 lupus
883 1802 915 1855 et
935 1802 1063 1857 sstsnss

141 1877 301 1956 spostolus
322 1885 379 1947 est.
423 1881 503 1948 tituil
526 1881 625 1943 differt
647 1902 664 1940 s
688 1881 777 1962 lupo,
800 1880 852 1960 qni
874 1897 930 1958 pro
952 1875 1064 1940 ovibus

143 1979 206 2021 non
229 1960 339 2041 vigilat
359 1968 467 2025 ooutrs
489 1964 601 2044 lupum.

226 2043 268 2105 At
288 2062 357 2111 oum
390 2047 543 2123 soismus',
571 2045 727 2108 diabolum
756 2065 816 2108 nou
843 2043 976 2106 dormire
998 2042 1062 2122 opi·

142 2125 246 2205 soopis
264 2124 496 2207 dormientibus,
517 2130 688 2210 palpamus,
710 2130 773 2191 imo
786 2127 910 2190 diabolo
934 2143 1063 2206 coopor-

142 2214 230 2271 antes
253 2215 382 2288 tuemur,
405 2231 522 2292 eosque
545 2213 713 2274 oooidimus
737 2217 768 2275 et
790 2212 990 2287 domnomus,
1012 2209 1064 2288 qui

141 2309 199 2355 eos
221 2294 358 2359 excitant
379 2301 411 2357 st
440 2297 532 2357 offleii
554 2297 599 2357 sui
629 2295 806 2361 admonent.
850 2293 942 2369 Quis,
973 2309 1064 2372 rogo,

142 2372 225 2442 luror-
247 2374 373 2440 ulterior
399 2377 482 2441 isto?
515 2379 698 2443 Maledictus
731 2380 834 2458 itaquo
856 2379 896 2439 sit
917 2384 979 2452 tor,
1013 2374 1065 2454 qui

142 2455 191 2516 hio
213 2475 291 2537 opus
314 2460 437 2523 Domini
458 2462 663 2527 fraudulenter
686 2462 775 2541 lsoit,
803 2468 835 2522 et
856 2478 968 2540 popum
991 2457 1064 2538 lupo

143 2539 281 2603 infernali
314 2543 520 2611 oolludeutour
553 2556 583 2607 et
615 2547 832 2607 onnuivsutom
856 2541 978 2623 palpat,
1008 2558 1067 2601 neu

143 2623 301 2693 miseretur
324 2633 369 2688 tot
391 2627 514 2697 lrotrum
529 2649 653 2690 suorum
668 2630 778 2690 misero
790 2623 987 2707 pereuntibus
1002 2623 1065 2684 sni·

143 2706 261 2787 msbus‚
285 2708 395 2775 Christi
420 2713 571 2792 sunguine
595 2713 715 2791 emptis.
738 2710 769 2772 Si
785 2709 860 2773 nihil
872 2707 953 2775 uliud
972 2707 1066 2788 sonip-

142 2788 234 2853 sisset
254 2791 418 2875 Lutomus,
439 2795 500 2856 hoo
524 2815 585 2859 uno
608 2801 741 2857 tartareo
764 2791 895 2855 oonsilio
918 2791 993 2855 satis
1017 2808 1068 2853 os-

143 2872 251 2952 tendit,
275 2895 344 2936 sese
356 2878 460 2957 spiritu
485 2886 612 2941 rotasse
626 2877 752 2957 plenum
775 2895 854 2939 esso.
898 2871 1066 2950 Quomodo

143 2974 215 3036 spos
226 2965 283 3035 ost,
302 2960 379 3023 istos
393 2960 554 3041 Sophistur
566 2960 740 3040 Scripturas
752 2960 864 3039 legere,
882 2956 1068 3036 intelligere,

143 3037 257 3103 dooero
280 3044 331 3121 pio
353 3044 478 3106 studio?
513 3043 678 3120 Quomodo
708 3043 911 3123 prouunoieot
933 3040 971 3103 ds
994 3037 1067 3101 doo-

143 3123 222 3186 trins
245 3123 439 3187 Christiano?
469 3127 610 3207 Deniqns
632 3125 706 3206 quid
729 3125 863 3191 salutare
885 3123 923 3184 sb
946 3123 991 3183 sis
1016 3140 1069 3183 ex·

141 3213 276 3284 rpentes,
302 3209 411 3286 quibus
433 3209 493 3273 hoo
508 3211 670 3272 eonsilium
683 3210 807 3289 sopiens
830 3206 958 3284 videtur,
981 3202 1067 3284 qood

144 3305 205 3351 oon
230 3297 361 3367 consul,
384 3294 441 3359 uisi
465 3293 566 3354 verbis
585 3294 744 3374 ipsiusmet
766 3289 915 3353 solanus?
936 3288 1067 3368 quirem

144 3369 314 3447 eeclesiae,
338 3376 410 3437 vitis
441 3385 618 3457 pastorum,
646 3375 776 3437 salutern
799 3375 968 3435 animorum
1003 3377 1066 3433 tom

143 3451 250 3515 leviter
272 3457 394 3535 pendit,
428 3479 469 3524 so
500 3462 525 3522 si
556 3467 637 3524 sssst
670 3460 772 3519 solum
801 3456 891 3536 oulps
912 3452 1066 3536 qussdsm

145 3538 314 3616 tyrannidis
350 3543 515 3622 profanos,
554 3561 686 3623 corpora
715 3550 767 3601 snt
791 3538 979 3601 substantias
1003 3553 1070 3617 per·

144 3617 253 3684 dentis.
299 3623 367 3706 Ego
386 3624 476 3706 plane
495 3635 596 3687 metuo
613 3627 704 3686 miser
722 3624 822 3699 valde,
845 3641 884 3684 ns
899 3623 929 3683 in
953 3636 1067 3702 pspsm

142 3710 173 3763 et
194 3705 358 3787 pontillum
381 3707 495 3775 dioboli
519 3709 688 3773 oollusores
712 3717 745 3771 st
764 3708 868 3772 sooios
889 3703 986 3770 nimio
1006 3700 1068 3766 tue·
