2392 4170
219 298 229 315 .
310 257 353 318 Do
373 260 445 318 votis
464 259 624 319 monasticis
644 259 680 318 D.
698 259 732 317 bi.
746 260 779 315 L.
946 258 1009 327 235

93 436 147 496 dis
174 437 329 512 habebat,
363 435 609 515 eodemquedie
635 434 713 496 haec
746 436 881 498 themata
916 437 1009 497 etiam

84 521 259 582 Amsdortio
281 523 363 582 misit
387 520 444 598 (oi.
473 518 561 583 Luth.
590 519 669 600 Epp.
699 518 747 586 ed.
776 520 814 582 de
841 518 945 582 Wette
967 519 1009 598 11,

85 624 113 684 p.
138 607 178 669 48
200 614 230 665 et
252 603 316 683 52).
361 604 416 664 His
444 605 579 682 utrisque
608 603 696 663 simui
725 605 831 685 sperit,
855 624 888 664 se
917 605 1007 665 tatius

83 687 121 746 de
143 690 224 748 votis
247 691 439 769 scripturum,
464 706 532 747 nam
546 695 616 746 tunc
630 686 693 747 fere
712 689 857 769 temporis
876 686 1008 749 devotis

82 773 143 831 iam
176 771 213 831 ud
253 781 368 833 certum
401 769 545 831 iudicium
579 769 743 849 perductus
780 770 1008 832 Melanchthoui

83 855 160 914 haec
193 856 317 916 scribit:
346 854 534 935 „Fidendum
569 863 616 912 est
648 853 837 934 Evangelio,
869 863 898 915 et
937 863 1009 916 vota

84 940 142 997 ista
164 957 346 1018 quocunque
370 958 452 1012 casu,
476 955 658 1016 quocunque
681 939 801 1018 animo,
825 957 1009 1019 quoeunque

85 1030 222 1101 tempore
244 1025 357 1082 emissa
379 1041 447 1081 cnm
471 1028 536 1081 tota
558 1019 667 1081 fiducia
697 1021 871 1083 deserenda
888 1030 959 1083 sunt
978 1032 1009 1082 et

83 1103 121 1164 ad
142 1105 310 1166 libertatem
341 1104 411 1165 tidei
441 1104 632 1164 Christianae
660 1106 881 1167 revertendum.
926 1106 1010 1166 Haeo

83 1208 151 1248 mea
175 1198 222 1249 est
243 1188 330 1248 firma
352 1196 383 1248 et
404 1188 573 1247 indubitata
596 1189 757 1266 sententia,
780 1189 819 1248 de
834 1208 895 1268 qua
918 1190 1008 1250 bene·

84 1271 153 1332 dico
177 1280 207 1331 et
228 1275 342 1351 gratias
366 1291 425 1350 ago
450 1272 667 1350 benignissimo
682 1271 847 1353 liberatori,
870 1273 1006 1334 Domino

83 1363 189 1415 nostro
212 1355 280 1415 lesu
301 1355 437 1433 Christe,
468 1357 517 1434 qui
547 1363 594 1414 est
625 1354 804 1419 benedictus
834 1357 863 1416 in
893 1357 1007 1417 secula.

83 1439 212 1498 Amen.“
239 1436 294 1521 (cf.
318 1436 512 1499 Seckendori
530 1437 601 1501 ibid.
624 1458 653 1517 p.
679 1437 766 1512 171.)
883 1479 887 1486 ·

164 1521 290 1582 These
305 1541 318 1581 s
327 1569 336 1601 ,
360 1523 489 1600 quaein
523 1528 628 1580 nostru
649 1521 730 1602 Opp.
755 1521 840 1582 Luth.
871 1522 1008 1583 editione

82 1605 160 1665 inter
183 1606 491 1684 Disputationes
525 1603 684 1664 Lutheri
719 1606 770 1676 (Τ.
795 1603 850 1667 IV.
874 1625 903 1685 p.
927 1604 1005 1689 344)

80 1687 219 1748 redditae
241 1694 320 1768 sunt,
343 1689 374 1747 in
399 1688 496 1747 iucem
520 1687 699 1768 prodierunt
722 1689 846 1750 iatine
867 1689 924 1750 sub
946 1690 1007 1751 hoc

83 1772 186 1832 tituto:

167 1855 310 1915 iudicium
327 1855 390 1914 Mar
409 1867 413 1928 t
434 1855 486 1912 tini
511 1851 635 1914 Lutheri
658 1855 696 1915 de
710 1856 797 1916 Votis
819 1859 898 1937 scrip
918 1855 923 1939 Ι
943 1863 1005 1917 tum

122 1938 159 1999 ad
192 1939 363 2018 tipiscopos
393 1935 623 2019 etiDiaconos
656 1939 728 2000 Vuit
749 1978 750 1983 κ
771 1940 958 2020 tembergen.
985 1939 989 2022 Ι

124 2023 290 2083 Ecclesiae.
315 2019 565 2102 Vuittembergae
591 2019 633 2102 (s.
657 2042 695 2097 a,
718 2023 771 2083 sed
801 2023 1006 2088 hauddubie:

123 2103 278 2183 MDXXIJ,
313 2105 342 2168 4.
372 2105 463 2165 Tituli
497 2106 610 2186 pagina
644 2106 749 2186 figuris
787 2107 1006 2188 marginalibus

123 2197 169 2248 est
193 2198 310 2249 ornata.

292 2268 389 2345 (Bibl.
412 2272 489 2351 reip.
512 2271 648 2336 Norimb,
693 2273 809 2334 Panaer
831 2276 878 2335 lX.
902 2275 974 2341 80).

165 2350 309 2410 iudicium
340 2353 458 2411 Martini
490 2353 610 2413 Lutheri
641 2355 678 2414 de
709 2357 807 2419 Votis.
852 2357 1005 2438 Scriptum

121 2434 159 2493 ad
193 2435 367 2514 Episcopus
397 2442 427 2494 et
458 2437 615 2497 Diaconos
655 2439 909 2521 Wittembergeu.
947 2441 1006 2500 Ec·

120 2518 244 2578 etesiae.
271 2525 312 2594 (s.
337 2519 354 2578 Ι.
379 2527 408 2578 et
432 2539 459 2581 a.
485 2517 772 2606 {WittetnbergaeD
797 2524 825 2587 8.

645 2601 780 2684 (Pauzer
807 2604 859 2687 tx,
885 2605 961 2688 102)

77 2686 306 2764 germanice
329 2685 384 2744 sub
407 2685 466 2746 hac
487 2687 701 2767 inscriptione:
976 2719 981 2726 ·
1087 2711 1088 2716 ¹

118 2767 230 2830 bostat
254 2767 370 2830 aarum
393 2767 511 2846 hatthui
534 2769 614 2844 diuus
638 2773 786 2846 idpbtirebe
809 2787 865 2835 uon
889 2777 938 2834 bru
962 2793 1005 2849 pe:

119 2853 219 2911 [taber
244 2856 317 2914 anub
342 2852 496 2930 gepittiduu
520 2856 595 2915 [ebm
610 2858 655 2916 ber
674 2854 780 2926 buter
803 2858 841 2937 (s.
865 2857 883 2918 l.
907 2864 936 2915 et
958 2859 1006 2940 a).

118 2933 151 2992 In
176 2935 253 2993 rituti
287 2938 400 3015 pagina
430 2938 564 2996 cernitur
597 2939 717 3017 signum
748 2941 1003 3021 typographicum

117 3015 181 3076 folii
205 3021 379 3081 transversi.
418 3020 449 3079 ln
472 3019 533 3080 fine
557 3021 681 3098 iegitur:
705 3022 863 3102 baueruup
887 3027 937 3085 urit
960 3045 1003 3102 pe:

118 3100 217 3177 [muttit
240 3103 332 3176 tussiat
363 3105 435 3166 boib.
462 3103 607 3182 buticum
642 3112 674 3165 et
703 3108 823 3185 signum
859 3115 1002 3188 typogra-

117 3182 238 3262 phicum
273 3183 338 3244 iulii
373 3189 537 3247 transversi
580 3189 688 3248 iterum
723 3198 770 3251 est
810 3192 1003 3271 impressum.

145 3265 286 3329 bostaris
310 3267 391 3332 utor.
415 3270 515 3342 buttes
537 3273 603 3346 turb
627 3274 774 3349 idatussube
801 3288 857 3337 buu
887 3278 937 3338 bru
961 3295 1002 3356 pe:

116 3351 239 3412 Idbbteu
253 3354 307 3411 onb
333 3353 490 3430 capitibus
512 3357 609 3415 lebam
634 3358 680 3418 bu·
701 3354 817 3428 dicitu.
844 3357 887 3441 (s.
910 3369 957 3432 a.)

581 3438 730 3511 (Schtttze
751 3440 792 3500 ΙΙΙ
815 3460 846 3523 p.
869 3441 961 3513 287).

156 3515 286 3577 Uberior
308 3515 346 3574 de
369 3519 448 3577 votis
471 3522 649 3580 monasticis
671 3530 817 3584 tractatus
838 3525 1002 3589 aLuthero

75 3617 182 3658 mense
203 3599 369 3660 Novembri
404 3620 432 3661 a.
472 3601 548 3666 1521
587 3609 778 3686 conscriptus
813 3607 867 3688 (ci.
914 3611 1001 3673 Luth.

72 3680 152 3760 Epp.
177 3682 225 3748 ed.
255 3683 294 3744 dc
316 3683 419 3745 Wette
449 3683 477 3745 11
506 3704 536 3766 p.
562 3689 619 3760 95)
657 3697 688 3750 ct
720 3695 838 3771 parenti
872 3693 1002 3756 iohanni

72 3764 206 3828 bothero
229 3766 279 3830 dic
292 3765 341 3835 21.
364 3787 403 3830 m.
426 3766 612 3834 Novembris
625 3773 762 3837 eiusdem
784 3779 856 3841 auni
878 3777 1002 3842 dedica·
