2392 4170
134 223 175 310 32
396 226 437 280 Da
457 225 535 295 Ospt.
554 225 652 295 Babyl.
672 227 812 281 Ecclesiae

134 380 196 441 lata
220 379 414 460 philosophia
426 381 456 439 iu
469 380 601 441 ecclesia
623 383 765 461 grassari,
788 383 898 441 inistis
915 372 1060 443 trahentis

134 464 308 523 novissimis
331 464 487 539 annis,·in
510 463 620 542 quibus
642 471 673 524 et
695 465 755 524 alia
782 464 877 526 multa
898 485 1059 547 perperam

135 554 205 606 sunt
227 547 436 619 determinata,
459 547 549 624 quale
572 557 627 624 ast,
648 547 820 606 Essentiam
845 549 977 610 divinam
1001 569 1060 608 nec

137 631 276 710 generari
299 648 356 688 nec
385 649 548 708 generare,
580 633 720 689 Animam
744 651 812 690 esse
839 633 967 692 formam
991 633 1060 692 suh-

133 712 305 772 stantialem
329 713 465 793 corporis
488 713 621 791 humani,
644 722 675 772 et
696 715 732 772 iis
751 714 871 794 similia,
894 733 973 793 quae
995 715 1059 775 nul·

133 796 170 855 lis
192 815 317 876 prorsus
339 803 516 855 asseruntur
537 797 703 856 rationibus
726 803 778 856 aut
792 799 902 878 causis,
926 807 958 858 ut
980 799 1058 877 ipse-

134 888 197 938 met
219 876 380 939 confitetur
402 878 571 939 cardinalis
595 880 834 942 Oanreracensis.

219 963 329 1022 Dicent
362 964 514 1039 fortassis,
538 962 707 1022 Periculum
743 963 903 1023 idolatriae
936 981 1060 1043 cogere,

135 1053 168 1104 ut
196 1063 257 1105 non
286 1046 325 1105 sit
357 1047 445 1124 panis
481 1055 510 1104 et
543 1047 643 1105 vinum
676 1065 757 1107 vere.
801 1047 971 1107 Ridiculum
994 1046 1061 1124 ,hoc

140 1128 245 1204 valde,
276 1147 343 1187 cum
367 1126 507 1188 subtilem
531 1128 755 1208 philosophiam
779 1130 816 1188 de
839 1131 1008 1190 substantia
1030 1139 1062 1190 et

134 1212 343 1271 accidentibus
372 1211 440 1271 laici
477 1230 630 1290 nunquam
666 1215 882 1290 cognoverint,
924 1232 997 1291 nec,
1032 1215 1058 1272 si

137 1294 332 1372 docerentur,
363 1313 473 1374 capere
496 1297 630 1374 possint,
660 1303 691 1355 et
717 1296 797 1355 idem
819 1298 858 1356 sit
880 1297 1059 1375 periculum,

134 1377 227 1437 salvis
251 1377 468 1453 accidentibus,
492 1397 571 1455 qnae
595 1377 707 1454 vident,
730 1379 812 1457 quod
835 1380 1060 1453 insubstantia,

134 1479 225 1539 quam
248 1480 311 1521 non
334 1461 445 1521 vident.
489 1461 520 1521 Si
544 1463 624 1521 enim
640 1462 811 1521 accidentia
833 1481 894 1522 non
918 1463 1058 1536 adorant,

134 1544 188 1603 sed
217 1544 360 1603 latentem
394 1544 434 1604 ibi
463 1544 631 1622 Christum,
666 1563 719 1604 cur
746 1546 909 1605 adorarent
936 1564 1060 1625 panem,

133 1645 224 1706 quem
246 1646 307 1687 non
330 1627 455 1686 vident?
1010 1645 1014 1654 ·

217 1710 278 1770 Gur
292 1719 393 1770 autern
416 1729 477 1770 non
493 1713 592 1790 possit
606 1712 742 1772 Christus
755 1730 866 1791 corpus
879 1731 967 1771 suum
980 1713 1060 1771 intra

132 1793 334 1854 substantiam
358 1795 445 1870 panis
468 1797 643 1872 continere,
672 1797 750 1854 sicut
772 1797 801 1853 in
825 1793 1058 1855 accidentibus?

133 1876 215 1935 Ecce
237 1878 315 1957 ignis
338 1885 369 1936 et
390 1878 499 1937 ferrum
524 1877 602 1937 duae
624 1879 813 1937 substantiae
836 1880 881 1937 sic
893 1879 1058 1937 miscentur

132 1961 163 2018 in
185 1960 264 2020 ferro
287 1961 393 2040 ignita,
418 1966 449 2019 ut
471 1962 625 2038 quaelihet
646 1979 716 2040 pars
740 1962 779 2020 sit
800 1961 910 2020 ferrum
928 1962 1056 2040 etignia

133 2042 194 2103 Our
215 2063 277 2104 non
301 2043 396 2103 multo
420 2044 516 2122 magis
544 2063 654 2123 corpus
683 2044 851 2124 gloriosum
875 2043 985 2104 Christi
1014 2046 1059 2104 sic

132 2128 162 2186 in
186 2128 270 2187 omni
293 2133 379 2206 parte
401 2126 588 2187 substantiae
610 2129 697 2207 panis
720 2147 789 2187 esse
810 2128 929 2208 possit?

217 2208 298 2285 Quid
320 2209 455 2270 facient?
489 2210 625 2271 Christus
659 2231 697 2271 ex
721 2221 808 2270 utero
838 2212 940 2270 matris
969 2218 1058 2270 natus

133 2293 269 2355 creditur
290 2293 408 2354 illaeso.
452 2293 563 2352 Dicant
590 2303 620 2354 et
642 2295 705 2370 hic,
736 2312 858 2353 carnem
887 2295 969 2353 illam
994 2294 1059 2353 Vir·

133 2378 212 2456 ginis
235 2378 353 2436 interim
376 2376 469 2435 fuisse
490 2378 704 2450 annihilatam,
734 2396 797 2452 seu,
821 2384 853 2436 ut
875 2379 974 2456 aptius
999 2376 1058 2436 dici
1090 2404 1095 2413 ·

133 2459 249 2535 volunt,
272 2458 607 2538 transsubstantiatam,
631 2471 662 2521 ut
684 2460 821 2521 Christus
844 2461 874 2519 in
896 2460 1060 2520 accidenti-

133 2542 188 2603 bus
213 2544 278 2603 eius
300 2541 454 2602 involutus
478 2544 598 2604 tandem
629 2565 683 2624 per
714 2544 884 2603 accidentia
913 2543 1057 2623 prodiret.

133 2625 217 2686 ldem
241 2625 401 2685 dicendum
426 2626 481 2685 erit
503 2625 541 2686 dc
562 2631 654 2688 ianua
670 2628 783 2705 clauso,
805 2635 836 2685 et
857 2629 937 2687 ostio
954 2645 1059 2686 monu-

134 2711 227 2769 menti
255 2709 376 2785 clauso,
411 2729 466 2788 per
495 2728 575 2789 quae
604 2713 710 2772 illaesa
742 2711 865 2771 intravit
897 2718 927 2770 at
955 2711 1058 2773 exivit.

133 2791 194 2853 Sed
216 2792 288 2852 hinc
310 2799 382 2852 nata
404 2800 450 2852 est
473 2793 644 2875 Babylonia
667 2794 719 2855 illa
741 2793 955 2873 philosophiae
971 2795 1058 2853 istius

133 2875 171 2935 de
194 2877 364 2954 quantitate
382 2876 536 2956 continua,
560 2877 701 2937 distincta
725 2876 934 2954 asubstantia,
957 2877 1058 2937 donec

133 2977 172 3019 eo
195 2967 319 3018 ventum
342 2961 394 3039 sit,
423 2966 456 3019 ut
476 2962 618 3040 ignorent
639 2971 669 3020 et
692 2961 766 3040 ipsi,
796 2978 874 3038 quae
897 2961 957 3019 sint
980 2962 1057 3020 acci·

132 3041 245 3120 dantia,
268 3049 298 3102 et
318 3060 398 3120 quaa
420 3043 597 3107 substantia.
640 3044 717 3103 Nam
730 3044 797 3122 quis
811 3049 894 3103 certo
908 3051 1056 3104 monstra-

132 3127 331 3204 ritunquam,
345 3125 489 3204 calorem,
502 3127 646 3203 colorem,
668 3128 772 3206 frigus,
796 3127 905 3199 lucem,
926 3127 1058 3207 pondus,

131 3207 245 3288 figuras
268 3228 336 3270 esse
359 3209 549 3270 accidentia?
592 3211 731 3289 Denique
760 3211 968 3270 accident-ihus
998 3209 1057 3269 illis

131 3294 162 3352 in
184 3293 272 3352 altari
302 3295 401 3354 coacti
424 3301 492 3353 sunt
514 3292 630 3372 tingere
651 3312 764 3353 novum
787 3312 856 3353 esse
883 3294 1058 3353 accrearia

131 3376 210 3453 Deo,
234 3386 359 3458 propter
380 3376 586 3452 Aristotelem,
609 3379 658 3455 qui
685 3377 766 3450 dicit,
789 3377 964 3437 accidentis
988 3396 1057 3436 esse

132 3466 178 3518 est
200 3461 315 3520 inesse:
339 3467 369 3520 et
378 3458 496 3519 infinita
509 3467 655 3534 monstra,
677 3459 787 3539 quibus
801 3460 941 3520 omnibus
954 3468 1058 3520 essent

132 3543 227 3623 liberi,
251 3546 276 3603 si
299 3544 476 3623 simpliciter
499 3562 609 3623 panem
632 3544 673 3603 ibi
696 3562 764 3602 esse
786 3562 889 3602 verum
913 3544 1057 3606 sinerent.

131 3625 170 3685 Et
192 3627 284 3706 plane
306 3626 437 3706 gaudee,
460 3627 568 3686 saltem
592 3627 673 3706 apud
692 3626 814 3706 vulgum
829 3627 965 3686 relictam
988 3645 1057 3685 esse

130 3711 301 3793 simplicem
336 3708 426 3770 fidem
457 3711 641 3770 sacramenti
674 3709 772 3773 huius.
824 3709 901 3770 Nam
933 3716 965 3769 ut
994 3728 1056 3770 non
