2392 4170
448 249 529 311 Doct.
548 250 627 311 llart.
643 247 731 323 auu„
988 246 1052 319 333

132 429 186 497 aut
216 426 393 487 mandatum
431 433 485 487 aut
516 445 631 487 verum.
675 423 819 487 Similiter
853 445 957 486 verum
996 432 1052 506 eat,

132 506 215 587 quod
238 509 453 591 irrefragabilis
492 529 564 571 usus
598 517 629 570 et
658 510 848 590 experientia
870 515 1051 592 monstrant,

132 593 237 653 voveri
252 593 298 655 ab
321 599 382 673 eis,
418 612 498 673 quae
526 611 588 653 nou
611 592 710 653 solum
733 611 796 655 non
818 592 965 669 reddunt,
997 593 1053 655 sed

133 674 246 737 docent
280 696 402 758 quoque
434 696 496 737 uon
528 676 615 739 reddi
646 683 800 756 oportere.
842 675 950 756 Neque
971 677 1052 738 enim
1110 733 1113 739 .

133 758 294 821 mendacia
316 764 427 822 certius
450 779 633 840 cognoscas,
656 778 746 839 quarn
770 777 826 819 suo
849 761 944 840 ipsius
967 759 1053 821 dissi·

133 841 184 902 dio
209 852 239 902 et
257 846 507 907 contradictione
553 842 708 923 Siquidem
721 844 865 903 divinitus
880 844 1053 904 ordinatum

133 930 190 1006 est,
214 931 247 986 ut
267 947 392 1025 semper
411 929 553 1008 impietas
575 929 721 1006 seipsam
735 926 902 988 confundet
924 933 956 987 et
970 945 1053 988 men·

134 1009 224 1069 dania
253 1011 343 1071 sibi
336 1013 409 1092 ipsis
433 1029 589 1091 nunquam
611 1018 768 1088 constent,
802 1011 874 1090 quin
906 1010 1054 1073 adversus

133 1113 167 1153 se
189 1095 256 1174 ipsa
278 1113 398 1175 semper
419 1094 627 1154 testificentur.

219 1176 298 1253 Quid
331 1180 422 1259 igitur
453 1176 585 1258 (inquis)
619 1177 744 1257 faciam,
782 1183 815 1238 ut
836 1176 983 1259 salver*)
1014 1174 1054 1238 ab

134 1260 193 1320 hac
215 1261 310 1339 Zecr,
340 1266 368 1321 iu
393 1280 483 1341 quarn
505 1263 585 1341 lugi,
621 1268 654 1320 ut
642 1261 843 1323 tScdomam
866 1259 1055 1342 effugerem?

135 1344 214 1420 Quid
236 1344 351 1406 facies?
380 1364 418 1405 an
443 1345 543 1406 adhuc
569 1345 785 1424 disputandum
808 1363 933 1423 censes,
964 1351 996 1404 ut
1015 1342 1054 1405 ad

136 1437 271 1488 montem
294 1428 441 1489 libertatis
464 1437 599 1490 matures
622 1427 764 1488 cursum?
786 1440 949 1508 postquam
972 1426 1055 1492 audi·

135 1513 194 1572 eris
219 1519 288 1572 tete
319 1515 440 1572 vovisse
477 1512 537 1573 boc
568 1513 647 1572 vitae
668 1513 853 1591 institutum,
888 1511 970 1591 quod
993 1529 1055 1572 uon

134 1595 234 1656 solum
257 1595 352 1656 verbo
375 1595 441 1675 Dei,
464 1594 645 1675 Evangelio,
667 1594 749 1674 fidei,
772 1595 901 1663 libertati
913 1594 1056 1655 Christia-

135 1698 205 1757 nee,
229 1680 462 1760 praeceptisque
483 1677 543 1739 Dei
565 1678 759 1755 adversatur,
787 1678 842 1739 sed
865 1686 897 1739 et
917 1679 973 1738 sibi
997 1679 1057 1758 ipsi

136 1763 310 1843 turpissime
343 1771 459 1843 pugnat
491 1770 522 1822 et
555 1760 691 1823 dissidet.
736 1761 806 1822 Sine
816 1781 971 1842 ,regnum
996 1761 1057 1823 hoc

136 1845 303 1926 desoletur,
326 1846 406 1906 ubi
399 1866 428 1905 m
453 1865 486 1906 se
507 1847 607 1924 ipsum
631 1843 760 1904 divisum
784 1856 841 1923 est,
863 1853 952 1926 putas
974 1844 1057 1925 apud

137 1929 235 1989 Deum
272 1932 354 2019 exigi
375 1928 436 1990 boc
459 1936 581 2009 vntum,
615 1927 727 2007 qnod
719 1948 750 1987 ru
772 1947 835 1989 rem
858 1935 919 2013 tam
941 1927 1057 1989 abomi-

137 2012 287 2092 nandam,
325 2015 392 2093 ipso
427 2014 608 2093 prohibente
631 2019 662 2072 et
681 2012 788 2091 iuvita,
810 2006 954 2073 voveris?
997 2011 1056 2087 Qui

136 2097 217 2156 enim
240 2097 337 2158 noluit
360 2105 389 2157 te
410 2116 535 2175 vovere,
557 2115 619 2157 non
642 2096 725 2156 volet
746 2097 838 2156 etiarn
862 2102 966 2156 votum
998 2113 1058 2178 ser·

137 2182 220 2256 vari,
253 2179 306 2240 sed
337 2182 518 2259 quantocius
553 2181 651 2241 omitti
678 2188 709 2240 et
736 2179 861 2241 aboleri.
904 2177 964 2240 Sed
987 2175 1057 2241 cum

137 2263 211 2341 ipsis
247 2264 425 2322 monasticis
454 2263 617 2345 expostulo
648 2271 678 2323 et
708 2265 918 2343 quaestionem
940 2269 1057 2343 repeto.

138 2345 250 2405 Dicant
271 2345 376 2420 igitur:
419 2363 471 2404 our
502 2346 681 2442 dispensent
714 2351 745 2406 in
774 2348 899 2427 reliquis
920 2346 1057 2428 partibus

137 2429 203 2488 voti
224 2429 284 2488 et
276 2447 307 2488 rn
341 2428 409 2487 sola
440 2430 581 2489 castitate
603 2446 666 2488 non
689 2429 890 2511 dispensant?
933 2437 986 2491 aut
1006 2450 1060 2491 cur

138 2512 271 2573 doceant
293 2518 395 2572 cetera
426 2513 529 2572 omnia
562 2530 631 2571 esse
652 2513 871 2595 accidentalia,
906 2523 937 2574 et
958 2514 1059 2574 solnm

137 2598 196 2656 ista
229 2597 285 2657 tria
313 2614 382 2656 esse
404 2593 616 2658 substantialia
638 2596 801 2692 oporteat?
845 2596 971 2673 Dicant,
1001 2616 1062 2676 qua

137 2681 301 2741 autoritate
316 2687 421 2740 votum
445 2681 733 2760 estpraeceptum
725 2698 756 2738 rn
778 2677 929 2760 aliquibus
953 2689 984 2741 et
997 2699 1059 2740 nou

138 2764 167 2823 in
192 2762 353 2823 omnibus?
396 2763 492 2824 Plane
520 2762 709 2824 obstructum
737 2770 785 2825 est
811 2783 846 2824 os
869 2763 1059 2842 loquentium

138 2847 242 2925 iniqua
265 2853 296 2907 et
318 2854 460 2909 coactum
484 2845 670 2908 concedere:
693 2843 724 2907 Si
749 2866 809 2907 una
831 2865 901 2926 pars
921 2848 984 2908 voti
1007 2866 1060 2929 po·

139 2937 198 2990 test
219 2931 317 2991 omitti
347 2939 400 2991 aut
423 2931 613 3012 dispensari,
645 2936 741 2991 totum
779 2949 873 3011 posse
905 2932 1003 2992 omitti
1030 2938 1061 2993 et

139 3015 325 3093 dispensari,
356 3024 409 3076 aut
442 3016 467 3076 si
490 3023 587 3076 totum
612 3015 710 3075 omitti
733 3014 781 3075 vel
805 3014 975 3094 dispensari
997 3033 1060 3076 non

139 3105 256 3179 potest,
292 3099 376 3159 nulla
397 3101 462 3160 eius
484 3118 554 3179 pers
578 3099 677 3158 omitti
700 3105 731 3160 et
752 3099 923 3180 dispensari
947 3105 1059 3180 potest.

141 3181 287 3259 Proinde,
318 3183 344 3241 si
366 3183 547 3244 Praesidens
569 3180 728 3262 indulgere
755 3190 858 3264 potest
880 3183 991 3263 Fratri,
1029 3190 1060 3244 ut
1083 3194 1086 3199 ’

139 3283 247 3325 carnes
271 3265 352 3343 edat,
374 3269 477 3327 vinum
501 3267 594 3346 bibat,
618 3267 786 3327 orationem
809 3268 998 3344 intermittat,
1013 3286 1061 3327 ve·

139 3359 217 3409 stem
240 3353 345 3429 ponat,
369 3359 589 3430 contraquam
612 3351 719 3430 regula
742 3352 804 3411 voti
827 3350 936 3430 dictat,
958 3354 1062 3431 potest

140 3433 232 3494 etiam
256 3432 425 3514 indulgere,
449 3441 550 3495 utres
573 3435 695 3514 babeat,
719 3434 795 3495 liber
818 3444 869 3496 eat
891 3442 1061 3496 etuxorern

139 3516 242 3594 ducat,
265 3519 398 3577 maxims
421 3519 447 3581 si
469 3520 713 3598 cpusilliluerit.
755 3517 851 3599 Sic,
843 3537 978 3600 mquam,
1001 3537 1060 3601 ego

140 3599 326 3681 respondere
347 3598 417 3664 illos
440 3619 531 3682 cogo

213 3786 318 3856 >Gen
346 3791 389 3846 19.
