2392 4170
134 238 177 306 92
392 243 427 299 D.
445 242 524 315 (laps.
544 243 641 314 Babyl.
659 244 802 302 Ecclesiae

133 403 205 460 sunt
226 417 272 474 ea,
296 418 376 480 qnae
397 399 542 461 divinitus
562 402 594 461 in
616 402 711 463 sacris
733 401 827 462 literis
849 399 961 462 tradita
978 404 1060 477 sunt,

132 481 172 543 ab
193 483 246 557 iis,
275 502 354 562 quae
381 504 437 564 per
463 484 603 546 homines
632 487 662 544 in
692 485 838 558 ecclesia,
869 478 1061 564 quantalibet

133 567 296 627 sanctitate
318 567 518 647 doctrinaque
538 569 761 649 praepolleant,
784 574 855 629 sunt
875 569 1010 630 inventa

216 650 372 711 Hactenus
395 652 432 713 de
453 654 521 731 ipso
537 654 740 729 matrimonio,
763 652 834 732 qnid
858 658 960 712 autem
979 649 1063 710 dice·-

135 752 201 794 mus
225 733 385 814 de'impiis
408 735 526 815 legibus
548 735 721 814 bominum,
752 736 862 817 quibus
890 735 950 796 hoc
977 734 1061 795 vitae

133 837 230 896 genus
252 817 394 879 divinitus
415 820 584 879 institutum
607 827 654 880 est
679 821 842 896 irretitum,
871 836 994 880 sursum
1021 834 1062 878 ec

134 900 276 962 deorsum
298 902 467 963 iactatum?
490 903 572 963 Deus
593 903 684 976 bone,
706 903 815 964 horror
832 909 879 963 est
898 899 1060 962 intendere

133 984 163 1044 in
186 986 386 1046 temeritatem
411 987 649 1048 Romanensium
672 993 882 1066 tyrannorum.
905 983 985 1046 adeo
1001 1000 1060 1065 pro

133 1066 259 1128 libidine
281 1088 337 1130 sua
361 1070 580 1149 dirimentium,
607 1090 725 1131 rursum
755 1071 930 1149 cogentium
957 1066 1060 1129 matri·

133 1152 245 1211 monia.
272 1152 426 1226 Obsecro,
449 1174 487 1214 ao
511 1154 615 1216 datum
638 1159 686 1214 est
706 1172 812 1214 eorum
840 1152 974 1226 libidini,
1005 1150 1061 1212 bo·

136 1234 250 1294 minum
274 1255 370 1311 genus
399 1255 461 1296 non
492 1239 548 1297 nisi
581 1237 620 1298 ad
649 1237 838 1297 illudendum
865 1239 897 1298 et
917 1250 1061 1314 quoquo·

132 1317 226 1378 modo
249 1317 445 1396 abutendum,
468 1327 499 1381 et
519 1341 576 1401 pro
598 1321 737 1401 pecuniis
758 1321 886 1382 brnestis
900 1317 1061 1398 quodlibet

132 1420 173 1461 ex
194 1420 233 1462 ec
255 1401 437 1467 iaciendum.

214 1485 352 1565 Vagatur
373 1488 488 1565 passim
510 1505 572 1546 non
601 1505 716 1566 parvae
738 1487 893 1565 opinionis
920 1481 998 1544 liber
1018 1500 1060 1545 ex

130 1567 263 1630 colluvie
295 1571 431 1630 omnium
459 1571 660 1630 humanarum
691 1569 888 1630 traditionum
911 1587 969 1628 ceu
991 1585 1060 1627 sso-

132 1651 196 1710 tina
218 1653 349 1728 quadam
373 1653 520 1714 collectus
541 1657 574 1713 et
595 1653 756 1728 contusus,
784 1654 836 1731 qui
858 1651 985 1713 Summa
1006 1668 1059 1711 aa·

133 1733 278 1812 gelica*t
308 1737 496 1816 inscribitur,
533 1755 601 1797 cum
635 1738 735 1797 verius
765 1737 804 1796 sit
837 1754 957 1796 summa
989 1732 1060 1813 plus

133 1835 223 1895 quam
248 1819 410 1897 diabolica,
431 1823 461 1879 io
485 1838 547 1897 quo
570 1822 648 1880 inter
669 1819 787 1880 infinita
809 1824 967 1898 portenta,
995 1817 1060 1896 qai-

133 1898 190 1961 bus
213 1903 406 1963 confessores
435 1904 541 1963 instrui
570 1908 732 1982 putantur,
763 1903 833 1962 dum
862 1900 1061 1982 perniciosis·

132 1984 209 2045 simo
231 1986 449 2061 confudantur,
479 1985 585 2046 docem
609 1994 640 2046 et
661 1993 732 2046 coto
754 1985 939 2046 matrimonii
964 1986 1061 2062 impa-

133 2065 268 2128 dimeuta
290 2075 503 2140 numerantur,
532 2087 611 2146 quae
641 2071 665 2128 si
688 2089 788 2148 aequo
810 2074 842 2128 et
868 2069 965 2129 libero
987 2065 1060 2128 lidci

134 2151 226 2212 oculo
249 2153 430 2232 inspexeris,
454 2151 653 2213 videbisosse
676 2153 714 2212 de
735 2170 864 2213 numero
881 2170 998 2223 eorum,
1022 2147 1061 2208 dc

133 2232 243 2312 quibus
276 2231 500 2317 apostolus**)
526 2236 690 2315 praedixit:
728 2234 827 2295 Erunt
865 2233 1060 2295 attendentes

133 2316 287 2396 spiritibus
322 2317 571 2398 daemoniorum,
615 2320 646 2378 in
679 2317 834 2398 hypocrisi
867 2318 1071 2395 loquentiu·-

133 2399 342 2473 mendacium,
365 2401 590 2481 prohibentium
615 2401 736 2463 nubere.
783 2400 862 2476 Quid
890 2407 938 2460 eat
958 2399 1060 2480 prolri·

133 2480 205 2542 bere
229 2485 359 2560 nuptias,
382 2485 407 2544 si
429 2484 490 2544 boc
512 2504 574 2545 uon
597 2491 644 2544 est
665 2483 844 2565 probibere,
867 2490 913 2544 tot
933 2481 1060 2562 impedi·

133 2570 236 2624 menta
258 2565 384 2645 lingere,
408 2575 439 2627 et
460 2568 586 2646 laqueos
599 2587 724 2646 ponere,
748 2587 788 2627 nc
806 2572 926 2635 coeant,
948 2564 1059 2641 autsi

134 2648 271 2722 coierint,
294 2649 462 2711 dissolvere
485 2651 700 2712 matrimonia?
729 2650 804 2725 Quis
827 2649 911 2710 dedit
931 2649 1060 2710 bomini·

132 2729 189 2790 bus
218 2731 298 2792 banc
328 2734 534 2818 potestatem?
566 2734 658 2809 Esto,
689 2734 800 2793 fuerint
828 2735 925 2792 sancti
955 2738 986 2793 et
1007 2733 1060 2812 pio

132 2813 199 2873 zelo
221 2815 312 2885 ducti,
335 2816 406 2896 quid
432 2836 531 2876 meam
554 2817 724 2877 libertatem
749 2816 955 2876 vexataliena
972 2832 1060 2874 sanc-

132 2897 222 2958 titas?
248 2899 326 2974 Quid
350 2919 399 2959 me
422 2900 556 2980 captivat
579 2900 697 2961 alienus
727 2899 830 2960 zelus?
862 2899 907 2960 Sit
929 2898 1060 2960 Sanctus

133 2985 164 3040 et
184 2981 301 3042 zelotes
313 2983 449 3061 quisquis
463 2983 546 3047 uolet
568 2989 599 3044 et
609 2981 840 3064 quantumlibet,
863 2982 958 3043 modo
970 2982 1058 3042 alteri

132 3082 194 3124 non
217 3071 338 3140 noceat,
362 3072 393 3124 et
414 3064 585 3126 libertatem
608 3067 680 3126 mibi
702 3085 763 3127 non
782 3067 890 3145 rapiat.

187 3244 218 3313 *)
240 3244 343 3298 Auctor
368 3247 449 3300 huius
482 3249 544 3301 libri
569 3253 612 3301 est
641 3247 792 3316 Angelus
822 3244 987 3299 Gcrletus
1019 3242 1060 3297 da

133 3316 300 3372 Glavssio
322 3319 432 3373 thodie:
456 3318 643 3382 chromaci,
671 3319 776 3372 ordinis
802 3316 829 3369 S.
849 3317 987 3368 Francisct
1007 3317 1061 3369 ira·

131 3394 203 3440 trum
218 3390 455 3444 cismontanorum
470 3393 592 3444 vicarius
605 3391 752 3457 generalis,
772 3391 819 3458 qui
838 3403 912 3440 anno
928 3387 997 3442 ¹494
1015 3387 1060 3442 vcl

132 3460 203 3516 1495
222 3459 349 3530 decessit,
368 3465 402 3515 cl.
422 3461 469 3515 Dr.
490 3463 628 3517 Roderich
648 3460 799 3530 Stintzing:
826 3459 991 3513 Geschicbte
1009 3458 1061 3514 der

130 3531 1060 3672 tittttt„ltttttttt'lttttttttittttistit}

132 3675 330 3816 seqqspepnffio
348 3676 558 3805 Ja4hrhunderts.
595 3679 706 3749 Leipzig
727 3676 804 3743 1867,
824 3692 852 3747 p.
871 3673 923 3730 tao
942 3689 1003 3747 sqq.

258 3784 266 3801 .
319 3762 356 3801 m.
394 3786 400 3801 .
