2392 4170
411 263 449 318 ad
466 261 620 318 Concilium
639 281 657 319 a
673 262 769 322 Leone
786 264 820 318 X.
999 261 1062 330 125

145 417 222 480 bonis
242 422 329 484 viris:
353 431 427 486 tunc
448 421 490 484 illi
512 442 619 484 crassa
638 422 773 503 quadam
797 432 827 483 et
843 421 961 484 insulsa
978 430 1058 484 astu-

143 501 177 562 tia
194 504 328 568 instructi
342 506 424 589 apud
436 508 661 568 sanctissimum
684 506 841 567 dominum
856 505 1058 570 Leonemstc.

146 597 266 669 mount,
289 598 322 650 ut
342 611 438 653 causa
459 592 490 651 in
513 610 547 651 se
565 593 661 672 ipsos,
686 590 746 652 hoo
767 598 824 668 est,
845 591 876 649 in
890 607 1056 670 personam

145 667 387 736 Reverendissimi
411 674 526 736 domini
548 675 688 736 Thomas
710 674 809 734 sancti
821 672 900 735 sixti
913 672 1057 734 Oardina·

146 751 183 832 lis,
201 763 271 816 tnnc
291 759 322 819 in
345 758 513 820 Germania
534 758 822 840 sedisapostolicae
843 757 948 836 legati,
960 763 1058 818 trans·

147 835 268 919 latretur,
290 849 324 902 ut
346 843 399 923 qui
421 842 460 903 de
482 842 591 904 ordine
613 840 861 903 Praedicatornm
885 847 916 900 et
936 839 1058 900 Thumi·

90 990 97 997 ⁶
147 921 227 983 sticss
252 923 396 988 factionis
428 924 563 1004 (idest)
588 926 782 987 adversariae
810 924 858 984 val
885 924 1081 1003 primarius,

147 1001 220 1066 lraile
231 1018 415 1090 speraretur,
438 1016 545 1070 contra
556 1030 605 1072 me
626 1027 682 1090 pro
698 1010 772 1090 ipsis
785 1005 984 1085 diffiniturus,
997 1013 1058 1086 aut,

149 1095 175 1147 nt
188 1093 348 1154 verisimile
370 1103 433 1174 est,
456 1100 539 1154 certa
554 1101 587 1155 ut
609 1093 698 1153 huius
719 1092 799 1154 lacis
820 1090 929 1152 iudicis
943 1089 1059 1150 abster-

149 1171 208 1234 ritus
228 1193 403 1239 recusarem
422 1195 603 1258 comparere
625 1185 655 1238 et
677 1175 903 1237 contumaciam
925 1176 1057 1234 incurre-

150 1273 210 1320 rem.
249 1258 319 1342 Ego
345 1269 447 1323 tamen
475 1263 604 1322 veritate
632 1261 680 1320 dei
709 1259 802 1321 fretus
825 1258 863 1318 ad
886 1259 1058 1337 Augustam

151 1341 229 1402 multo
250 1342 358 1405 labore
380 1352 411 1406 st
434 1345 553 1425 magnis
575 1344 717 1426 periculis
740 1344 865 1405 veniens
886 1341 1059 1413 humaniter

151 1425 254 1502 quidem
269 1429 438 1509 apraesato
452 1428 720 1490 Reverendissimo
738 1433 795 1488 eto.
807 1435 969 1506 susceptus
981 1440 1059 1487 sum.

153 1505 197 1581 uu
219 1529 286 1570 cnm
308 1512 486 1594 posthabita
506 1512 730 1593 protestatione
752 1529 822 1572 mea
844 1516 874 1570 et
892 1509 1059 1589 oblatione,

152 1608 198 1668 qua
218 1595 263 1654 rel
287 1597 411 1676 publice
433 1595 481 1656 vel
503 1596 644 1675 privatim
667 1613 716 1656 me
729 1611 946 1677 responsurum
963 1591 1059 1652 obtuli

152 1692 238 1736 coram
260 1679 390 1741 Nutario
417 1690 448 1739 et
459 1681 597 1759 testibus,
615 1679 746 1758 danique
759 1675 971 1759 praesentibus
987 1694 1059 1756 qua·

152 1766 206 1819 tuor
225 1763 395 1842 insignibus
423 1764 494 1823 viris
517 1762 690 1824 Caesareae
717 1763 884 1824 maiestatis
907 1759 1059 1822 Senatori-

152 1838 203 1921 bus,
218 1846 370 1925 simulque
392 1846 576 1907 subiicerem
599 1867 647 1906 me
670 1865 799 1925 meaque
826 1845 907 1904 dicta
935 1851 1061 1904 sanctae

151 1925 200 1986 sedi
220 1930 428 2009 apostolicae,
460 1939 490 1989 et
511 1931 623 1991 indicio
646 1938 778 2009 quatuor
807 1928 966 1990 illustrium
998 1928 1062 1987 uni·

151 2013 332 2090 versitatum,
370 2013 564 2094 Basilicnsis,
592 2013 817 2092 Friburgeneis,
851 2011 1061 2089 hommensis,

149 2094 256 2154 tandem
281 2105 313 2156 et
335 2095 503 2156 studiorum
526 2099 644 2177 parenti
668 2097 876 2157 nobilissimae
897 2095 1059 2155 Parisiensi

148 2192 184 2237 ne
204 2179 385 2260 simpliciter
407 2180 445 2239 ad
467 2183 696 2241 revocationem
720 2190 854 2261 urgeret,
884 2197 942 2239 nec
970 2178 1061 2238 vellet

147 2263 300 2322 ostendere
324 2263 396 2323 mihi
418 2282 537 2324 errores
566 2283 670 2343 meos,
696 2272 727 2324 et
755 2265 863 2343 quibus
892 2262 1060 2322 rationibus

145 2345 180 2404 rel
204 2345 423 2407 autoritatibus
446 2366 531 2408 error
553 2368 572 2408 a
595 2367 642 2408 rna
664 2349 791 2428 intelligi
813 2354 935 2427 posset,
966 2346 1060 2404 nimio

144 2429 253 2490 scilicet
276 2447 353 2490 suae
373 2430 515 2491 factionis
538 2431 828 2509 iratribusaffectus,
851 2438 881 2490 et
894 2429 1059 2508 iniquitatis

142 2510 241 2572 luciam
268 2531 445 2595 assumens,
468 2515 603 2595 tandem,
632 2516 687 2575 nisi
718 2531 911 2592 revocarem,
934 2512 1060 2572 abiectis

139 2597 278 2675 precibus
303 2604 334 2656 et
355 2597 437 2657 votis
460 2597 598 2659 discendi
620 2608 650 2658 et
667 2595 930 2658 informationibus
942 2597 1059 2676 petitio-

137 2681 178 2740 nis
201 2681 304 2740 minas
327 2679 410 2741 diras
445 2699 483 2741 ac
512 2682 736 2742 crudelissimas
760 2683 866 2760 vigore
902 2678 1059 2738 cuiusdam

136 2763 300 2844 apostolici
323 2763 423 2824 brevis
447 2765 616 2845 intentavit,
641 2784 678 2825 ac
700 2784 738 2826 ne
756 2763 885 2823 redirem
909 2763 937 2821 in
952 2757 1059 2822 taciem

135 2866 220 2909 suam
244 2847 415 2927 imperavit.
460 2847 577 2924 Quibus
599 2848 826 2929 gravaminibus
849 2847 966 2924 laesus,
989 2855 1061 2907 tnnc

134 2931 171 2992 ab
195 2933 264 2992 eius
285 2932 391 3010 iniqua
413 2936 443 2990 et
456 2933 592 2993 violenta
612 2932 839 3014 praesumtione
859 2939 888 2990 et
899 2937 1062 3010 praetensa

133 3013 190 3075 sibi
205 3015 427 3075 commissione
444 3015 596 3097 appellavi
611 3017 648 3077 ad
662 3017 887 3076 sanctissimum
904 3016 1059 3075 dominum

134 3107 273 3160 nostrum
298 3096 433 3159 Leonem
447 3100 598 3161 decimum
612 3100 719 3160 melius
736 3099 971 3177 informandum,
990 3117 1058 3178 pro-

135 3194 168 3242 ut
184 3182 214 3241 in
226 3181 376 3243 schedula
397 3182 570 3245 huiusmodi
592 3184 808 3266 appellationis
833 3183 953 3263 plenius
987 3201 1060 3242 con·

134 3267 256 3331 tinctor.
301 3264 391 3327 Nunc
410 3286 483 3329 vero
511 3269 602 3328 etiam
616 3270 674 3329 ista
687 3267 893 3348 appellatione
911 3268 962 3351 (ut
976 3266 1056 3342 dixi)

134 3356 330 3430 contempta,
351 3368 420 3410 cum
443 3369 539 3431 usque
568 3352 661 3413 hodie
684 3354 823 3432 cupiam,
852 3371 913 3412 non
942 3353 999 3411 nisi
1029 3358 1061 3410 ut

134 3433 339 3495 ostendantur
362 3435 432 3494 mihi
451 3453 569 3496 errores
592 3437 668 3516 mei,
690 3437 875 3517 quicumque
888 3437 1013 3496 tandem
1030 3433 1060 3494 id

132 3518 235 3598 possit
253 3525 429 3599 praestare,
458 3518 496 3580 de
525 3537 586 3598 quo
612 3520 714 3581 denuo
746 3519 879 3600 legitime
908 3526 1061 3600 protestor

131 3601 409 3744 paratissimosque
424 3595 490 3662 sum
514 3621 676 3684 revocare,
699 3605 723 3664 si
748 3602 821 3683 quid
843 3603 923 3663 mala
946 3602 1063 3662 dixisse

143 3702 218 3745 nero
242 3683 389 3763 edoctus3
431 3684 541 3747 deinde
572 3694 668 3748 totam
702 3686 939 3768 disputationem
960 3703 1059 3746 meam

131 3767 315 3830 subiecerim
338 3787 458 3831 summo
481 3769 631 3851 Pontifici,
653 3772 696 3833 ita
719 3781 752 3832 ut
772 3789 831 3832 nec
852 3788 912 3851 ego
928 3769 1060 3850 amplius
