2392 4170
396 241 432 298 ad
451 240 590 313 principes
609 239 782 299 Germaniae.
993 236 1057 319 463

220 413 310 477 Nunc
330 433 420 493 vero,
453 420 616 495 postquam
646 412 724 475 haec
750 412 840 475 mala·
859 413 967 496 arbor,
991 415 1056 477 sive

138 498 244 561 divino
265 498 379 560 iudicio
402 499 447 559 sic
468 497 573 579 populi
597 497 642 567 sui
664 504 793 576 peccata
814 497 971 578 puniente,
990 499 1057 560 sire

137 581 284 645 socordia
304 601 422 659 eorum,
444 584 505 662 qui,
531 588 563 642 nt
581 578 736 642 debebant
757 586 954 662 etpoterant,
974 583 1057 661 prin·

137 667 218 745 cipio
241 685 303 727 non
326 666 519 744 obstiterunt,
540 682 619 744 quos
636 662 745 723 videtis
768 669 799 724 et
818 664 940 743 auditis,
963 664 1056 745 longe

138 749 261 828 lateque
294 767 396 811 ramos
436 748 613 829 expandere
646 746 764 826 coeit,
799 746 1055 811 considerandum

138 833 227 894 vobis
250 841 313 910 eet,
336 833 491 913 Principes
514 841 544 891 et
567 831 672 910 populi
696 765 896 909 germaniae,
928 852 967 893 ne
988 851 1055 913 sos,

137 919 188 995 qui
212 917 250 976 ab
274 917 360 977 initio
383 916 472 976 huius
505 913 576 975 mali
610 913 701 994 eulpa
731 913 855 975 aliunde
878 921 945 977 orta
965 914 1055 976 iacilc

137 1001 276 1060 excusari
299 1000 462 1080 poteratis,
497 1017 552 1078 per
588 998 678 1058 istam
708 997 831 1058 nimiam
861 999 1054 1060 tolerantiam

137 1091 169 1143 et
189 1083 335 1162 pristinae
366 1083 485 1144 virtutis
519 1087 708 1159 naturaeque
741 1078 826 1142 obliti
854 1089 885 1143 et
906 1087 991 1143 tanto
1013 1081 1054 1143 fa-

137 1167 233 1227 cinori
266 1165 338 1227 dum
361 1165 404 1227 illi
427 1185 489 1227 nou
512 1164 662 1243 resistitis,
684 1165 858 1226 consentire
879 1163 1054 1228 videamini.
1157 1224 1160 1229 .

219 1214 412 1328 (imittimus,
445 1247 527 1328 quod
561 1247 805 1309 enormisaimum
839 1255 904 1325 est,
938 1254 1053 1309 tantam

137 1340 261 1413 tamque
283 1333 458 1414 religiosam
482 1332 637 1391 nationem
660 1349 714 1409 per
731 1350 823 1391 nuum
837 1331 1053 1413 Fraterculum,

137 1417 188 1495 qui
211 1437 229 1477 a
252 1416 405 1478 catholica
425 1414 486 1476 tide
508 1423 537 1475 et
560 1414 733 1475 Christiana
762 1414 926 1495 religione,
961 1434 1053 1495 quuur

136 1500 175 1560 ab
197 1501 321 1560 ineunte
344 1507 447 1561 aetate
480 1517 540 1559 non
564 1497 665 1559 solum
688 1496 824 1576 profiteri
851 1505 882 1560 et
903 1501 989 1579 aequi
1012 1500 1054 1559 vi·

136 1603 188 1642 sus
210 1592 274 1660 est,
302 1583 357 1644 sed
381 1585 473 1644 etiam
496 1581 597 1641 multis
620 1583 709 1641 aunis
731 1581 925 1661 praedicasse
947 1593 977 1641 et
999 1581 1054 1644 do·

136 1667 237 1727 cuisae
259 1666 384 1743 dicitur,
412 1663 579 1727 novissime
606 1663 767 1725 infeliciter
799 1667 987 1745 apostatavit
1017 1684 1054 1727 ac

137 1749 203 1810 Deo
226 1752 370 1809 mentitus
392 1759 455 1829 est,
475 1749 593 1815 ‚seduci
615 1745 654 1809 ab
682 1765 720 1808 ea
742 1749 806 1827 via,
839 1767 931 1828 quam
956 1769 974 1809 a
997 1749 1053 1810 Re-

136 1831 296 1912 demptore
328 1840 432 1893 nostro
468 1838 498 1893 et
525 1833 590 1893 eius
608 1831 808 1895 sanctissimis
829 1832 980 1912 apostolia
1002 1832 1052 1895 de
1135 1846 1139 1853 ’

137 1921 335 1976 monstratam
359 1920 403 1976 tot
427 1915 592 1994 Martyres,
622 1920 667 1974 tot
689 1915 838 1995 praeclari
861 1914 1002 1976 decidua
1022 1927 1053 1979 et

133 2000 296 2060 sanctitate
318 1999 373 2060 viri
396 2005 426 2060 et
450 2000 581 2060 maiores
603 1996 735 2077 denique
752 1999 844 2059 vestri
858 2017 965 2060 omues
979 1998 1052 2061 liac-

133 2091 221 2144 tenus
243 2085 444 2144 incesserunt.

216 2165 311 2240 Quasi
333 2166 578 2228 solusLutherus
599 2166 700 2244 sapiat
714 2172 745 2225 et
765 2165 842 2225 sciat
863 2165 947 2227 solus
970 2185 1052 2227 nunc

133 2250 280 2328 primum,
315 2258 348 2311 ut
369 2250 407 2312 de
441 2250 601 2311 haereticis
633 2249 797 2309 Montanus
830 2247 993 2328 gloriatur,
1022 2259 1053 2312 et

133 2330 276 2410 Spiritum
298 2339 436 2393 sanctum
459 2335 629 2413 acceperit,
662 2339 693 2393 et
714 2332 847 2393 ecclesia
877 2333 944 2412 ipsa
967 2332 1051 2414 (cum

134 2433 195 2494 qua
216 2434 250 2476 se
271 2414 403 2475 futurum
436 2415 474 2476 ad
504 2417 801 2478 consummationem
829 2416 924 2476 seculi
946 2414 1051 2497 benig-

133 2500 276 2560 nissimus
298 2498 424 2559 humaui
450 2501 572 2579 generis
593 2498 783 2578 Redemptor
811 2499 966 2580 pollicitus
985 2504 1049 2577 est)

133 2583 163 2644 in
195 2582 329 2644 tenebris
363 2583 555 2663 ignorantiae
590 2589 621 2642 et
657 2582 837 2662 perditionis
871 2582 1052 2663 ambagibus

133 2686 255 2747 semper
277 2667 441 2746 erraverit,
473 2665 575 2726 donec
602 2683 685 2727 novo
707 2665 829 2727 Lutheri
852 2665 966 2727 lumine
988 2666 1052 2726 illu·

132 2758 286 2813 straretur.
331 2749 558 2826 ducenaria,
591 2766 765 2827 quanquam
794 2749 875 2830 apud
899 2768 968 2829 eos,
1000 2751 1051 2829 qui

132 2835 270 2914 sapiunt,
305 2832 487 2914 perridicula
508 2831 698 2911 iudicantur,
734 2832 919 2912 simplicibus
948 2841 1050 2894 tamen

133 2917 243 2978 animis
266 2917 427 2998 plurimum
452 2923 522 2977 sunt
541 2915 717 2997 peruiciosa
737 2921 769 2976 ct
790 2917 850 2993 eis,
885 2919 933 2995 qui
958 2934 1050 2977 nova-

131 3018 198 3060 rum
221 3020 320 3063 rerum
343 3001 511 3081 cupiditate
545 3017 667 3061 omnem
698 2997 835 3059 ordinem
858 3001 1049 3060 immutatum

133 3084 256 3165 vellent,
278 3085 423 3165 plurimas
446 3083 484 3145 ad
508 3103 544 3144 ea
566 3081 783 3163 perpetranda,
805 3101 884 3161 quae
902 3102 982 3144 nunc
996 3104 1050 3143 ex·

130 3170 282 3246 perimini,
304 3187 412 3230 causes
435 3177 465 3230 et
487 3167 625 3229 fomenta
644 3165 883 3230 subministrant.

215 3254 262 3313 An
295 3271 357 3312 uon
381 3252 599 3330 consideratis,
633 3248 817 3310 Germaniae
839 3249 995 3329 Principes
1019 3257 1050 3312 et

131 3334 252 3414 populi,
286 3334 475 3415 praeludium
507 3354 579 3396 esse
599 3332 755 3413 quoddam
778 3332 838 3394 lroc
860 3352 964 3393 eorum
989 3353 1050 3393 ma·

131 3419 241 3495 lorum,
263 3437 342 3497 quae
360 3418 509 3480 Lutherus
532 3427 562 3480 et
583 3420 650 3478 eius
672 3424 841 3478 sectatores
864 3416 1049 3478 moliuntur?

130 3502 179 3562 An
202 3521 264 3563 non
287 3510 393 3581 aperte
416 3502 540 3580 vidctis,
577 3500 657 3563 istud
680 3508 876 3582 praetensum
898 3501 1049 3580 principio

129 3585 350 3647 aLutlrerania
371 3585 508 3647 veritatis
531 3585 739 3665 Evangelicae
761 3584 964 3666 patrocinium
996 3583 1049 3644 de-

129 3675 244 3732 tectum
268 3687 363 3751 nunc,
400 3689 468 3731 esse
500 3687 616 3733 merum
638 3687 739 3730 rerum
763 3675 932 3733 vestrarum
956 3666 1049 3728 latro·
1109 3716 1113 3723 .

130 3755 264 3818 ciuium?
308 3757 356 3819 Aa
390 3755 501 3837 putatis
528 3754 589 3817 alio
623 3751 750 3817 tendere
779 3754 854 3814 istos
883 3751 1049 3833 iniquitatis
1077 3824 1083 3829 ,
