2392 4170
446 224 727 286 commmunia.
992 229 1055 300 343

135 418 225 482 quam
250 399 495 481 monachorum,
520 407 694 481 quanquam
727 410 758 462 et
784 403 841 483 ipsi
864 405 1056 484 corporalem

135 504 196 546 nou
229 485 350 565 possint
379 483 521 546 omuibus
550 495 706 564 praestare
747 493 874 546 externa
902 487 1057 566 facultate,

135 588 203 628 cum
225 569 287 629 sint
309 567 422 649 alligati
447 575 479 629 et
499 568 623 629 alterius
645 571 727 633 iuris.
759 570 798 630 Et
820 571 959 651 superios
982 571 1056 631 dixi·

135 671 211 728 mus,
233 650 404 712 libertatem
427 652 638 731 evangelicam
657 652 749 712 talem
774 672 856 730 esse,
880 672 959 733 quae
981 655 1056 715 nulli
1112 715 1114 724 ,

135 735 231 795 aufert
252 754 338 795 snum
368 736 414 796 ius
443 741 497 795 aut
523 755 605 811 rem,
628 744 730 796 tamen
764 736 842 795 ultra
866 737 1054 798 voluntatem

135 825 307 899 promptam
332 816 473 879 omnibus
495 819 647 879 serviendi
671 825 701 879 et
723 817 886 879 obediendi
909 819 1056 882 obediunt

134 905 195 962 suis
219 901 383 962 Maioribus
407 901 585 981 simpliciter
607 909 636 962 et
658 904 723 961 sine
742 904 929 982 praescripta
950 904 1056 982 regula

133 987 161 1045 in
188 985 338 1046 omnibus.
382 985 523 1045 Monachi
547 1004 621 1046 vero
649 987 711 1045 suis
740 991 855 1045 tantum
879 984 1055 1063 Maioribus,

132 1070 230 1148 iisque
264 1068 554 1151 nou-simpliciter,
583 1068 637 1128 sed
671 1068 709 1128 ad
739 1077 853 1129 certam
884 1088 1059 1130 mensuram

133 1153 258 1233 regulae
282 1153 500 1232 praescriptae,
523 1159 607 1212 utet
630 1151 802 1212 Bernardus
817 1152 918 1232 docet,
940 1153 970 1212 iu
994 1171 1055 1232 qua

134 1255 165 1295 rs
194 1242 225 1296 et
255 1254 274 1295 a
306 1236 413 1315 priscis
450 1234 509 1295 illis
539 1235 699 1295 monachis
726 1243 757 1294 et
784 1235 927 1295 Eremitis
962 1236 1055 1315 longa

135 1318 255 1396 lateque
277 1318 460 1397 discrepant.
505 1315 627 1378 Deinde
645 1319 692 1385 ‚iu
720 1318 801 1378 hano
830 1325 990 1398 angustam
1023 1325 1055 1379 et

135 1401 325 1462 frustillatam
362 1399 568 1461 obedientiam
592 1420 655 1462 non
678 1420 750 1462 casu
786 1409 839 1462 aut
871 1403 1055 1461 necessitate

139 1484 237 1564 (quod
262 1487 291 1545 iu
315 1485 457 1564 coniuge,
480 1483 668 1560 filiisservis,
692 1485 830 1564 captivis,
853 1491 884 1544 et
903 1484 1051 1544 similibus

135 1568 318 1652 contingit),
351 1566 405 1628 sed
427 1587 483 1628 sua
504 1574 616 1646 sponte
638 1568 788 1647 veniunt,
816 1575 848 1626 nt
877 1567 969 1647 plane
997 1565 1054 1627 sub

135 1652 221 1712 coelo
244 1671 307 1713 nou
329 1652 368 1712 sit
390 1650 477 1711 vilior
499 1658 530 1710 et
558 1652 680 1730 parcior
702 1650 893 1725 obedientia,
922 1657 953 1711 et
975 1668 1054 1730 quae

138 1734 305 1816 Evangelio
328 1735 427 1814 magis
448 1733 626 1794 adversetur
648 1752 738 1813 quam
763 1735 1011 1795 monasticorum.

160 1854 162 1860 ·
214 1818 263 1879 Ad
284 1819 363 1879 haec
384 1824 431 1878 est
453 1824 483 1877 et
505 1817 565 1877 alia
583 1817 713 1877 felicitas
727 1815 921 1876 obedientiae
942 1814 1054 1890 filialis,

135 1901 319 1982 coniugalis,
342 1900 460 1962 servilis
490 1908 520 1960 et
547 1900 661 1977 civilis,
684 1898 766 1978 quod
784 1899 878 1978 longe
906 1898 994 1959 abeat
1014 1897 1053 1959 ab

135 1987 286 2065 impietate
314 1991 345 2044 et
369 1985 539 2064 sacrilegio.
584 1983 681 2043 Nemo
710 1984 789 2042 enim
818 2001 855 2043 ea
879 1980 1055 2042 obedientia

135 2066 293 2129 arbitratur
316 2087 385 2128 sese
408 2068 587 2147 obsequium
610 2066 765 2145 singulare
793 2084 868 2145 prae
890 2065 999 2124 ceteris
1022 2069 1053 2123 et

137 2152 215 2211 ultra
237 2151 433 2231 Evangelium
461 2157 618 2231 praestare
647 2149 725 2210 Deo.
770 2149 868 2209 Nemo
892 2167 958 2208 eam
981 2164 1054 2206 oon·

137 2232 236 2291 silium
255 2240 356 2294 vocat.
400 2237 439 2292 At
461 2235 519 2294 nisi
543 2235 620 2294 haec
641 2233 735 2314 impia
758 2239 789 2293 et
815 2232 965 2311 sacrilega
989 2228 1054 2308 opi·
1164 2286 1167 2291 .

138 2317 189 2374 nio
214 2315 252 2373 sit
269 2317 298 2374 iu
314 2314 490 2375 obedientia
508 2317 687 2392 monastica,
710 2335 810 2394 neque
825 2314 929 2375 doceri
953 2330 1054 2391 nequa

138 2397 244 2459 voveri
266 2415 360 2476 oeque
383 2399 477 2458 teneri
505 2404 617 2476 potest.
660 2397 838 2477 Singulares
867 2399 947 2459 enim
975 2395 1054 2455 ultra

138 2479 333 2560 Evangelum
357 2499 431 2560 prae
453 2481 564 2540 ceteris
587 2498 656 2539 esse
678 2481 785 2540 volunt
814 2480 976 2540 monastici
997 2497 1055 2538 sua

142 2564 322 2645 obedientia,
345 2575 376 2624 et
398 2562 455 2624 soli
479 2581 547 2622 esee
570 2581 703 2645 sponsae
727 2570 757 2621 et
778 2581 891 2623 uxores
914 2563 1053 2624 maiesta-

140 2649 178 2709 tis
201 2646 333 2724 divinre,
362 2646 508 2707 iacientes
531 2665 570 2705 ex
593 2664 629 2705 ea
652 2644 744 2722 Baal,
765 2643 795 2704 id
818 2652 880 2716 est,
904 2645 1053 2719 maritum,

140 2732 189 2810 qui
214 2732 252 2789 sit
274 2729 388 2791 ilorum
419 2730 573 2809 proprius,
604 2735 634 2788 et
655 2728 714 2807 ipsi
736 2728 800 2786 eius
835 2727 966 2805 proprii,
993 2744 1054 2785 una

140 2831 224 2889 caro,
248 2832 319 2872 unus
341 2814 463 2893 spiritus
480 2831 548 2871 cum
572 2830 620 2887 eo,
643 2818 762 2870 ceteros
776 2828 848 2868 vero
871 2808 1054 2868 arbitrantur

142 2916 197 2958 ceu
221 2915 321 2956 serves
344 2903 375 2957 et
395 2895 601 2956 mercenarios
628 2901 656 2954 et
687 2892 874 2955 concubinas
897 2893 926 2950 io
950 2889 1054 2952 domo.
1081 2941 1082 2946 ,

142 2980 210 3055 Qua
235 2985 332 3039 tamen
362 2980 508 3058 opinione
530 2978 661 3037 Sanctus
695 2995 757 3036 uon
785 2974 879 3034 fuisse
911 2973 1053 3051 inlectos,

142 3069 252 3122 certum
276 3067 331 3140 est,
353 3064 459 3143 spiritu
484 3061 563 3121 enim
583 3059 760 3120 humilitatis
783 3057 919 3136 possessi
942 3056 1054 3115 nemini

142 3163 210 3206 sese
232 3145 442 3223 praetulerunt.
475 3142 631 3220 Itavides,
655 3160 715 3202 uon
731 3141 831 3202 minus
849 3138 1054 3201 obedientiam

145 3246 233 3307 quam
252 3237 460 3308 paupertatem
483 3226 685 3287 monasticam
709 3243 777 3284 esse
800 3221 952 3283 vocabula
973 3241 1056 3283 nova

143 3321 175 3371 et
197 3309 302 3386 elicta,
324 3311 402 3371 ultra
425 3318 455 3371 et
476 3318 598 3390 praeter
620 3327 707 3368 usum
721 3308 855 3368 omnium
874 3307 1055 3385 linguarum.

146 3393 201 3454 Oui
221 3392 363 3473 figmento
386 3392 504 3453 addunt
524 3400 555 3452 et
576 3389 763 3471 impietatem
794 3399 824 3449 et
852 3389 1054 3467 sacrilegium.

144 3473 258 3539 Vocant
280 3477 360 3537 euim
378 3475 593 3554 obedientiam,
615 3473 807 3554 quaererius
831 3479 892 3532 tam
916 3471 1055 3548 spiritua·

146 3558 209 3618 liter
226 3579 316 3641 quam
340 3558 540 3638 corporaliter
561 3564 609 3618 est
626 3555 834 3617 inobedientia
854 3553 893 3616 cd
915 3553 1054 3634 Evange-

148 3641 211 3704 liun
233 3648 421 3724 comparata,
443 3642 521 3702 siout
535 3646 650 3702 vocant
666 3636 887 3721 paupertatem,
909 3655 988 3717 quaa
1010 3641 1057 3696 cst
1100 3699 1103 3703 ,

150 3727 236 3789 scius
260 3725 457 3790 abundantia.
501 3724 621 3786 Deinde
654 3728 768 3786 vovent
794 3720 897 3782 fictam
925 3718 1054 3782 eandem
