2392 4170
453 286 534 346 Boot.
553 287 631 346 Mart.
651 282 729 345 isnth.⁴
1001 275 1065 352 363

141 456 306 517 venientem
328 453 393 516 voti
414 452 569 514 eiusmodi
588 471 737 514 enousere
759 470 820 513 non
834 449 959 532 peteris.
981 447 1064 510 siut

140 546 327 601 tumentem
360 545 534 614 etvenum
557 537 640 598 Dens
675 542 838 617 eeoeptese
868 541 900 595 et
938 532 1065 612 exigere

141 643 201 686 non
224 627 336 704 potest,
359 621 501 702 baptismi
523 629 624 682 entem
647 625 752 680 votum
775 637 869 680 senex
889 625 920 678 et
939 616 1064 698 pienum

141 713 202 784 eet,
235 708 307 787 quio
338 706 442 766 nititur
472 705 503 765 in
537 704 735 783 promittente
768 709 799 762 et
827 700 964 763 donante
985 701 1062 764 Deo.

141 789 220 867 Quid
243 790 268 850 si
290 789 456 872 eiiqoinon
471 787 652 875 acceptent?
676 785 872 853 nihilominus
895 790 1063 868 serenent,

160 876 190 936 ei
214 873 313 937 offert.

140 892 159 957 q
223 958 302 1020 Heio
324 958 471 1021 stultitiae
492 959 622 1042 iungunt
643 967 674 1021 et
695 959 805 1037 eliem,
827 955 908 1039 quod
932 975 987 1038 pro
1010 954 1062 1018 ed-

140 1042 279 1106 osneedo
315 1044 378 1105 voti
404 1044 506 1124 nigore
532 1043 735 1105 indissolubili
763 1045 914 1124 integrum
948 1058 1062 1103 ennom

140 1125 330 1205 probotionis
361 1129 469 1206 (quem
492 1125 623 1211 voeent)
647 1128 772 1189 voventi
796 1128 979 1209 largiuntur,
1010 1124 1064 1188 ho-

140 1210 237 1272 mines
266 1211 341 1271 mire
369 1211 583 1272 misericordes
610 1217 641 1272 et
669 1211 845 1273 clementes.
890 1212 992 1289 Atque
1025 1227 1064 1269 ne

141 1293 214 1353 nihil
236 1296 267 1355 in
289 1296 334 1355 eie
356 1293 487 1369 leudem,
504 1295 534 1356 ei
557 1314 639 1359 enno
660 1294 852 1376 probationis
873 1295 904 1355 in
927 1294 1063 1355 hoonte·
1184 1300 1187 1305 '

139 1385 258 1458 rentur,
283 1385 314 1438 ιιι
336 1379 527 1458 ingressurus
555 1378 593 1440 ed
616 1399 671 1440 eos
695 1385 847 1459 epeoteret
869 1395 980 1455 mores,
1003 1376 1064 1437 vio·

139 1467 218 1541 tem,
251 1462 398 1523 amintam
421 1468 452 1523 et
473 1462 550 1544 elie,
586 1482 665 1543 qnae
699 1462 737 1524 ad
767 1480 877 1544 eorpus
899 1461 1063 1543 pertinent,

139 1543 261 1624 proberi
285 1552 435 1624 potesent.
482 1548 522 1607 Αι
542 1565 623 1607 neno
644 1546 715 1607 ideo
743 1552 909 1608 ostensus
931 1542 1064 1626 probeti-

138 1628 216 1709 onis,
239 1635 274 1689 ιιι
292 1630 323 1690 ie
347 1649 384 1693 eo
407 1635 513 1706 tentet,
537 1650 576 1690 an
599 1637 629 1691 et
651 1637 735 1691 oeete
756 1631 859 1690 vivere
880 1629 988 1711 possit,
1011 1627 1068 1705 qui

138 1716 187 1771 eet
209 1717 344 1773 noturus.
389 1713 537 1790 Obsecro,
560 1732 639 1792 quoe
653 1713 780 1776 stultitia
804 1731 872 1774 esse
895 1717 1065 1792 potestpar

137 1793 223 1871 huie,
260 1797 285 1858 ei
319 1798 416 1878 ipsam
450 1797 601 1858 rationem
634 1797 762 1858 instituti
797 1796 941 1876 speeies?
983 1793 1061 1854 Nem

137 1876 268 1940 Senotos
291 1899 414 1962 semper
441 1880 565 1960 exeipio
591 1882 621 1940 in
652 1880 713 1940 suis
736 1880 929 1941 mirebilibne.
975 1876 1062 1938 Seili-

137 1967 189 2022 eet
207 1962 349 2044 probatio
371 1965 520 2026 osetitetis
533 1982 595 2025 non
618 1965 740 2025 metitur
759 1963 905 2025 ieonitete
929 1961 1066 2042 spiritne,·

137 2044 191 2105 sed
214 2066 341 2108 numero
363 2048 490 2128 dierum,
512 2055 542 2109 et
564 2050 615 2127 qui
632 2068 744 2109 ennom
757 2055 841 2109 oeete
865 2047 984 2120 vixerit,
996 2042 1061 2104 ido·

137 2146 212 2187 nene
236 2138 390 2207 eeneetnr,
420 2140 452 2191 ιιι
485 2138 551 2193 tote
578 2132 641 2192 vite
673 2140 758 2194 eeste
788 2133 880 2194 vivet.
929 2125 1062 2206 Quande

137 2228 212 2290 ergo
233 2210 273 2271 ab
295 2219 423 2274 externo
446 2215 581 2294 petente
602 2223 650 2276 est
671 2216 812 2296 probatio
826 2214 985 2289 eastitatis,
1008 2229 1063 2271 eur

137 2309 199 2351 non
222 2295 335 2372 petitor
362 2302 395 2356 st
421 2315 440 2356 e
462 2297 538 2358 loeis
567 2307 597 2358 et
618 2301 780 2378 personis?
808 2307 841 2360 ut
862 2299 913 2361 iiie
935 2299 973 2361 eit
994 2293 1063 2360 ido·

136 2393 223 2456 neus,
247 2377 298 2456 qui
323 2377 419 2438 multe
441 2378 511 2440 iooe
532 2380 792 2458 perambulaverit
820 2391 852 2446 et
874 2383 987 2445 multos
1008 2378 1062 2445 ho·

138 2458 240 2520 mines.
258 2459 378 2536 viderit,
401 2479 463 2540 quo
485 2461 571 2523 soloe
598 2483 739 2526 eureores
760 2472 791 2525 et
812 2476 998 2527 mereatores
1020 2466 1061 2527 ie-

136 2542 251 2602 eiesnue
274 2544 453 2607 monaehoe.
503 2545 610 2605 Antei
633 2547 752 2608 interne
773 2568 821 2609 ree
840 2556 980 2629 tempore
993 2568 1062 2629 pno-

135 2624 199 2686 beri
222 2633 335 2708 potest,
357 2647 411 2689 ens
431 2647 493 2690 non
507 2627 542 2689 iit
556 2628 788 2691 etiamidoneus
810 2632 848 2692 ad
872 2633 1061 2712 patientiam,

137 2708 311 2789 miniatem,
334 2710 442 2788 fidem,
476 2713 649 2792 ons-itatem,
680 2715 729 2793 qni
752 2733 814 2775 nno
836 2733 918 2776 enno
941 2730 1010 2775 sese
1030 2716 1060 2776 in

135 2792 172 2849 iis
194 2795 372 2872 tentaverit,
407 2801 440 2855 ut
461 2797 559 2876 gretie
581 2795 637 2856 Dei
660 2797 758 2858 nihilo
783 2799 823 2859 sit
844 2816 922 2878 opus
944 2798 983 2859 ed
1006 2797 1062 2859 hes

134 2874 205 2935 sesi
223 2932 227 2939 ,
247 2875 364 2938 suffieit
390 2879 470 2939 enim
493 2885 614 2958 tempus
636 2881 779 2941 teneiiese
806 2897 902 2961 snper
927 2900 1007 2957 enm,
1031 2887 1063 2942 et

136 2976 208 3018 mos
230 2959 364 3022 idoneue
393 2967 441 3022 eet
473 2980 574 3022 novus
605 2961 698 3026 hoino
721 2962 796 3026 iteri.
841 2965 948 3026 Antei
971 2965 1064 3025 iniis

134 3060 195 3101 non
226 3043 353 3119 suffieit,
389 3063 446 3105 eur
471 3044 586 3107 suffieit
611 3046 642 3106 in
676 3049 819 3110 oestitete
846 3047 934 3108 sole?
977 3048 1062 3108 Heee

134 3123 220 3197 dieo,
255 3132 288 3187 ut
320 3126 426 3188 videos
457 3128 530 3189 nihii
564 3148 634 3190 esee
660 3131 691 3191 in
715 3132 858 3194 universe
880 3133 1064 3209 monastiea,

133 3207 216 3284 qnod
240 3211 363 3270 nonsit
384 3212 508 3292 egiegie
530 3212 654 3273 stuitnm
677 3220 709 3273 et
730 3215 866 3295 impium,
889 3215 980 3298 piane
999 3234 1060 3276 non

134 3292 190 3349 niei
208 3294 363 3372 oepietioo-
380 3313 476 3376 regno
500 3295 635 3375 dignum.

216 3372 276 3434 Sed
300 3376 446 3456 amplios,
478 3378 676 3463 enmlPetrue
692 3376 730 3463 *J
760 3381 834 3442 nihii
863 3380 927 3442 fieri
959 3382 989 3441 in
1013 3400 1061 3442 eo-

132 3455 232 3518 eiosie
252 3457 342 3535 velit,
378 3461 437 3519 nisi
470 3461 559 3541 qnod=
592 3468 706 3523 eertum
744 3464 783 3524 eit
811 3465 962 3526 evirtute
985 3465 1061 3543 fleri,

132 3559 223 3619 quem
247 3541 423 3620 suppeditet
441 3543 533 3618 Deus,
557 3546 624 3621 quie
647 3565 702 3607 eos
720 3553 820 3608 eertos
843 3548 923 3615 taeit.
946 3567 1062 3608 annum

131 3623 213 3683 hune
236 3623 426 3704 probotionis
450 3628 530 3707 opud
554 3627 650 3688 Deum
682 3629 844 3692 sufficere?
887 3629 963 3706 Quis
985 3630 1062 3694 dixit
1129 3680 1131 3687 .

132 3750 552 3759 -.-..—-.--.-.-.——-——-.

206 3802 239 3878 ⁴¹)
259 3805 285 3865 1.
304 3804 406 3866 Peto
