2392 4170
448 246 531 307 nour.
549 249 629 306 tran
648 245 730 306 tutu.
864 221 868 228 ’
988 244 1049 313 301

131 411 250 492 posteri
282 418 438 475 verterunt
468 430 574 473 eorum
606 410 734 472 liberum
776 417 806 471 et
839 409 1051 490 evangelioum

131 493 316 575 exemplum.
359 496 425 557 Neo
445 495 502 556 fuit
522 495 572 556 hio
593 493 882 574 uliurPaphnutiue,
905 493 956 573 qui
976 493 1050 555 reei-

131 584 236 655 oteret,
259 598 329 640 oum
351 580 410 640 iarn
434 580 570 660 peooatie
592 576 841 660 praevalentibus
863 576 975 638 iruDei
988 595 1051 638 nra·

132 668 246 722 iuraret
268 663 297 722 iu
322 662 427 724 orbern
450 663 646 742 operationes
668 661 794 740 erroris,
824 660 902 721 riout
922 661 952 721 in
977 661 1053 721 Pau·

131 741 210 826 10⁴¹)
249 746 452 825 praedixerat.
506 745 607 821 Quare
644 743 676 809 S.
713 743 906 804 Bernhardur
939 751 969 804 et
1001 743 1053 805 alii

131 829 322 910 eastiutem,
358 829 564 891 obedientiam
598 835 629 890 et
649 824 940 908 paupertatem.eub
961 828 1052 907 votis,

132 911 186 971 sed
208 930 268 972 nou
302 912 469 973 seeundum
493 919 581 990 vota,
618 912 681 971 imo
715 909 881 972 seeundum
918 911 1051 991 priuoum

133 993 253 1055 Petrum
290 996 463 1075 exemptum
492 1005 522 1055 et
542 993 746 1074 Evangelium
775 996 990 1074 servaverunt,
1022 1001 1054 1054 et

132 1076 327 1139 traditionem
351 1087 410 1139 tarn
425 1077 453 1161 ¹)
489 1079 652 1160 reprobam
674 1084 706 1138 et
726 1077 896 1138 institutum
920 1076 1052 1138 vovendi

130 1160 307 1222 demnatum
331 1162 465 1222 humano
489 1181 592 1223 errore
619 1161 696 1242 iapei
718 1160 926 1241 probaverunt
947 1163 979 1222 et
1001 1161 1052 1221 do·

132 1252 269 1324 ruerunt,
292 1264 360 1305 enm
382 1247 440 1325 ipsi
463 1245 556 1326 louge
577 1245 658 1306 aliud
682 1252 714 1305 et
734 1244 822 1307 aliter
842 1250 1052 1324 sequerentur,

132 1326 186 1388 sed
210 1330 351 1408 operatio
386 1331 496 1390 erroris
524 1330 580 1389 iuit
608 1326 791 1388 stabilienda
812 1329 903 1389 etiarn
929 1327 1052 1389 Petrum

131 1412 282 1490 exemplis
314 1431 457 1491 perverse
481 1412 633 1492 nooeptie,
661 1417 787 1492 propter
810 1429 880 1487 eon,
916 1412 1051 1491 quinon

131 1505 314 1575 reooperuut
334 1497 490 1557 caritatem
519 1495 673 1573 veritatis,
712 1500 743 1554 ut
765 1494 842 1555 salvi
864 1494 989 1575 flerent,
1023 1496 1052 1559 2.

132 1576 270 1640 Theeeui.
293 1579 322 1642 2.

204 1760 255 1821 1v.
298 1760 401 1823 Vota
421 1763 625 1825 adversari
647 1761 878 1846 praeoeptie
901 1761 979 1824 Dei.

124 1944 127 1947 ·
214 1916 353 1978 Vidimus
374 1919 545 1999 itaque,·ut
567 1919 737 1980 monastiea
760 1917 908 1977 institutio
930 1917 969 1975 eit
991 1931 1053 1975 nou

131 1999 231 2061 solum
254 2018 315 2061 non
340 2021 378 2061 ex
394 1999 463 2063 Deo
488 2000 593 2086 (ouius
606 2001 722 2063 nullum
736 2000 829 2061 habet
844 1998 1052 2059 testimonium

130 2081 169 2143 de
192 2082 365 2162 Scriptura,
398 2104 499 2166 neque
521 2086 615 2147 ullum
649 2086 770 2168 signum
793 2089 846 2144 aut
869 2080 1053 2163 prodigium,

131 2184 193 2244 quo
226 2167 264 2226 eit
286 2168 414 2229 ooeiitue
437 2169 639 2249 oomprobata
654 2167 706 2248 ²),
736 2168 808 2247 quin
833 2166 929 2247 magio
951 2164 1052 2245 prohi-

131 2248 195 2307 bito
228 2266 265 2308 ao
297 2250 477 2331 reprobatu,
515 2260 546 2312 ut
580 2260 610 2312 et
631 2252 712 2312 aliae
743 2269 851 2312 omnen
873 2248 1052 2310 traditiones

130 2328 314 2414 humanae),
338 2352 441 2393 verum
463 2335 554 2394 etiam
577 2334 723 2395 adversus
744 2334 835 2395 fldem
848 2333 1053 2395 Christianam

131 2423 162 2475 et
183 2413 354 2476 libertatem
377 2414 596 2496 Evangelioam
625 2423 751 2498 pugnet.
795 2417 858 2478 lam
881 2425 990 2496 quarto
1012 2417 1053 2477 vi-

132 2497 275 2578 deamus,
306 2506 340 2559 ut
360 2500 524 2565 conveniat
547 2518 615 2561 oum
638 2499 747 2560 divinis
771 2501 955 2642 praeceptio.
996 2499 1054 2561 Iur-

132 2581 281 2662 poeeibile
303 2584 384 2643 enim
407 2588 464 2665 eet,
486 2591 591 2644 utnon
606 2582 878 2644 adverseturomui
903 2601 947 2663 uu,
971 2581 1053 2662 quod

134 2664 163 2724 ei
184 2665 381 2747 adversatur,
404 2686 444 2727 ex
467 2685 529 2746 quo
551 2673 583 2729 et
604 2683 770 2747 perquem
794 2666 875 2725 etin
898 2682 960 2743 quo
983 2672 1053 2726 eunt

132 2749 247 2825 omnia,
268 2751 335 2830 ipae
357 2751 438 2810 enirn
462 2768 531 2811 oum
553 2757 661 2812 saneto
685 2754 808 2810 eanotue
841 2756 887 2808 eet
924 2754 955 2810 et
982 2767 1051 2809 oum

132 2849 278 2911 perverto
312 2851 483 2913 perversus.
527 2833 600 2896 ideo
633 2840 666 2895 ut
697 2831 864 2894 immundis
900 2830 974 2893 nihii
1007 2840 1052 2893 eet

133 2915 296 2993 mundum,
320 2915 375 2979 sed
398 2918 502 2978 omnia
521 2917 689 3000 immunde,
710 2917 754 2978 ite
775 2915 928 2997 perversio
950 2915 1055 2977 onnia

133 3018 287 3079 perversa,
311 3008 342 3062 et
364 3001 437 3060 nihii
459 3007 587 3064 reatum.
632 3003 734 3082 Atque
754 3001 864 3062 iterum
887 2998 936 3061 hio
958 2997 1052 3062 Sauo-

125 3089 181 3157 ‚toe
203 3093 371 3145 exoueatos
398 3085 495 3146 remei
517 3086 606 3166 voio,
638 3104 677 3147 ne
705 3102 827 3165 sempor
859 3084 897 3144 eit
924 3101 1053 3144 ueoeeee

132 3185 238 3228 eorum
269 3169 411 3247 exempla
432 3187 592 3231 exoueare.
634 3168 703 3229 Non
727 3167 868 3248 disputo,
893 3173 926 3228 nt
947 3167 1052 3229 Sauoti

133 3250 265 3311 vixerint
285 3251 340 3312 snb
357 3253 495 3313 instituto
507 3253 577 3332 into,
599 3251 655 3313 sed
677 3252 716 3311 de
736 3252 967 3332 ipeoinetituto‚
989 3269 1051 3312 uon

132 3341 166 3393 ut
188 3339 248 3393 tres
272 3334 356 3413 pueri
378 3335 409 3393 in
435 3339 558 3397 ioruaoe
580 3335 751 3417 Babylonia
773 3335 913 3413 vixerint,
935 3336 989 3396 eed
1012 3354 1052 3395 au

131 3417 248 3497 poesim
281 3417 429 3479 omnious„
455 3418 548 3480 lineat
568 3419 599 3479 in
622 3417 753 3481 eandem
775 3417 931 3479 fornacem
953 3437 1051 3497 ruere,

132 3507 186 3561 aut
206 3518 330 3562 auream
368 3501 450 3580 regia
477 3506 609 3563 statuam
631 3499 784 3564 odorare?
826 3499 895 3563 Non
919 3500 1052 3582 disputo,

137 3641 141 3647 ·
206 3689 236 3757 'i
257 3691 283 3747 2.
302 3689 399 3747 Thoen
417 3691 442 3751 2.
498 3689 849 3761 oeramentum.
912 3695 946 3757 2)
967 3690 1053 3752 ibid:

132 3760 342 3834 comprobatum
361 3790 395 3805 -
413 3760 584 3836 pontinum
602 3791 638 3805 -·
655 3760 842 3834 reprobatum.
