2392 4170
134 242 197 317 134
494 242 537 302 De
555 240 721 316 abroganda

133 409 308 476 eaoerdotio
344 414 377 471 et
406 407 558 471 saerifloio
591 427 648 470 suo
679 405 819 468 msudaei
859 404 1063 467 aboleverunt

133 497 255 579 penitus
277 492 483 557 seeundotium
511 499 542 552 et
563 490 747 553 saorifloium
770 510 875 552 verum
897 489 1060 552 eooleeiae.
1088 532 1100 553 Ι

217 578 279 642 Sed
299 576 449 640 addemus
471 576 573 638 adhue
597 596 701 654 uuum,
723 575 806 655 quod
829 593 922 654 supra
944 593 1061 635 memo·

133 670 232 726 retum
254 669 301 724 est
323 660 431 725 Iohan.
454 664 488 727 6:
512 660 609 722 Erunt
630 678 738 720 omnes
764 656 991 724 aestuante.
1026 657 1062 721 Si

16 766 19 772 ’
43 748 46 753 ’
135 766 242 810 omues
264 754 336 808 suut
356 765 377 806 a
396 745 464 807 Deo
487 743 588 818 docti,
616 763 690 825 ergo
713 762 775 805 nou
797 743 857 805 eoli
880 743 941 803 rasi
963 750 995 803 et
1016 740 1062 805 di·

135 833 205 912 gitis
233 831 315 891 uneti
343 849 400 891 eeu
429 828 571 889 intaeoati
611 834 681 889 suut
710 847 729 888 a
760 828 828 889 Deo
856 824 948 887 dooti.
991 822 1062 888 Imo

134 916 280 997 quisunt
309 914 409 976 minus
431 909 667 988 aestuasset,
700 931 792 991 quam
825 911 886 973 hoo
907 909 1062 990 perditum

135 999 232 1060 ohaos
253 1016 394 1060 rasorum
415 1003 447 1058 et
476 997 646 1058 oleatorum
674 994 850 1058 idolorum?
892 993 925 1056 Si
955 1002 1062 1056 autem

135 1101 244 1145 omnes
274 1087 346 1143 sunt
373 1079 590 1155 theodidaoti‚
618 1086 703 1142 uerte
737 1094 845 1141 omnes
867 1079 1007 1158 spiritum
1030 1087 1063 1141 et

135 1165 261 1228 verbum
285 1165 342 1226 Dei
364 1164 488 1226 habent.
533 1163 635 1240 Quare
663 1184 725 1226 nou
748 1161 841 1224 modo
865 1163 982 1245 laieus,
1005 1162 1063 1225 sed

134 1256 167 1311 et
177 1250 263 1332 Papa
284 1248 441 1310 subiectus
463 1253 511 1309 est
530 1247 739 1326 theodidaoto,
760 1248 820 1308 nisi
837 1264 898 1307 nou
922 1254 969 1307 est
991 1246 1062 1309 sub·

132 1333 230 1395 iaetus
263 1332 357 1396 verbo
395 1340 426 1393 et
458 1333 576 1413 spiritui
609 1332 675 1394 Dei.
728 1329 940 1393 Theodidaoto
978 1333 1062 1394 enim

134 1424 217 1478 totus
240 1416 382 1497 muudus,
404 1417 496 1478 etiam
519 1416 621 1496 angeli
644 1415 683 1476 de
705 1416 795 1477 eoelo
813 1415 923 1476 cedere
944 1421 977 1476 et
997 1434 1062 1476 ore·

134 1499 207 1562 ders
232 1500 362 1578 debent,
390 1499 547 1581 quianon
570 1500 703 1578 homini,
726 1499 780 1559 sed
803 1499 888 1578 Deo,
916 1500 966 1578 qui
990 1519 1062 1562 eum

135 1583 236 1658 dooet,
259 1584 377 1645 oeditur
395 1590 448 1644 aut
469 1584 618 1643 resistitur
638 1584 670 1643 in
694 1601 741 1645 eo.
780 1583 821 1642 ut
835 1583 1063 1645 tameuaudeut

134 1668 236 1729 adhue
263 1668 379 1749 septies
407 1667 605 1728 insanissime
632 1665 714 1727 idola
739 1667 842 1747 Papae
871 1685 933 1727 non
965 1666 1062 1729 modo

133 1751 298 1832 disputare,
320 1750 376 1812 sed
399 1757 430 1812 et
450 1750 584 1827 iactare,
618 1750 732 1831 Papam
764 1769 832 1810 esse
866 1770 958 1830 supra
981 1750 1062 1813 Gou-

133 1835 246 1914 oilium,
269 1855 362 1916 supra
383 1835 558 1895 universam
589 1833 763 1896 eeclesiam.
808 1833 887 1909 Quid
911 1837 991 1896 euim
1014 1841 1063 1895 est

132 1919 193 1981 hou
215 1918 336 2000 dioere,
369 1919 427 1979 uisi
454 1918 569 1997 Papam
594 1935 662 1978 esse
698 1937 791 1998 supra
824 1916 1062 1980 theodidaotos?

133 2005 175 2063 nt
196 2022 291 2084 eupra
312 2000 528 2063 theodidaotos
552 2019 642 2079 esse,
678 2001 846 2083 quidest,
877 2003 934 2062 nisi
964 2022 1060 2083 supra

132 2087 232 2147 Deum
255 2085 347 2146 esse?
378 2086 418 2145 Et
438 2084 597 2165 impletum
620 2092 668 2146 est
689 2083 763 2146 iliud
785 2085 871 2146 Pauli
885 2084 934 2161 *Jz
957 2085 1060 2149 Homo

132 2170 262 2251 pemati,
285 2168 365 2228 filius
379 2166 570 2249 perditionis,
595 2171 647 2247 qui
670 2178 716 2230 est
738 2167 941 2250 adversarius,
964 2178 994 2231 et
1009 2190 1061 2230 ex·

132 2253 250 2314 tollitur
270 2271 363 2331 supra
385 2271 508 2314 omnem
527 2251 637 2332 Deum,
660 2254 710 2331 qni
734 2251 843 2314 dieitur
864 2260 895 2314 et
913 2254 1033 2319 oolitur.

216 2336 258 2396 At
268 2334 414 2397 obiioisnt
434 2335 485 2396 hie
498 2335 636 2412 Paulum,
660 2338 711 2415 qui
724 2336 795 2397 dicit
808 2343 835 2400 1.
860 2337 997 2400 Corinth.
1011 2339 1064 2401 14:

133 2419 277 2483 Mulieres
298 2420 329 2480 in
352 2419 487 2480 ecelesia
501 2423 634 2497 taceant,
657 2427 745 2500 turpe
767 2423 847 2481 enim
871 2428 918 2480 est
940 2420 1062 2481 mulieri

133 2504 228 2584 loqui,
251 2522 313 2565 non
337 2505 418 2564 enim
446 2502 630 2583 permittitur
653 2505 696 2562 eis
720 2504 816 2584 loqui,
845 2504 898 2564 sed
921 2503 1062 2565 subditos

133 2606 212 2669 ease,
235 2606 330 2667 quare
352 2587 552 2648 ministerium
573 2586 657 2646 verbi
681 2606 742 2647 nou
767 2594 954 2670 potestesse
978 2607 1062 2648 oom-

133 2691 226 2733 muns
238 2670 380 2732 omnibus
395 2669 584 2734 Christianis.
614 2671 817 2750 Respondeo:
838 2670 945 2750 Neque
959 2672 1062 2748 mutis,

132 2775 232 2835 neque
254 2754 316 2815 alia
337 2772 521 2835 quaouuqus
543 2772 638 2815 eausa
654 2753 808 2834 impeditis
830 2755 914 2833 loqui
939 2755 1062 2834 permit

131 2840 211 2904 titur.
253 2836 354 2899 Credo
378 2839 458 2899 enim
480 2837 527 2896 ius
547 2836 629 2897 istud
651 2837 808 2918 loquendi,
836 2839 895 2898 etsi
918 2838 1062 2899 omnibus

132 2940 296 2985 commune
319 2922 368 2996 sit,
390 2940 452 2981 non
476 2926 579 2981 temen
604 2940 698 3001 posse
721 2930 774 2984 aut
796 2921 909 2982 debers
932 2922 1062 3000 exsequi

131 3006 188 3066 uisi
212 3024 306 3082 eum,
339 3005 391 3083 qui
421 3003 554 3065 idoneus
583 3006 621 3065 sit
644 3024 718 3083 prae
742 3007 870 3077 ceteris,
899 3012 929 3064 et
957 3006 984 3065 ei
1009 3005 1061 3084 qui

136 3089 268 3150 idoneus
289 3087 337 3163 sit,
359 3090 452 3148 oeteri
475 3087 576 3148 looum
600 3088 701 3149 faeere
713 3095 883 3166 teneantur,
908 3095 939 3147 ut
962 3107 1065 3149 serve-

131 3178 179 3232 tur
203 3171 280 3232 ordo
304 3176 334 3231 et
356 3170 512 3236 honestas.
557 3171 608 3233 sio
630 3174 711 3233 enim
733 3180 764 3234 et
785 3172 948 3233 Timotheo
972 3191 1060 3250 prae-

137 3256 221 3335 oipit,
244 3260 278 3314 ut
299 3255 496 3316 commendet
517 3255 642 3316 verbum
666 3257 713 3335 iis,
744 3257 796 3337 qui
819 3255 924 3316 idonei
947 3255 1008 3314 sint
1031 3261 1063 3315 et

131 3337 210 3398 alios
232 3335 355 3399 dooere.
399 3338 541 3419 Exigitur
569 3344 669 3400 autem
701 3338 951 3417 adloquendum
982 3337 1063 3398 ultra

131 3421 270 3500 spiritum
298 3421 389 3482 etiam
416 3441 496 3498 vox,
524 3422 717 3502 eloquentia,
749 3423 922 3496 memoria,
946 3427 977 3480 et
999 3420 1063 3480 alia

131 3503 284 3565 naturalia
318 3502 421 3583 dona,
445 3505 554 3586 quibus
579 3507 629 3586 qui
652 3507 804 3584 caruerit,
838 3506 947 3565 merito
970 3522 1061 3564 suum

131 3590 178 3648 ius
200 3587 288 3649 alteri
311 3589 467 3669 supponit.

201 3776 234 3855 ‘)
254 3780 281 3842 2.
298 3775 398 3835 Thess.
416 3777 443 3839 2.
