2392 4170
164 262 227 330 334
393 246 550 335 moisio
569 264 603 318 n.
618 264 651 318 n.
665 265 696 320 n.
716 256 751 318 aa·
770 244 871 318 titium

251 419 290 478 Et
312 419 385 479 mihi
406 439 481 479 sane
503 419 582 479 haec·
612 419 707 479 iacies
735 418 842 479 uitimc
870 419 1006 478 omniunt
1033 434 1086 477 no·

171 503 347 562 cautissima
370 520 438 562 esse
460 502 594 581 videtur,
617 501 766 581 siquidem
796 502 873 562 haec
900 499 968 561 soia
993 498 1090 560 habet

165 585 284 645 titulum
308 585 406 662 verbi,
439 595 512 644 cum'
538 595 657 644 ceterae
681 604 788 645 omnes
811 585 928 644 titulum
952 582 1086 670 exsppii

166 668 316 728 duntaxat
337 668 480 745 habeant,
495 676 526 726 et
547 667 639 747 pianc
661 668 767 727 schola
779 667 894 744 induiti,
904 667 934 726 id
947 674 1003 744 est,
1014 664 1093 746 prcs'

164 753 351 831 positionum
375 751 452 810 haec
474 761 530 826 est,
554 750 723 829 dequibus
747 752 859 810 statim.
895 753 1091 830 incomparan-

167 835 265 893 biiiter
293 843 394 893 autem
425 837 521 893 maius
551 833 693 893 damnum
724 842 771 893 est
801 835 857 893 sub
885 833 972 893 titulo
1001 830 1085 892 verbi

166 917 279 977 docere
300 916 401 976 aliena
429 917 535 994 verbo,
558 934 625 975 cum
655 917 868 996 exempiorum
897 916 992 976 iacies
1020 922 1085 975 tuin

166 1000 249 1058 verbi
272 1001 351 1059 iacis
379 1000 524 1059 formetur
546 1007 576 1058 et
600 1000 776 1076 roboretur,
807 1001 868 1060 cito
895 1000 1026 1076 ruitura,
1058 999 1084 1057 si

166 1082 289 1142 verbum
313 1084 447 1161 genuino
470 1100 525 1142 usu
547 1090 698 1161 regnaret,
722 1091 783 1140 tum
808 1081 1018 1161 exempicrum
1043 1080 1085 1141 ia-

165 1168 227 1224 cies
250 1184 350 1224 mores
373 1173 489 1225 tantum
511 1165 604 1241 ruitis,
626 1173 657 1223 at
671 1165 764 1224 ‘verbi
786 1166 879 1225 iacies
900 1164 991 1224 iidem
1014 1163 1083 1224 snb-

166 1249 263 1311 vertit.
307 1248 396 1323 Quod
419 1250 444 1307 si
462 1267 523 1327 qua
547 1248 602 1306 Dei
615 1250 713 1328 gratia
724 1247 944 1308 Universitates
958 1245 1084 1308 verbniti

165 1330 222 1390 Dei
247 1333 477 1411 assumpserint,
499 1332 580 1390 Deus
604 1330 693 1405 bone,
717 1348 807 1410 quam
831 1331 931 1391 subito
953 1338 1084 1411 papatus

165 1433 233 1474 curn
257 1415 398 1474 omnibus
420 1413 555 1474 faciebus
578 1415 640 1472 suis
658 1422 740 1473 essct
753 1416 913 1493 periturus,
927 1430 995 1473 cum
1007 1414 1085 1474 haec

165 1498 258 1557 iacies
282 1501 320 1557 sit
341 1501 433 1578 piane
463 1497 575 1574 iuicra,
611 1514 682 1556 ossa
715 1502 746 1555 ct
778 1508 843 1559 tota
876 1498 969 1556 virtus
998 1498 1084 1579 regni

162 1579 329 1640 facierum?

247 1663 334 1722 Hanc
363 1662 507 1722 larvalem
538 1663 646 1722 faciem
676 1663 765 1722 nobis
793 1661 984 1743 praedixisse
1011 1660 1083 1722 miiti

165 1745 284 1806 videtur
305 1752 336 1805 et
359 1748 456 1825 Apoc.
480 1747 519 1820 9.,
542 1746 742 1804 cuiusve1·ba
765 1746 888 1827 dignum
903 1756 949 1804 est
971 1746 1020 1805 hic
1040 1764 1083 1806 re·

164 1848 289 1888 censere
312 1838 342 1888 et
362 1829 469 1908 paucis
492 1829 662 1908 explicare,
696 1830 738 1887 ait
760 1824 855 1888 enim:
890 1828 930 1887 Et
961 1829 1082 1908 quintus

165 1913 294 1992 angelus
316 1910 388 1971 tuba
411 1912 531 1988 cecinit,
554 1920 584 1970 et
607 1911 667 1970 vidi
690 1908 808 1971 steiiam
833 1910 871 1970 de
893 1910 981 1971 coeio
1006 1913 1084 1971 ceci-

164 1995 246 2054 disse
267 1997 297 2054 in
321 2003 448 2070 terram,
471 2000 502 2053 et
530 1994 601 2054 data
623 2003 669 2053 est
691 1995 719 2053 ei
745 1996 840 2054 ciavis
869 1995 954 2074 putei
979 1993 1084 2074 abyssi

163 2087 220 2141 etc.
263 2078 333 2136 Meo
355 2078 404 2137 hic
426 2096 517 2136 sensu
539 2076 742 2156 periclitabor.
776 2077 899 2138 Certum
924 2084 1082 2159 estange·

163 2159 210 2220 ios
233 2179 287 2239 per
315 2166 411 2219 totam
437 2161 656 2240 Apocalypsim
688 2162 853 2240 episcopos
883 2160 1081 2220 ecclesiarum

163 2262 242 2321 esse,
265 2252 297 2301 ut
320 2243 433 2321 iiquido
464 2243 558 2302 claret
579 2263 618 2302 ex
640 2243 776 2303 secundo
801 2253 830 2303 et
852 2245 942 2304 tertio
971 2245 1082 2322 capite,

163 2327 214 2385 ubi
235 2326 345 2405 angelo
370 2325 482 2405 Ephesi
504 2333 535 2385 et
557 2326 667 2406 angeio
691 2326 840 2406 Smyrnae
861 2327 990 2404 aiiisque
1012 2329 1083 2386 scri·

162 2408 249 2469 bitur.
294 2409 388 2468 Porro
423 2409 502 2468 aiiud
530 2410 603 2468 iiind
638 2410 816 2488 angelorum
851 2428 963 2490 genus,
997 2410 1080 2487 quod

163 2492 235 2551 tuba
258 2493 356 2571 canit,
385 2510 513 2570 quorum
536 2501 606 2551 sunt
628 2501 756 2571 septem,
780 2495 880 2572 capite
902 2493 930 2555 8.
955 2511 1080 2570 prorsus

162 2592 222 2635 non
246 2576 302 2634 nisi
326 2575 466 2634 Romano
495 2576 643 2654 episcopo
673 2578 838 2635 convenire
867 2583 982 2655 potest,
1011 2593 1080 2634 cum

160 2658 234 2718 nulii
256 2659 306 2717 aiii
331 2657 404 2717 tuba
426 2659 575 2719 cecinisse
588 2658 765 2719 scribantur.
810 2659 1009 2719 Tubaautem
1033 2677 1081 2718 ca-

161 2760 243 2819 nere,
274 2761 290 2800 e
317 2750 419 2801 textus
448 2742 669 2819 consequentia
703 2749 733 2801 et
766 2742 923 2802 effectibus
957 2742 1082 2821 secutis,

160 2824 333 2883 aliudesse
361 2843 423 2884 non
447 2831 564 2902 potest,
595 2843 684 2903 quam
713 2825 843 2884 Decreta
868 2823 1017 2901 condere,
1050 2824 1080 2883 id

161 2907 243 2986 qnod
267 2906 365 2965 nulius
394 2913 515 2984 praeter
542 2906 701 2966 Romanae
730 2909 880 2968 ecciesiae
913 2908 1080 2986 episcopus

160 2991 217 3050 sibi
241 3007 373 3068 unquam
394 2991 558 3069 arrogavit.
603 2990 666 3049 Nec
688 2991 796 3051 frustra
819 2989 991 3050 scribuntur
1012 3006 1081 3050 sess

160 3090 371 3153 praeparasse,
393 3080 425 3130 nt
446 3079 602 3149 canerent,
625 3090 693 3131 cum
718 3074 763 3133 his
786 3073 860 3132 sciis
881 3071 1079 3133 Pontificibus

159 3173 281 3235 semper
302 3156 463 3234 impatiens
486 3156 568 3214 iuror
590 3164 621 3214 et
641 3157 761 3234 inquies
781 3157 917 3236 tyrannis
939 3155 1080 3216 ineritad

158 3239 243 3319 leges
266 3237 443 3297 condendas
466 3245 646 3317 ceterosque
669 3240 724 3298 sibi
754 3239 969 3300 subiiciendos.
1017 3237 1079 3300 Sed

160 3323 198 3382 ad
222 3329 358 3381 nostrum
382 3321 519 3400 quintum
543 3322 685 3400 angeium
708 3324 877 3400 veniamus,
901 3323 1079 3401 quiprimus

160 3410 207 3465 eat
226 3406 305 3463 inter
326 3414 403 3479 tres,
434 3406 485 3483 qui
516 3406 572 3464 tria
605 3407 668 3464 Vae
694 3405 845 3465 inducturi
874 3413 959 3464 erant
988 3423 1081 3484 super

160 3497 280 3571 terram,
300 3486 330 3546 id
354 3495 410 3566 est,
433 3489 483 3565 qui
506 3488 620 3566 primus
638 3486 858 3548 Universitatea
880 3488 1009 3547 instituit
1029 3489 1079 3547 vel

159 3569 359 3647 confirmavit,
382 3589 471 3649 quern
497 3571 567 3630 mihi
590 3589 651 3630 nou
682 3571 770 3631 iaciic
792 3572 880 3630 inerit
908 3572 1078 3650 nominare,

157 3657 201 3715 ita
223 3654 409 3715 variantibus
431 3653 575 3732 historiis,
588 3653 641 3713 sed
655 3656 703 3730 sit,
712 3656 849 3734 quisquis
863 3655 960 3717 inerit.
984 3653 1079 3714 Steiia

159 3738 197 3802 de
219 3738 308 3799 coeio
329 3739 360 3797 in
382 3745 491 3797 terram
514 3737 618 3817 lapsa,
641 3739 689 3797 vei
713 3737 892 3800 Alexander
914 3736 1081 3818 delicies,
