2392 4170
190 256 253 331 tlt
534 259 578 319 vo
604 254 774 331 summus

184 439 297 501 ictuat-
339 431 380 499 Εἰ
406 433 455 497 sio
488 431 593 495 mundi
623 431 791 513 secedunt,
817 450 879 513 quo
911 447 974 493 non
996 426 1115 497 debelti

184 514 360 597 mmmm,
390 516 449 580 uisi
480 517 532 597 qni
559 516 743 579 remissione
779 523 976 598 peecatorum
1005 519 1112 595 egent.

185 600 299 671 verum
322 598 361 663 de
382 600 504 682 peceati
525 600 705 680 cognitione
725 599 776 660 hio
795 618 859 663 nou
882 606 929 661 sst
949 597 1048 659 locus.
1110 648 1113 655 .

268 683 386 760 Quarto
419 690 534 765 negant
553 692 584 745 et
603 682 746 760 heredes,
768 681 897 745 heredes
929 682 1010 742 enim
1033 679 1111 741 dixi-

185 787 253 835 mus
282 785 354 830 csse
375 785 430 828 cus
458 767 563 847 solos,
591 769 643 847 qui
664 767 793 829 credunt
820 766 892 829 huic
911 772 1113 843 testamento,

184 852 191 865 ’
233 851 240 865 '
281 869 357 913 vero
380 851 589 915 sacrificantes
618 851 737 913 iaciunt
763 869 894 930 capaces
917 856 948 909 et
967 845 1113 910 heredes.

267 934 350 998 eninr
372 932 545 1015 adducunt,
576 936 626 1014 qui
650 934 795 1015 operibus
819 935 882 994 suis
904 939 935 993 et
956 929 1112 992 sacrificio

183 1018 330 1097 nituntur,
353 1016 473 1083 scilicet
493 1024 555 1083 tam
590 1019 742 1098 inquietas
749 1065 758 1097 ‚
782 1015 911 1099 pavidas
952 1021 982 1076 et
1005 1013 1113 1076 conia·

183 1119 234 1163 sas
258 1100 480 1182 conscientias,
507 1107 541 1165 ut
569 1119 632 1162 non
654 1101 753 1163 solum
789 1119 851 1162 non
880 1096 1025 1173 eredunt,
1054 1096 1112 1161 sed

183 1203 223 1254 ua
244 1183 306 1249 hoc
327 1182 452 1265 quidem
474 1185 583 1266 soisnt,
606 1204 647 1246 an
670 1183 854 1247 eredendum
877 1184 924 1244 sit.
960 1182 1114 1263 Ignorant

183 1266 266 1333 cuim
288 1268 606 1348 compromissionem
629 1275 660 1329 et
669 1274 896 1342 testamentum,
918 1264 1001 1346 qnod
1016 1263 1111 1333 fidem

183 1350 306 1431 exigat,
327 1350 382 1415 ssd
403 1350 585 1415 sacrificium
614 1371 684 1412 csse
706 1353 886 1432 opinantur,
908 1349 992 1430 quod
1014 1367 1114 1429 opera

182 1434 327 1515 requirat.
369 1433 416 1497 ita
437 1433 533 1510 vides,
557 1432 739 1515 papisticum
762 1433 979 1512 sacerdotium,
1003 1430 1113 1495 infelix

181 1516 339 1581 hominum
359 1536 469 1598 genus,
491 1537 616 1598 prorsus
638 1518 801 1599 Aegyptiis
821 1517 953 1579 tenebris
975 1521 1100 1597 captum

182 1599 407 1673 nihilomnino
431 1600 625 1682 intelligere,
648 1600 721 1680 quid
743 1603 782 1664 sit
807 1599 1011 1675 Eucharistia,
1036 1560 1112 1678 quid

182 1689 326 1764 promto,
349 1691 381 1749 ct
402 1702 464 1764 quo
485 1704 553 1765 usn,
575 1704 637 1765 quo
658 1684 759 1747 iructu
779 1685 819 1746 sii
840 1681 1008 1749 tractanda.

216 1862 451 1930 Goniatatio
472 1885 622 1936 uorum,
651 1885 750 1946 quse
771 1884 839 1946 pro
860 1864 1078 1927 sacrificio

540 1949 761 2013 traduntur

265 2100 305 2166 tat
331 2100 411 2165 hauc
439 2120 546 2165 eorum
582 2102 765 2184 sapientiam
796 2120 889 2182 snper
916 2099 1113 2167 cucurristis

181 2184 299 2263 spirant
319 2202 427 2249 omues
449 2204 554 2246 eorum
577 2185 818 2267 disputationes,
841 2202 1016 2262 sermones,
1041 2202 1110 2247 cau·

181 2266 243 2327 tion
265 2273 295 2329 st
318 2266 465 2347 quidquid
486 2267 526 2329 de
548 2268 607 2331 lino
629 2289 661 2331 re
690 2275 831 2330 tractant.
876 2267 978 2329 Verba
1001 2286 1111 2331 eonse-

181 2348 326 2411 crationis
358 2358 488 2425 vocant,
518 2371 581 2413 non
613 2351 705 2417 verba
740 2353 924 2417 testamenti.
982 2351 1023 2413 nt
1060 2350 1112 2413 hio

180 2429 286 2495 videas
310 2433 420 2497 sudare
442 2433 553 2496 heroas
575 2434 653 2498 istos
674 2435 832 2513 metudio,
854 2444 886 2495 ut
901 2433 1034 2515 probent
1057 2435 1109 2497 mi-

179 2513 289 2577 rabilia
315 2515 402 2583 istius
431 2519 689 2595 consecrationis,
723 2525 755 2578 ut
783 2520 872 2599 panis
903 2525 1111 2592 transeatur

180 2595 235 2658 liat
256 2598 346 2681 nihil,
379 2607 412 2660 ut
434 2619 548 2680 corpus
570 2600 681 2663 Christi
712 2601 768 2662 sub
797 2620 878 2683 pane
904 2619 973 2665 esse
995 2601 1108 2681 possit.

179 2679 312 2747 uantum
334 2689 381 2749 est
402 2682 561 2749 Aristoteli
576 2689 697 2749 mortuo
722 2691 752 2744 et
773 2703 848 2746 suae
872 2683 1029 2764 gloriosas
1043 2684 1109 2764 plri-

179 2763 342 2846 losophiae
363 2766 532 2847 negotium,
555 2773 588 2828 ut
609 2767 659 2834 hio
681 2768 745 2828 sins
767 2768 902 2831 infernus
923 2766 1019 2829 videri
1035 2787 1108 2848 pos·

178 2848 225 2915 sit.
269 2847 411 2915 ueterum
443 2856 477 2913 ut
498 2849 575 2915 fides
603 2858 633 2914 st
655 2858 872 2915 testamentum
899 2849 1016 2930 populo
1040 2857 1102 2912 trs·

180 2929 278 3011 dctus,
301 2937 418 2996 tartum
440 2931 537 3009 abest,
560 2932 779 3015 utaliquando
803 2935 951 3016 cogitent,
976 2942 1008 2993 ut
1031 2933 1108 2997 nihil

181 3031 281 3097 saque
302 3014 489 3085 haereticum
524 3016 656 3095 ducant,
686 3023 778 3096 alque
800 3018 825 3079 si
850 3016 1109 3097 pestilentissimis

180 3115 286 3163 sarum
317 3098 406 3178 nugis
433 3101 619 3180 contemptis
649 3098 741 3164 tidem
771 3109 803 3163 et
830 3105 1049 3161 testamentum
1077 3102 1108 3163 in

103 3190 107 3197 ’
178 3178 238 3243 hcc
268 3198 304 3242 rs
331 3200 469 3261 quadrus.
519 3182 630 3247 Exstat
661 3183 790 3247 historia
824 3185 964 3263 eorporis
994 3183 1108 3247 Christi

178 3263 223 3322 sic
244 3264 331 3323 tortis
353 3263 590 3346 dsprsvatisque
612 3264 774 3346 scripturis
801 3273 942 3343 consuta,
967 3276 998 3325 ut
1022 3266 1106 3329 uide-

178 3354 247 3407 atur
268 3364 286 3406 s
309 3364 429 3409 summo
452 3347 509 3411 Dei
533 3348 623 3412 hoste
645 3348 789 3429 conflata,
813 3351 870 3411 nisi
892 3350 953 3410 sint
976 3350 1106 3413 alicuius

179 3426 348 3506 phrenetici
381 3435 435 3493 aut
456 3432 604 3512 arreptitii
632 3434 763 3495 somnia.
805 3431 851 3496 Ibi
875 3432 1107 3497 Melchisedech

72 3581 81 3600 Ι
178 3509 355 3590 producitur
388 3533 500 3594 ponem
537 3523 568 3576 et
597 3516 700 3577 vinum
734 3515 889 3596 offerens,
926 3517 1106 3595 producitur

177 3591 296 3657 hoedus
327 3595 459 3661 fluorum
481 3597 577 3661 Israel
611 3599 804 3680 immolatus,
829 3602 915 3679 panis
938 3599 1104 3663 subcineri-

178 3676 242 3741 sius
263 3676 361 3756 ulios,
384 3698 492 3745 carues
513 3680 579 3759 iob,
601 3701 715 3745 manna
728 3683 860 3758 Patrono,
884 3683 973 3753 isaac
995 3683 1105 3745 immn-

177 3758 274 3846 lstus,
300 3767 332 3824 ot
359 3760 432 3849 quid
459 3764 548 3833 uoni
591 3764 676 3833 Haec
712 3767 816 3833 omnia
845 3775 915 3834 suut
944 3764 1028 3835 betto
1056 3768 1106 3837 isti
