2392 4170
384 234 437 294 Per
454 234 604 310 Magistros
622 233 802 297 Parisieosos.
1019 241 1061 307 46

136 406 207 469 Hoo
226 417 275 469 est
294 409 426 491 (inquit)
451 429 520 474 meo
538 410 652 472 iuditio
665 412 856 472 eonsuetndo
879 411 1062 494 desperandi

136 497 168 551 et
189 489 313 553 odiendi
335 493 447 573 Deum,
471 496 496 554 si
519 495 699 555 exoiudatur
720 495 829 574 gratia.
931 551 934 557 ,

220 574 371 638 ludioium
393 577 514 638 Lutheri
526 577 566 639 de
587 578 640 639 iiio
657 577 739 638 dioto
754 579 932 658 Augustini:
955 578 1062 640 Bonus

136 666 184 717 est
205 659 297 719 timor
317 671 375 724 eto.
400 670 447 721 est
467 661 594 738 falsum,
616 662 809 721 temerarium
821 707 831 741 ‚
866 669 897 722 ει
922 662 1060 744 impium,

135 743 318 821 aooipiendo
348 746 496 824 gratiam,
526 757 558 804 ut
587 762 694 824 supra,
728 763 784 824 pro
812 747 911 824 gratia
940 753 1060 826 gratum

134 824 278 903 faciente,
300 831 379 888 siout
400 847 467 888 eam
490 829 603 908 aooipit
624 829 771 909 Soriptor.

222 925 277 1001 10)
301 927 333 988 Si
356 928 506 988 lohannes
530 926 647 990 soilioet
671 928 811 1009 Baptista
844 930 983 990 timorem
1007 930 1059 990 do·

135 1009 250 1069 ouisaet
273 1029 342 1071 esse
364 1012 481 1072 initium
496 1012 722 1091 poenitentiae,
746 1029 808 1072 non
831 1012 901 1073 ideo
925 1013 1061 1090 sequitur

135 1095 357 1171 poenitentiam
380 1096 517 1175 incipere
539 1114 558 1155 a
579 1096 700 1157 timore.

137 1246 140 1251 ⁴
219 1176 304 1238 Haeo
324 1179 497 1259 Propositio
521 1186 567 1238 est
583 1178 741 1238 manifeste
764 1197 904 1258 erronea,
926 1180 958 1238 in
976 1179 1060 1240 Chri·

135 1267 214 1318 stum
238 1269 270 1321 ει
290 1263 466 1343 inspiratam
483 1261 693 1322 Praeoursoris
716 1264 781 1323 eius
797 1261 968 1323 doctrinam
989 1280 1060 1325 oon-

134 1343 307 1408 turneliosa.
391 1345 394 1349 ’

413 1516 476 1581 Ds
499 1516 776 1582 ooniossions.

167 1706 172 1713 -
222 1671 258 1745 1)
280 1669 339 1729 Ars
362 1669 546 1748 eonfitendi,
575 1690 635 1750 qna
661 1671 820 1750 hueusque
849 1668 932 1730 dooti
954 1688 1059 1731 sumus

134 1771 259 1812 arenam
277 1773 446 1832 numerare,
460 1755 582 1834 singnis
590 1763 720 1834 peecata
737 1753 899 1832 discutere,
913 1753 1059 1834 colligere

133 1842 226 1916 atque
253 1838 443 1917 ponderare,
477 1844 516 1896 ad
550 1837 722 1898 faciendam
752 1837 985 1915 contritionem,
1013 1847 1061 1897 est

134 1938 184 1979 ars
207 1920 330 2000 inutilis,
352 1923 415 1981 imo
437 1939 487 1980 ars
510 1921 692 2002 desperandi
714 1927 746 1981 et
760 1917 908 2001 perdendi
930 1921 1059 1982 animas.

217 2001 301 2069 Haeo
324 2004 500 2084 Propositio
528 2015 574 2064 εει
596 2005 692 2084 salsa,
720 2005 831 2084 impia,
855 2003 1060 2082 sohismatioa,

133 2096 164 2145 et
184 2086 384 2166 ,ooniesaioni
407 2087 545 2166 quaeest
566 2107 615 2149 ars
631 2086 769 2148 loorandi
791 2089 919 2165 animas,
941 2087 1059 2148 iniuria.

196 2171 233 2244 2)
251 2168 412 2230 Confessio
420 2170 656 2251 ilia,quaenuno
668 2171 898 2252 agiturooouIte
905 2172 935 2229 in
943 2189 1059 2250 aurem,

134 2253 218 2313 nullo
250 2261 354 2333 potest
386 2255 489 2315 divino
528 2256 594 2316 iure
632 2256 771 2336 probari,
805 2272 863 2314 neo
893 2255 936 2315 ita
964 2252 1059 2315 fiebat

155 2336 282 2398 rimitus.

133 2356 152 2417 p
218 2418 314 2480 Huius
336 2420 559 2502 Propositionis
580 2423 679 2501 prima
695 2440 767 2502 pars
789 2429 837 2483 est
857 2421 944 2497 isias,
967 2429 1059 2482 etex

132 2503 307 2583 ignorantia
329 2507 400 2564 iuria
413 2504 507 2564 divini
527 2512 655 2583 asserta,
675 2503 814 2565 seonnda
832 2512 880 2564 εει
898 2507 1059 2565 temerarie

157 2588 248 2648 osita.

134 2605 154 2667 p
218 2671 256 2752 3)
280 2671 452 2751 Spiritualia
470 2670 608 2732 defectus
631 2680 677 2732 εει
699 2671 757 2732 soli
772 2670 840 2732 Deo
863 2671 1057 2750 aperiendus.

214 2777 251 2851 4)
276 2775 307 2837 Si
338 2784 461 2857 oportet
489 2777 628 2837 eonfiteri
655 2777 776 2839 ooouita
797 2775 918 2855 sordis,
942 2783 1058 2836 tantum
1172 2845 1175 2852 ¹

132 2866 195 2939 ea‚'
212 2878 291 2939 quae
319 2861 402 2941 pieni
430 2869 502 2921 sunt
533 2878 702 2922 consensus
736 2862 765 2920 in
799 2878 895 2942 opus,
917 2859 1059 2920 homines

132 2941 247 3004 debent
269 2942 417 3009 confiteri.

215 3046 253 3131 ὁ)
277 3049 408 3110 Peooata
432 3059 539 3111 eontra
561 3052 622 3112 duo
645 3050 754 3111 ultima
773 3057 941 3131 praecepta
962 3050 1058 3111 Deca-

132 3132 196 3213 Iogi
214 3135 380 3193 commissa
395 3142 465 3194 sont
479 3153 602 3214 prorsus
620 3135 846 3195 aoontessione
860 3133 1058 3198 seoludenda.

213 3214 380 3291 Quaelibet
414 3218 520 3278 harum
556 3219 645 3279 trium
675 3217 923 3298 Propositionum
952 3227 999 3279 est
1027 3219 1059 3280 in

133 3298 196 3360 fide
220 3309 410 3378 erroneapet
431 3302 523 3381 impie
546 3302 774 3363 confessionem
796 3300 969 3363 dimidians.

215 3385 252 3455 6)
277 3383 369 3445 Nullo
381 3384 474 3445 modo
489 3385 764 3465 praesumathomo
776 3383 916 3447 confiteri
928 3393 1059 3466 peooata

133 3468 277 3531 venialia.

159 3608 161 3613 ·
215 3574 301 3636 Haeo
335 3574 505 3656 dissuasio,
538 3577 668 3636 innuens
697 3575 955 3656 praesumptionis
991 3594 1061 3638 esse

132 3656 271 3719 eonfiteri
294 3666 424 3740 pensata
453 3660 601 3739 venialia,
625 3666 672 3718 est
693 3660 844 3719 temerarii
866 3660 960 3720 animi
981 3660 1059 3721 indi-

132 3743 243 3821 sativa,
266 3742 305 3804 ab
328 3760 425 3826 opere
447 3741 530 3805 bono
543 3745 716 3825 retraotiva,
737 3752 768 3804 et
787 3742 859 3806 ideo
873 3745 1058 3826 pernioiosa.
