2392 4170
40 263 95 339 3¹2
122 354 126 363 Ι
147 262 210 330 886
353 261 459 320 Contra
475 260 623 319 Benacum
640 276 734 332 regen
751 258 875 332 unguas

150 427 282 492 triennio
305 446 368 490 nou
390 432 438 490 est
458 427 700 504 inventusnnus,
723 426 775 506 qui
797 423 836 487 ad
858 423 1075 487 uosVuittsrn·

152 512 277 593 bergam
315 507 502 572 concederet
537 518 568 572 st
598 530 703 573 noram
729 507 820 571 nobis
850 510 943 570 etiarn
968 512 1075 586 staret,

150 614 220 656 cnm
243 600 274 654 et
296 593 456 655 certissimi
480 595 540 654 sint
563 593 601 655 de
622 592 683 654 tide
704 598 736 654 et
747 592 843 654 tutela
867 589 1000 674 (nempe
1018 589 1076 651 sub

149 676 291 741 Caesaris
314 677 361 737 sui
382 676 536 757 praesidio
558 677 653 738 acturi
677 677 812 757 omnia),
839 674 940 737 adhuc
959 673 1078 735 audent

148 761 292 822 homines
314 755 503 823 effoeminati
525 758 557 820 e't
579 758 729 821 excordes
742 776 866 840 sperare
878 755 1078 838 triumphum,

149 863 219 906 mea
239 840 313 924 fuga
333 843 543 905 foedissimam
564 862 650 905 snam
660 843 861 925 ignominiam
873 841 1078 919 honestaturi,

149 945 210 1008 qna
239 935 304 987 toto
333 925 408 988 orbe
436 924 645 1004 celebrantur,
680 945 749 987 sese
783 944 858 1007 prae
885 923 1018 986 ruditate
1047 930 1080 984 et

149 1029 266 1091 pavore
289 1009 382 1070 animi
404 1028 465 1071 non
490 1009 604 1071 andere
632 1011 662 1070 in
685 1015 885 1090 conspectum
907 1008 999 1069 unius
1022 1006 1078 1068 Lu·

149 1092 226 1155 theri
246 1093 380 1173 prodire.
423 1091 503 1167 Quid
525 1100 615 1173 putas
637 1093 696 1154 hae
722 1092 845 1173 fragiles
867 1091 975 1152 Bullae
996 1089 1078 1152 face

149 1181 226 1255 rent,
247 1176 274 1236 si
296 1183 327 1236 et
347 1177 405 1256 ipsi
424 1184 607 1257 cogerentur
629 1195 731 1237 coram
741 1175 773 1259 1)
797 1174 975 1237 adversario
998 1172 1078 1235 Gaa-

149 1279 218 1321 sare
244 1265 275 1320 et
302 1259 440 1319 hostibus
467 1257 713 1340 praevalentibus
742 1257 871 1320 sistere?
893 1257 1020 1321 Scilicet
1047 1259 1078 1319 in

149 1340 233 1403 mille
254 1340 434 1404 diverticula
454 1339 595 1424 fugerent
616 1343 728 1420 miseri,
757 1343 807 1422 qni
836 1360 918 1403 uune
939 1341 971 1401 in
995 1342 1078 1403 cuni·

149 1426 226 1487 culis
248 1427 311 1486 suis
325 1427 405 1487 sicut
418 1426 533 1487 sorices
547 1427 722 1486 mussitent:
744 1425 890 1487 Lutherus
912 1423 1080 1487 meditetur

149 1509 180 1569 fn
222 1527 262 1570 m.
748 1506 751 1511 ’

181 1526 285 1654 gaSic
306 1599 337 1653 et
359 1593 426 1653 Rex
441 1591 574 1672 Angites
595 1590 656 1654 hoc
678 1590 756 1652 libro
778 1591 873 1653 multa
894 1591 994 1652 saliva
1017 1590 1078 1652 bia

150 1673 267 1749 terat²)
311 1671 349 1735 de
383 1675 455 1755 luga
483 1693 551 1736 mea
580 1676 610 1735 in
639 1675 809 1756 Boemiam,
837 1675 931 1736 homo
954 1675 1079 1756 sapiens

44 1824 49 1831 ,
150 1756 278 1834 scilicet,
300 1760 351 1839 qni
373 1756 470 1818 credit
491 1757 561 1819 ideo
596 1777 683 1818 snum
714 1756 821 1819 librum
843 1776 913 1819 esse
934 1758 1077 1820 victorio·

44 1838 49 1855 ''
151 1860 217 1902 sum
239 1847 271 1902 et
292 1840 385 1923 digne
406 1841 563 1922 scriptum,
593 1843 619 1901 si
647 1840 686 1902 ad
709 1841 843 1903 Boemos
865 1840 1077 1903 Lntherus'lu-

150 1925 239 2006 gerit,
260 1929 321 1985 tam
344 1943 454 1987 vecors
477 1927 509 1986 sl
530 1924 686 1986 muliebris
714 1931 762 1986 est
787 1923 890 1986 stolidi
913 1923 1007 2006 Regis
1030 1924 1078 1985 in·

150 2006 242 2070 vidia.
1058 2044 1061 2049 -

234 2088 304 2177 ligp
335 2109 409 2152 vero
438 2090 578 2170 quamvis
607 2088 715 2151 ardeat
735 2088 855 2151 animus
876 2089 983 2152 videre
1006 2090 1079 2154 Boe-

150 2174 242 2234 miam
265 2179 296 2233 et
309 2172 489 2255 religionem
506 2174 664 2254 papisticis
687 2175 831 2235 monstris
853 2182 914 2234 tam
929 2173 1078 2251 odiosam,

152 2266 256 2318 tamen
279 2256 427 2318 hactenus
442 2255 576 2318 abstinui
597 2262 629 2317 et
640 2256 812 2336 abstinebo,
835 2274 897 2318 non
921 2256 1005 2337 qnod
1028 2276 1078 2338 op·

149 2339 305 2422 probrinm
320 2341 451 2402 nominis
464 2348 609 2417 metuam,
633 2340 715 2421 quod
727 2339 947 2402 celeberrimae
962 2342 1078 2403 nationi

153 2422 302 2483 vilissima
324 2424 482 2484 hominum
505 2424 586 2500 faex,
608 2422 761 2505 Papistae,
785 2444 853 2484 cum
872 2444 992 2485 summa
1014 2443 1079 2507 per·

150 2504 223 2567 fidia
251 2515 282 2566 et
312 2507 421 2567 iniuria
447 2508 632 2568 inusserunt.
686 2506 764 2568 Num
791 2508 959 2569 iustissima
987 2526 1078 2569 causa

149 2589 257 2651 Boemi
279 2589 450 2651 homicidas
477 2590 553 2652 istos
587 2597 616 2652 et
638 2589 843 2653 Antichristos
865 2589 1008 2672 Papistas
1029 2588 1078 2652 de·

150 2679 325 2750 seruerunt,
361 2680 524 2754 postquam
552 2675 747 2735 innocentem
778 2675 874 2735 virum
904 2673 1076 2737 iohannem

150 2754 230 2815 liuss
252 2756 310 2836 ipsi
333 2758 447 2836 septica
469 2755 615 2818 haeretici
645 2764 836 2837 exusserunt,
867 2763 899 2818 et
920 2766 1078 2838 utramque

148 2838 283 2982 ffeciem
307 2857 326 2899 a
347 2837 469 2900 Christo
491 2842 658 2901 institutam
680 2840 830 2922 sacrilege
848 2840 1077 2903 damnaverunt.

77 2930 79 2934 “
178 2940 216 2982 ae
238 2922 318 2982 enim
343 2921 451 3000 sanct)
478 2943 589 2985 causae
612 2924 673 2986 odii
695 2924 836 3006 papistici
857 2925 887 2984 in
905 2924 987 2986 hanc
1008 2944 1078 3006 gen·

149 3010 222 3083 tem,
244 3022 302 3066 nec
323 3004 488 3084 aliqnando
511 3015 696 3090 purpuratae
717 3008 804 3068 istius
816 3008 986 3068 meretricia
1009 3027 1077 3090 spn-

149 3088 185 3147 rii
208 3093 382 3169 agnoscunt
414 3088 509 3150 lerele
538 3110 626 3152 suum
659 3089 857 3152 homidicium
891 3097 922 3151 et
945 3091 1080 3154 damnati

150 3168 310 3252 Evangelii
332 3173 545 3253 sacrilegium,
573 3176 645 3254 qnin
679 3181 812 3255 pergunt
834 3173 969 3235 furorem
993 3195 1079 3238 suum

149 3253 228 3315 tueri
259 3262 290 3314 et
312 3255 520 3337 opprobrium,
549 3276 610 3338 quo
643 3258 702 3338 ipsi
725 3276 830 3320 coram
853 3256 919 3318 Deo
943 3260 1079 3341 insignes

150 3341 231 3415 sunt,
253 3335 374 3398 alienae
397 3348 427 3399 et
448 3340 603 3401 innocenti
627 3341 743 3401 nationi
767 3343 935 3423 imponere.

233 3417 302 3480 Non
325 3438 399 3500 ergo
423 3421 622 3503 opprobrium
646 3421 781 3485 Boemici
804 3425 937 3485 nominis
965 3432 1079 3501 metuo,

151 3516 231 3579 quae
256 3501 424 3581 gloriaest
446 3523 550 3566 coram
575 3506 651 3585 Deo,
681 3507 737 3568 ssd
765 3507 847 3588 qnod
871 3507 1009 3569 Christus
1031 3526 1079 3570 me

149 3581 199 3642 llic
219 3585 332 3666 posuit,
356 3593 389 3646 nt
400 3592 560 3667 torqueam
571 3590 723 3670 papistica
736 3598 883 3668 monstra,
911 3591 984 3652 dnm
1006 3588 1080 3653 nihil

149 3683 360 3697 ‘Um—-

203 3719 219 3775 1
256 3719 286 3773 ln
307 3718 351 3775 ad.
370 3721 441 3778 leun
460 3739 492 3780 se
510 3739 614 3779 coram.
666 3728 696 3796 2)
715 3727 746 3781 ln
764 3727 808 3783 ed.
827 3727 914 3799 orig:
933 3727 1078 3784 blacta-at.

202 3794 219 3855 ³
258 3793 289 3852 lu
308 3790 356 3853 etl.
373 3792 447 3866 orig.
463 3792 569 3853 deusta.
585 3802 658 3853 stant.
