2392 4170
414 240 469 302 Per
485 240 634 317 Magistros
650 238 830 302 Parisiensst.
1048 237 1089 312 35

166 408 273 487 Arius,
297 414 478 469 senescente
507 426 580 467 vero
603 407 731 486 eadem,
754 413 785 467 et
806 408 899 489 paulo
921 413 993 469 ants
1016 416 1089 468 tem·

164 508 249 571 pora·
262 497 381 568 nostra,
403 490 514 566 Valdo,
538 491 672 552 Vuicleff
689 499 720 551 et
741 489 895 553 lohannes
917 490 1008 551 lluss.

247 572 314 634 llac
335 575 427 634 etiam
450 578 633 655 tempestate
663 574 700 634 de
728 576 876 653 progenie
897 573 950 635 illa
972 576 1090 655 vipera·

162 669 232 717 rum
252 657 370 717 suborti
392 663 473 735 sunt,
495 657 684 736 prohdolor,
708 656 761 717 lilii
784 676 927 736 nequam,
951 659 1000 737 qui
1022 677 1088 738 spe-

163 741 269 801 ciosae
290 741 395 800 matris
418 758 479 800 non
502 738 641 800 habentis
672 741 822 800 maculam
857 759 958 819 neque
980 759 1087 820 rugam

163 823 286 884 unionis
318 822 472 883 vinculum
506 821 701 883 schismatica
728 820 898 883 discindere
929 834 1087 901 conantur,

164 924 237 967 vere
257 905 374 967 similes
397 905 553 986 viperulis.
599 905 640 968 Ut
669 907 749 967 enim
774 905 846 967 illae
869 909 1001 967 corrosis
1025 926 1086 967 ma·

162 998 241 1049 aum
264 987 431 1050 visceribus
454 1006 517 1049 non
539 995 664 1066 exeunt,
686 990 862 1069 priusquam
886 990 1088 1051 easextinxe·

161 1075 232 1153 rint,
251 1073 295 1133 ita
316 1073 346 1132 hi
367 1079 525 1152 parentem
549 1072 711 1133 ecclesiam
735 1074 850 1134 exitiali
868 1092 994 1134 suornm
1013 1072 1087 1157 dog-

162 1164 277 1217 matum
300 1155 515 1236 pestilentique
536 1173 667 1235 veneno,
693 1155 851 1236 multiplici
874 1175 1022 1216 novarum
1045 1158 1088 1216 in·

162 1240 340 1301 ventionnm
362 1237 491 1316 foetura,
513 1236 585 1299 dum
605 1238 863 1299 iuvarevidentur
884 1245 915 1299 et
938 1241 1085 1318 venerari,

164 1322 257 1405 (licet
277 1319 576 1404 inexstinguibilem)
600 1323 701 1403 potius
736 1331 857 1401 tamen,
887 1324 1087 1402 quantumin
1148 1317 1151 1323 ’

163 1427 197 1466 se
219 1414 289 1483 est,
311 1407 511 1486 interimunt,
534 1423 597 1464 non
630 1405 781 1484 ferentes,
805 1424 873 1465 cum
896 1407 953 1485 ipsi
975 1408 1036 1464 sint
1057 1413 1088 1466 et

162 1489 293 1550 ancillae
324 1488 377 1548 lilii
412 1493 443 1548 et
477 1487 642 1570 illegitimi,
678 1489 741 1548 imo
771 1487 884 1549 diaboli
922 1489 1088 1567 genimina,

163 1573 268 1634 matris
289 1572 441 1631 ecclesiae
464 1569 575 1631 liberos
599 1570 814 1652 legitimosque
836 1570 927 1648 filios,
951 1572 1009 1632 nisi
1032 1588 1087 1631 eos

162 1658 226 1716 suis
249 1655 400 1735 pestiferis
417 1654 564 1715 doctrinis
581 1653 728 1728 inliciant,
751 1660 782 1715 et
802 1656 963 1715 venenatis
981 1653 1087 1714 iaculis

163 1745 398 1818 contorqueant,
420 1742 598 1817 satagentes
612 1738 746 1817 speciem
769 1739 873 1797 matris
893 1755 930 1797 ac
942 1737 1086 1798 decorem

161 1831 312 1884 temerare
334 1828 365 1881 et
386 1822 606 1884 contaminare.
633 1819 725 1880 Cuius
737 1825 841 1881 tamen
858 1819 952 1881 iacies
966 1839 1087 1900 semper

162 1914 210 1966 est
228 1912 262 1966 et
282 1905 341 1965 erit
373 1905 538 1984 gratiarum
585 1903 658 1964 lena
691 1902 1018 1984 splendidissimusque
1039 1921 1085 1964 or·

162 1995 261 2055 natan
309 1985 383 2068 lpse
412 1987 493 2048 enim
522 1922 615 2049 vellrti
648 1989 755 2068 regina
782 2006 801 2047 a
833 1986 949 2048 dextris
979 1989 1086 2068 sponsi

161 2074 208 2134 sui
232 2074 260 2133 in
282 2071 393 2132 vestitu
416 2077 496 2131 astet
517 2068 688 2149 deaurato,
715 2069 904 2131 circumdata
938 2073 1088 2130 varietate
1126 2070 1130 2075 '

161 2157 281 2237 legum
304 2155 560 2229 ceremoniarum,
582 2160 863 2230 sacramentorum,
887 2163 917 2214 et
935 2153 1086 2215 bonorum

161 2241 297 2302 omnium
321 2237 360 2298 ad
384 2247 577 2318 praesentem
592 2239 684 2298 vitam
699 2237 891 2316 futuramque
914 2237 1085 2298 conducen-

161 2325 248 2385 tium.
289 2320 370 2382 Hinc
403 2319 564 2380 virulentis
591 2321 654 2380 suis
680 2321 802 2400 scriptis
831 2328 862 2380 et
891 2320 1085 2381 sermonibus

159 2406 244 2468 illem
268 2404 403 2466 lacerare
424 2422 486 2465 nnn
504 2410 637 2484 cessant,
659 2411 690 2464 et
713 2422 770 2484 pro
793 2402 905 2464 viribus
924 2403 1087 2485 deturpare

161 2497 230 2550 sata
253 2494 317 2550 unt.
1073 2496 1075 2503 ’

230 2508 326 2633 gluten
346 2588 424 2650 quos
447 2587 524 2630 unns
552 2569 601 2629 vel
622 2570 805 2649 praecipuus
837 2570 941 2629 existit
963 2569 1086 2648 quidam

161 2656 311 2717 Martinus
332 2652 460 2734 Luther,
483 2659 630 2732 quantum
655 2671 694 2712 ex
723 2653 842 2733 scriptis
867 2651 1084 2732 compluribus,

160 2741 225 2799 eins
249 2739 374 2799 nomine
395 2735 569 2815 divulgatis,
587 2737 767 2796 coniectare
785 2736 865 2813 licet,
887 2735 912 2794 si
935 2734 1028 2794 modo
1051 2737 1087 2795 ti·

160 2823 224 2889 tulo
246 2819 436 2882 credendum
465 2827 521 2884 est.
564 2816 635 2900 lpse
668 2819 750 2878 enim
783 2819 1085 2900 praenominatorum

159 2907 384 2967 haereticorum
408 2902 555 2985 dogmata
580 2903 694 2980 (instar
704 2902 960 2982 praevaricatoris
983 2901 1085 2982 Ahiel,

160 2991 327 3072 quicontra
339 2985 432 3049 Iosus
444 2987 695 3067 imprecationem
706 2981 1086 3067 reaedificavitHiericho)

159 3076 332 3135 instaurare
352 3068 473 3151 studet,
498 3075 530 3130 et
550 3085 633 3130 nore
654 3067 853 3149 contingere,
881 3070 932 3148 qui
955 3086 1023 3128 cnm
1047 3067 1086 3129 ad

160 3157 357 3219 sobrietatem
368 3171 476 3234 sapere
491 3154 615 3213 minime
637 3151 785 3232 didicerit,
801 3151 869 3232 plns
885 3169 964 3211 nnus
977 3170 1087 3231 sapere

159 3240 337 3322 praesumit,
360 3255 452 3316 quam
476 3237 569 3297 ceteri
591 3254 710 3312 omnes,
733 3237 837 3314 quiin
860 3234 993 3296 eeclesia
1014 3241 1086 3295 sunt

158 3331 213 3385 aut
232 3325 364 3387 luerunt,
407 3319 550 3382 Omnium
568 3338 679 3400 nempe
694 3315 954 3398 universitatnml)
966 3316 1083 3381 scholis

157 3427 246 3468 suum
268 3425 361 3467 ausus
384 3413 431 3464 est
442 3402 596 3484 praeferre
605 3401 761 3481 iudicium,
772 3403 940 3483 priscorum
960 3418 1085 3481 quoqne

159 3491 214 3552 vel-
235 3496 413 3552 sanctorum
440 3487 609 3548 Doctorum
637 3486 788 3547 ecclesiae
819 3485 986 3545 sententias
1009 3500 1084 3545 con-

121 3590 142 3622 t
160 3575 277 3654 temnit,
301 3580 341 3652 et,
362 3579 395 3631 ut
416 3569 455 3633 ad
477 3571 642 3652 impietatis
664 3568 817 3631 cumulum
849 3566 961 3648 addat,
983 3580 1085 3629 sacro·

233 3765 259 3832 t)
280 3763 310 3818 ln
329 3761 372 3817 ed.
395 3758 479 3829 origc
499 3747 743 3814 Universitatuurn.
829 3823 874 3891 3.
