2392 4170
320 201 421 262 estol.
441 209 469 262 et
486 203 568 262 sacri.
600 203 729 265 Serbona
748 206 879 267 damnati.
1022 209 1063 275 87

137 386 206 429 cnm
241 365 373 430 Bedellis
405 373 436 431 et
468 369 599 450 sceptris
632 371 899 454 praecedentibus.
949 372 989 435 Elt
1020 374 1064 436 sic
1180 446 1182 450 ,

135 453 195 514 ista
220 449 290 513 'duo
318 449 417 532 prime
449 453 538 533 signa
569 462 640 515 sunt
667 454 803 536 gloriose
838 455 1001 536 discussa,
1033 464 1063 519 et

137 541 240 596 manet
261 535 343 596 elma
364 535 508 598 Facultas
530 538 560 596 in
582 537 701 600 honore
722 558 789 600 suo.

119 641 123 648 ‘
216 635 319 696 Tertio
343 637 434 698 etiam
454 633 618 717 Scriptnris
642 645 726 699 mota
739 646 787 701 est
808 641 891 701 alma
904 641 1060 721 Facultas,

134 719 208 781 licet
230 737 291 779 non
314 720 473 800 explicite,
496 727 598 782 tamen
622 721 777 803 implicite.
823 723 956 798 Quando
979 726 1060 786 enim

134 802 216 864 alma
239 802 382 863 Facultes
409 801 502 880 dixit,
532 804 614 883 quod
641 805 692 866 lex
723 806 760 866 de
790 824 853 867 non
878 807 1061 870 vindicando

136 890 218 948 esset
239 886 400 946 onerativa
421 886 498 967 legis
520 886 729 966 Christianae,
758 889 909 969 implicite
930 890 1061 955 adduxit

134 969 218 1030 illam
252 970 454 1048 scripturam,
490 969 586 1055 Psal.⁴
614 973 648 1034 2:
688 972 903 1053 Dirnmpsmus
937 973 1062 1035 vincula

135 1070 261 1128 eorum,
289 1058 320 1111 et
342 1053 539 1132 proiiciamus
561 1073 580 1113 a
602 1053 691 1117 nobis
718 1056 823 1134 iugum
856 1075 963 1118 eorum
988 1058 1060 1134 (sci-

134 1134 206 1196 licet
227 1134 284 1195 Dei
307 1142 338 1195 et
359 1135 406 1196 s‘ui
429 1132 573 1212 Christi).
597 1137 673 1197 Item
695 1136 769 1198 illud
791 1137 864 1203 Luc.
888 1142 942 1205 19:
964 1139 1057 1202 Nolu-

134 1238 202 1279 mus
223 1216 305 1278 hunc
327 1235 457 1298 regnare
484 1237 576 1299 super
603 1238 676 1298 nos,
700 1220 830 1282 oderent
862 1223 942 1282 enim
977 1225 1078 1293 cives>

133 1300 214 1363 illius
243 1297 324 1364 eum.
367 1300 407 1361 Et
434 1300 507 1362 illud
531 1300 697 1364 Ieremiee:
732 1303 771 1364 Et
797 1304 880 1384 qnod
914 1314 961 1366 est
982 1322 1060 1367 onns
1149 1366 1151 1370 ,

133 1383 219 1447 verbi
241 1383 386 1445 Domini?
428 1384 468 1445 Et
489 1385 563 1445 illud
585 1385 655 1448 lob:
679 1387 792 1447 Dicunt
812 1388 890 1465 Deo,
911 1389 1061 1450 recedes

134 1468 234 1548 nobis,
256 1468 415 1528 scientiam
438 1469 553 1528 viarum
576 1475 696 1530 tuarum
719 1470 872 1549 uolumus,
896 1478 927 1531 et
950 1471 1060 1532 multas

56 1564 58 1568 ’
86 1560 90 1564 “
134 1549 258 1629 similes.
303 1551 351 1611 Ex
373 1551 483 1630 quibus
504 1557 598 1632 patet,
623 1551 705 1632 qnod
729 1552 811 1613 alma
833 1553 975 1615 Facultes
997 1573 1060 1622 non

134 1635 234 1696 solum
271 1634 406 1695 servavit
438 1634 567 1695 formem
603 1637 836 1715 apostolorum,
870 1637 924 1698 sed
964 1637 1059 1699 multo

133 1718 201 1799 plns
225 1718 307 1780 fecit.
349 1717 395 1778 Illi
426 1717 506 1778 enim
540 1717 693 1778 modicum
723 1719 910 1800 Scripturam
941 1720 1058 1800 ellege-

133 1809 241 1862 vernnl
265 1800 424 1881 explicite,
454 1800 571 1861 scilieet
600 1821 690 1862 unam
725 1803 822 1863 solam
853 1805 1058 1879 autoritatem,

133 1885 215 1945 alma
244 1902 317 1955 vero
340 1883 482 1944 Facultas
495 1931 504 1965 ,
532 1883 604 1944 licet
632 1884 797 1964 implicite,
832 1888 919 1964 qnasi
950 1904 1057 1947 omnes

132 1967 323 2048 Prophetas,
357 1978 486 2046 qnorum
509 1966 635 2028 verbnm
663 1967 720 2027 tuit
741 1987 905 2029 onerosum
928 1968 1059 2030 Iudaeis.

134 2050 191 2111 Est
212 2049 550 2131 etismmagistralius,
584 2050 695 2111 multas
724 2053 888 2131 scripturas
912 2052 1059 2131 implicite

131 2133 269 2214 allegare
297 2151 387 2212 quem
424 2152 514 2193 unam
551 2134 649 2194 solam
687 2134 841 2215 explicite.
886 2135 937 2198 Sic
965 2135 1057 2195 etiam

131 2216 269 2298 pluribus
281 2222 312 2276 et
326 2215 501 2276 melioribus
515 2217 610 2296 signis
627 2218 741 2295 nititur,
759 2219 830 2297 quia
841 2218 1058 2299 apostolorum
1100 2262 1105 2271 .

131 2302 221 2380 signa
250 2301 311 2360 cito
340 2300 524 2358 transierunt
546 2305 576 2359 et
597 2318 698 2378 pauca
718 2301 857 2381 suerunt,
894 2301 949 2363 sed
971 2302 1061 2382 signa

133 2382 234 2444 almae
269 2380 434 2442 Facultatis
469 2388 592 2441 manent
625 2383 781 2461 quotidie,
812 2392 842 2444 et
872 2383 969 2444 multa
990 2391 1061 2443 sunt

132 2464 234 2530 valde.
274 2464 349 2539 Quis
372 2465 452 2525 enim
474 2466 582 2545 posset
603 2484 764 2526 numerare
787 2467 1058 2547 omnialriripipie,

132 2568 212 2628 qnee
239 2549 375 2627 fuerunt,
410 2555 481 2607 sunt
510 2556 540 2607 et
574 2553 662 2608 erunt
692 2549 722 2608 in
759 2547 922 2610 sorbonn?
969 2549 1060 2610 Nunc

132 2634 236 2694 autem
259 2631 333 2692 dicit
354 2631 552 2692 Aristoteles:
577 2630 698 2692 Bonum
721 2637 837 2710 quanto
854 2633 1058 2711 communius,

131 2720 217 2777 tanto
246 2715 386 2775 divinius.
430 2714 470 2774 Elt
505 2715 614 2773 iterum
652 2713 713 2774 alia
749 2714 854 2795 topica
893 2712 1058 2775 notabilis:

131 2796 332 2860 Diuturniora
370 2803 441 2857 sunt
463 2796 599 2858 meliora.
644 2796 726 2877 Ergo
755 2799 844 2878 signa
874 2796 974 2857 almae
1003 2795 1061 2856 Fa·

132 2881 255 2942 cultatis
278 2885 348 2941 sunt
370 2879 498 2964 meliora
519 2879 615 2960 signis
637 2879 857 2958 apostolorum.

216 2997 333 3072 Quarto
368 2997 512 3056 miramur
542 2997 724 3058 caecitatem
764 2999 850 3057 istius
884 2995 1059 3075 arrogantis
1105 2981 1109 2988 ’

132 3081 321 3163 Apologiam
344 3077 523 3152 scribentis,
552 3079 636 3158 quod
657 3098 720 3141 non
742 3079 843 3158 videt,
873 3078 1060 3160 quantisint
1147 3151 1149 3154 Ι

132 3165 245 3244 ubique
267 3162 332 3240 viri,
355 3162 407 3242 qui
429 3162 485 3222 hes
509 3162 609 3224 almae
631 3163 797 3225 Facultatis
819 3163 989 3224 sententies
1010 3181 1057 3222 ze-

131 3249 286 3309 losissime
309 3244 537 3324 commendant,
559 3246 779 3328 praedicando,
802 3245 977 3323 scribendo,
1000 3244 1059 3305 cla·

133 3331 259 3407 mendo,
278 3328 480 3406 criminando,
490 3331 573 3389 etsie
585 3329 768 3411 satagendo,
784 3335 817 3390 ut
833 3328 920 3388 nilllti
934 3329 978 3388 eis
997 3329 1053 3389 irn-

84 3456 91 3464 -
133 3420 268 3494 scantur,
277 3411 489 3496 quasiinsenis
498 3412 838 3493 propterhocsenctnm
849 3411 1059 3474 ministerium.

132 3496 194 3560 Sed
212 3498 284 3578 quia
306 3514 419 3556 caecus
433 3501 491 3571 est,
515 3501 638 3576 oportet
661 3494 689 3556 ei
700 3496 821 3576 aliquos
834 3495 1003 3571 nominere,
1027 3500 1059 3554 nt

131 3582 231 3663 possit
261 3580 398 3662 palpare.
442 3579 558 3640 Primus
593 3585 641 3640 est
679 3579 825 3641 Silvester
860 3576 899 3639 de
931 3577 1057 3654 Prierio,

132 3665 212 3725 seori
246 3664 392 3743 Magister
424 3662 556 3741 Palatii,
587 3668 659 3742 post
688 3663 783 3737 lrnnc¹
800 3662 857 3722 luit
885 3659 1056 3723 Oasdinelis

133 3746 316 3829 Caietanus,
344 3752 375 3806 et
404 3747 510 3806 tertius
539 3751 644 3806 noster
672 3746 800 3806 dilectus
829 3744 988 3825 compater
1009 3742 1055 3802 lo·
