2392 4170
271 263 380 317 Bullam
402 264 484 318 teon.
502 264 536 318 X.
557 263 677 320 damnat.
698 281 722 319 a.
745 263 821 320 152οι
946 261 1009 328 233

82 418 142 477 tire
163 423 193 477 et
215 417 420 496 queruntur1)
446 419 605 499 apostolus
628 425 658 480 et
671 438 778 481 omnes
791 418 904 496 Sancti,
928 427 1009 479 certa

83 507 191 560 contra
217 519 339 564 omnem
352 521 474 562 sensnm
498 509 553 582 est,
577 511 609 563 ut
632 510 719 563 extra
734 504 863 583 gratiam
879 502 1008 582 probum

81 585 133 657 sit,
157 590 187 642 et
209 583 246 642 ad
270 586 428 647 absentem
441 606 474 646 se
497 592 593 666 paret,
616 605 706 666 quam
730 592 922 667 praesentem
945 585 1010 646 odit

82 673 117 726 et
137 669 329 747 persequitur
351 677 409 728 ete.

169 749 303 812 Necesse
323 759 371 812 est
392 771 481 835 ergo,
503 772 588 813 mera
610 753 756 833 figmenta
778 760 809 812 et
830 752 1010 833 hypocrises

82 852 165 908 esse,
189 851 389 915 quaeeunque
413 843 443 895 et
464 835 612 896 docentur
635 836 761 896 attinnt
783 843 853 896 ante
882 837 1009 915 gratiam

83 936 142 997 pro
165 919 262 997 gratia
284 918 488 998 impetranda,
512 921 690 999 praevenire
709 919 789 979 euim
812 937 869 979 nos
883 937 1010 978 necesse

83 1006 134 1059 est
155 1001 366 1061 misericordia
393 1003 458 1073 Dei,
483 1012 514 1061 ut
536 1003 671 1062 velimus.
715 1002 800 1062 Siout
822 1009 852 1062 et
868 1001 1010 1080 Augusti·

82 1102 142 1143 nus
157 1090 265 1143 eontra
277 1085 430 1164 Epistolas
443 1085 545 1165 Pelag.
562 1086 649 1145 dioit:
673 1085 761 1160 Quod
775 1084 913 1145 nolentes
929 1085 1010 1144 Deus
1059 1111 1061 1114 ·

83 1168 238 1227 eonvertit
266 1174 297 1228 et
326 1169 520 1229 reluctantes.
571 1169 657 1229 Siout
685 1170 716 1228 in
752 1168 895 1248 exemplo
925 1167 1011 1227 Pauli
1088 1184 1090 1188 ·

84 1251 277 1326 monstravit,
302 1270 392 1329 quem
405 1258 478 1311 tuno
495 1253 656 1328 convertit,
678 1251 801 1330 quando
814 1258 879 1311 erat
891 1269 1011 1310 summo
1033 1324 1039 1328 .

83 1332 196 1393 ardore
225 1336 446 1412 persecutionis
474 1336 598 1394 insanus
626 1343 656 1395 et
689 1336 858 1395 contrarius
886 1336 1010 1413 gratiae.

82 1415 127 1478 Et
149 1416 254 1476 Petrus
285 1437 345 1478 non
375 1419 510 1498 respexit
534 1418 714 1493 Dominum,
742 1426 775 1477 ut
803 1417 1014 1477 recordaretur

83 1498 182 1573 verbi,
205 1501 286 1578 quod
312 1499 431 1561 dixerat
453 1501 481 1560 ei
504 1501 604 1575 lesus,
627 1500 681 1561 sed
704 1502 854 1561 Dominus
877 1501 1012 1580 respexit

82 1583 207 1643 Petrum
229 1584 259 1643 in
288 1583 388 1644 media
416 1591 447 1644 et
469 1584 603 1643 maxima
625 1584 676 1643 illa
699 1584 884 1664 negatione,
916 1589 945 1642 et
968 1585 1013 1643 sio

83 1665 265 1726 reeordatus
289 1666 374 1727 verbi
396 1666 480 1727 flevit
501 1686 615 1727 amare.

172 1749 319 1809 Videmus
335 1752 439 1829 itaque
450 1751 480 1808 in
493 1750 582 1809 huius
595 1749 714 1810 artiouli
736 1750 897 1825 sententia,
921 1767 1011 1826 quam

84 1831 180 1891 fallax
208 1833 296 1891 luerit
319 1834 458 1912 operatio
482 1833 591 1893 erroris
615 1832 761 1912 magistro
783 1839 899 1892 satana.
935 1831 1010 1891 Cum

85 1915 168 1974 enim
192 1935 306 1996 negare
328 1936 389 1977 uon
414 1923 550 1995 possent,
573 1935 630 1976 uos
653 1935 707 1995 per
729 1915 859 1994 gratiam
875 1915 931 1974 Dei
957 1915 1014 1973 sal·

88 2017 145 2057 vos
169 1997 233 2057 lieri
258 2006 411 2078 oportere,
435 2017 492 2058 neo
513 1999 637 2059 eludere
657 2005 784 2078 possent
806 1997 886 2058 hano
908 1999 1014 2056 verita·

85 2089 159 2158 tem,
183 2081 244 2140 alia
273 2083 321 2140 via
342 2083 481 2161 ingressa
505 2090 551 2142 est
580 2082 721 2162 impietas
750 2079 788 2141 ad
819 2079 1013 2158 eludendum,
1091 2108 1098 2120 ·

84 2163 221 2242 fingens:
261 2165 316 2224 etsi
341 2171 477 2224 nostrum
501 2167 643 2239 nonsit,
680 2165 799 2224 salvare
830 2169 886 2224 nos
918 2166 1015 2242 ipsos,

84 2254 224 2306 nostrum
248 2255 350 2307 tamen
373 2268 456 2324 esse,
490 2249 588 2326 parari
621 2248 659 2308 ad
689 2248 766 2326 hoo,
800 2254 833 2307 ut
861 2246 1014 2306 salvemur

85 2330 185 2409 gratia
208 2331 274 2390 Dei.
319 2330 422 2409 Quae,
446 2350 532 2410 rogo,
557 2337 658 2391 manet
680 2332 779 2409 gloria
802 2330 886 2405 Deo,
910 2330 933 2389 si
958 2347 1013 2389 nos

87 2419 204 2472 tantum
235 2432 415 2492 possumus,
448 2422 480 2473 ut
508 2414 661 2474 salvemur
691 2433 745 2493 per
772 2415 902 2493 gratiam
926 2410 1014 2471 eins?

88 2496 136 2555 An
159 2515 265 2575 parurn
290 2516 358 2556 esse
380 2496 504 2557 videtur
521 2497 581 2556 hoe
602 2516 711 2576 posse,
744 2498 768 2554 si
793 2497 860 2577 quis
883 2497 1012 2575 gratiam

86 2598 150 2638 non
172 2578 306 2655 habens,
340 2586 456 2640 tantum
479 2587 581 2640 tamen
607 2580 723 2639 virtutis
753 2578 860 2654 habet,
894 2586 926 2637 ut
947 2597 1013 2655 gra·

86 2663 159 2721 tiam
183 2660 311 2738 habere,
342 2662 465 2743 quando
489 2662 629 2737 voluerit,
652 2661 772 2741 possit?
811 2659 889 2736 Quid
912 2661 1012 2736 refert,

87 2745 112 2803 si
135 2742 235 2819 dieas,
275 2746 340 2805 sine
376 2744 479 2825 gratia
508 2763 564 2805 nos
598 2745 708 2805 salvari
737 2763 804 2804 aum
828 2743 1011 2821 Pelagianis,

87 2847 155 2887 oum
181 2829 309 2905 gratiam
333 2829 391 2888 Dei
417 2830 478 2888 iam
507 2847 605 2907 ponas
634 2829 663 2887 in
686 2827 809 2888 arbitrio
832 2824 1011 2886 hominum?

86 2910 207 2969 Videris
228 2912 299 2970 mihi
321 2913 407 2990 peior
437 2931 506 2970 esse
529 2911 671 2991 Pelagio,
704 2911 774 2970 dnm
804 2911 932 2990 gratiam
956 2909 1011 2967 Dei

87 2994 293 3052 neeessariam
316 2996 346 3054 in
369 3001 552 3073 potestatem
568 2994 700 3054 hominis
724 2995 823 3074 ponis,
847 3011 937 3072 quam
961 2992 1012 3050 ille

86 3077 207 3156 penitus
230 3078 355 3156 negavit
377 3079 591 3139 neeessariam.
635 3078 751 3153 Minus,
773 3077 909 3155 inquam,
933 3074 1012 3134 vide-

87 3169 134 3219 tur
156 3160 299 3238 impium,
333 3161 462 3239 gratiam
494 3161 523 3219 in
546 3168 642 3220 totum
667 3178 795 3240 negare,
829 3178 919 3237 quam
944 3177 1012 3217 eam

86 3250 193 3303 nostro
217 3242 317 3302 studio
341 3251 369 3302 et
393 3263 485 3322 opere
502 3244 612 3322 parari,
635 3261 672 3302 ao
689 3243 771 3302 velut
792 3244 821 3300 in
846 3260 936 3301 manu
960 3260 1013 3299 no·

42 3401 46 3404 ⁴
86 3332 149 3385 stra
171 3344 330 3404 reponere.
375 3326 414 3385 Et
442 3332 543 3386 tamen
573 3326 744 3404 praevaluit
772 3325 849 3385 liaeo
873 3325 1011 3404 operatio

87 3409 214 3483 erroris,
245 3409 315 3487 quia
338 3410 480 3488 speciosa
508 3416 536 3467 et
560 3410 684 3488 placens
707 3415 833 3469 naturae
856 3406 1012 3484 liberoque

86 3491 221 3568 arbitrio,
244 3499 276 3551 ut
300 3490 423 3552 difficile
445 3493 483 3551 sit
505 3512 572 3551 eam
596 3491 811 3568 confutares),
833 3491 1010 3570 praesertim

87 3573 167 3654 apud
192 3573 282 3634 rudes
306 3580 336 3633 et
353 3593 474 3635 orassos
497 3575 626 3635 animos.

123 3747 152 3811 t)
171 3744 202 3798 In
216 3745 280 3800 edit.
293 3747 378 3816 orig:
399 3751 576 3816 quaeruntur.
613 3744 645 3813 2)
659 3745 690 3798 ln
703 3744 744 3799 ed.
757 3744 829 3799 len:
849 3745 976 3796 refutare.
