2392 4170
400 260 442 328 us
455 263 482 319 S.
502 261 626 321 Antonio
644 261 773 331 Ersmtta.
801 324 804 328 ,
991 257 1054 329 457

134 437 247 513 sionis,
284 433 355 497 dum
390 435 489 496 solum
528 441 667 516 pensata¹
687 441 719 498 et
746 436 883 518 perionis
912 442 942 498 et
973 434 1054 498 mals

135 519 280 605 proponit
300 526 333 582 et
354 518 540 601 magnifioat.
584 518 674 595 Quod
697 520 722 580 si
744 540 806 582 non
829 527 935 603 potest
954 519 1056 600 prohi·'

134 607 207 670 here
230 604 456 684 inventionem,
485 604 557 683 quin
580 601 674 664 homo
699 604 820 665 tandem
843 603 1055 687 apprehendat

134 689 279 767 verbnm,
300 697 403 750 tamen
418 686 541 749 motitur
564 684 623 767 (ue
635 685 729 748 homo
746 685 948 772 ingrediatur)
972 689 1053 749 viam

134 772 349 854 intereludere‚
370 770 431 832 hoo
452 776 513 846 est,
537 790 576 832 ns
595 769 690 831 homo
709 769 835 832 firmiter
856 771 961 833 eredat
982 790 1054 852 pro·

135 855 427 921 missionis-verbo.
471 853 556 917 Siout
590 855 620 914 in
649 855 740 916 simili
773 855 883 917 milites
917 856 948 916 in
970 855 1052 917 bello

133 943 234 1024 primo
269 941 405 1001 nituntur
434 937 539 999 hostes
562 956 636 999 euos
658 938 826 1001 distrahere
849 958 868 999 a
890 938 967 1001 loeis
989 939 1052 999 suis

86 1082 89 1086 .
134 1026 207 1088 tutis
229 1030 260 1087 et
281 1024 384 1084 fauere
406 1040 503 1097 vagos
525 1026 556 1082 et
577 1019 783 1098 errabundos,
805 1028 921 1083 utnon
944 1023 1053 1099 soient,

134 1129 195 1190 quo
217 1107 333 1170 vadant
353 1112 385 1166 et
405 1105 531 1185 fugiant.
575 1103 665 1180 Quod
687 1106 714 1167 si
736 1106 814 1168 haee
837 1125 899 1168 non
923 1109 1054 1187 possunt

133 1192 293 1275 impedire,
314 1209 384 1251 oum
407 1189 506 1250 soient
526 1187 628 1249 losum
643 1209 662 1249 a
679 1207 740 1269 quo
758 1195 906 1270 pugnant,
929 1189 1053 1251 student

134 1283 237 1339 tamen
260 1275 305 1336 eis
327 1273 407 1334 viam
432 1273 625 1352 intercipere,
648 1292 686 1338 ne
708 1274 889 1355 perveniant
911 1292 960 1336 eo.
1054 1320 1058 1326 .

216 1357 265 1422 Ita
286 1358 399 1433 inssisto
422 1355 570 1437 spirituaii
592 1356 719 1437 negotio
743 1357 968 1432 consuiantiae,
996 1357 1053 1416 sei·

122 1443 206 1504 ‘tinet
229 1439 353 1523 quando
376 1447 501 1519 urgetur
524 1441 659 1519 pensatis
682 1447 736 1500 aut
765 1446 863 1502 morte
897 1449 949 1501 aut
982 1458 1053 1519 qua

134 1545 255 1608 suaque
290 1524 475 1602 tentatione,
511 1529 635 1603 oportet
667 1522 811 1603 primol)
844 1523 970 1585 verbum
993 1521 1052 1586 Dei

105 1612 280 1691 ,arripera‚
318 1626 387 1668 eum
415 1606 454 1667 sit
480 1625 582 1666 areem
604 1606 750 1668 inviotam
779 1626 873 1669 nosse
894 1613 925 1667 et
945 1625 1053 1688 appre-

132 1693 278 1768 hendere,
301 1690 433 1751 dimissis
454 1688 522 1749 aliis
545 1688 696 1768 omnibus,
718 1709 797 1771 quae
819 1689 959 1752 diabulus
982 1708 1051 1770 sug·

132 1778 226 1857 gerit,
262 1774 373 1836 deinde
407 1772 523 1834 fortiter
554 1791 588 1833 se
622 1771 721 1834 eidem
759 1773 853 1837 verbo
876 1772 1001 1834 eredere
1023 1779 1052 1833 et

74 1918 78 1922 .
132 1858 315 1921 dubitationi
338 1875 400 1918 uon
418 1856 601 1931 eonsenttre,
625 1874 715 1935 quem
730 1855 870 1919 diabolus
885 1862 1000 1933 movet,
1022 1861 1053 1915 et

132 1944 179 2005 sio
199 1941 318 2024 ingredi
340 1943 372 2002 in
395 1937 553 2002 castellum
575 1938 697 2000 Domini
719 1959 859 2001 senarum
882 1950 912 2000 et
934 1939 1052 2000 firmum

132 2036 163 2088 et
184 2027 309 2088 eredere
329 2024 447 2087 fortiter
474 2023 670 2102 promissioni
694 2023 761 2084 Dei.
804 2024 889 2084 Dinis
912 2023 1004 2099 enim,
1026 2023 1051 2083 si

132 2110 200 2172 sola
220 2110 297 2172 fides
320 2108 359 2170 ad
384 2107 508 2169 verbum
533 2105 659 2186 suffieit,
688 2126 751 2168 uon
780 2126 853 2187 ergo
877 2111 948 2167 suut
968 2105 1053 2166 bona

133 2210 229 2272 opera
249 2192 400 2255 fodienda.
653 2200 654 2203 ’
820 2256 823 2263 7
1016 2241 1017 2245 ,

216 2274 440 2354 Respondetur‚
462 2279 532 2334 sunt
554 2272 704 2355 faoieuda,
727 2274 781 2334 sed
800 2273 861 2335 hoe
878 2272 1052 2355 vultflarip-

132 2364 216 2436 tura,
253 2358 353 2438 primo
383 2373 437 2418 oor
464 2356 595 2417 hominis
625 2356 791 2418 adhaereat
814 2358 907 2419 verbu
931 2356 1054 2418 divinae

133 2440 346 2523 promissionis
369 2458 422 2518 per
455 2437 572 2498 firmam
602 2437 704 2517 fidem,
738 2448 769 2499 et
790 2441 835 2500 sio
856 2460 895 2501 ex
917 2439 969 2501 ilia
991 2438 1052 2500 fide

132 2525 231 2586 fluunt
253 2542 348 2604 opera
370 2540 410 2581 ex
433 2520 565 2599 gratuito
580 2520 637 2581 Dei
660 2541 776 2596 amore,
796 2523 908 2584 nullius
931 2542 1053 2604 poenas

132 2609 182 2669 vel
206 2605 335 2688 praemii
355 2609 516 2684 aspectu,
543 2603 617 2682 quia
635 2604 697 2664 iam
718 2603 810 2666 habet
832 2606 1051 2668 haereditatem

132 2711 189 2773 per
209 2689 312 2766 fldem,
335 2686 485 2768 siquidem
507 2684 569 2746 tide
591 2686 789 2766 puritisantur
810 2688 1053 2768 eordsetgratis

131 2772 334 2836 iustifieantur
356 2791 395 2832 ox
417 2768 487 2849 flde,
509 2788 571 2830 non
585 2771 791 2852 exoperibus,
815 2776 846 2833 et
867 2773 912 2831 sio
925 2778 1054 2851 prosunt

133 2877 236 2938 opera.
273 2855 420 2935 Alioquin
444 2854 470 2914 si
492 2872 554 2914 uon
577 2851 687 2914 fuerint
708 2853 787 2914 haee
809 2855 954 2936 praemia,
977 2856 1052 2916 vari·

132 2940 239 3001 fioatur
262 2938 387 3001 verbum
411 2935 546 3019 apostoli
567 2934 607 2996 ad
629 2935 738 3000 Roma.
764 2939 816 3000 14:
845 2938 949 2999 Omns
969 2937 1052 3017 quod

131 3043 194 3083 non
220 3028 327 3084 estex
348 3020 419 3098 tide,
442 3029 604 3102 peecatum
626 3025 689 3098 est,
710 3018 762 3081 ubi
785 3025 887 3080 autem
909 3021 968 3081 ista
990 3020 1051 3082 duo

131 3106 251 3186 fuerint,
275 3103 401 3166 verbum
425 3109 456 3164 et
476 3102 564 3176 tides,
585 3100 626 3163 ibi
640 3104 745 3164 omnia
755 3123 851 3185 opera
868 3112 938 3163 sunt
960 3102 1051 3181 bona,

132 3197 163 3250 et
184 3190 234 3250 uhi
259 3208 331 3266 non,
354 3187 395 3249 ibi
419 3187 523 3249 omnis
545 3191 615 3246 sunt
637 3188 731 3247 noxia
753 3195 783 3247 et
806 3186 896 3249 maia.
938 3185 1053 3248 In-huo

132 3274 212 3333 euim
236 3273 378 3333 differunt
399 3269 483 3332 stulti
506 3275 536 3329 et
559 3271 731 3351 sapientes,
759 3269 841 3351 quod
864 3269 947 3330 stulti
970 3271 1052 3351 prius

130 3352 964 3519 tttritttttttttttttttttmtttht
984 3356 1052 3519 32¹?

226 3485 235 3518 i

133 3522 289 3584 missionis
311 3529 343 3582 et
364 3518 456 3580 fldem
479 3519 712 3600 apprehendunt
734 3529 764 3582 et
785 3522 815 3582 in
838 3521 899 3583 hoo
921 3528 1003 3582 tutos
1018 3540 1052 3582 se

116 3611 296 3688 reponunt,
320 3602 432 3665 deinde
454 3609 621 3681 operantur
640 3602 732 3667 bona.

131 3739 185 3746 -η

168 3769 199 3842 1)
219 3769 251 3825 Iu
269 3768 313 3826 ed.
332 3769 404 3825 Ian:
421 3766 547 3845 primum.
