2392 4170
198 223 276 296 «Ὧδ’
429 225 586 295 Rsspcnsio
605 223 635 277 l).
652 222 687 279 ll.
708 223 735 279 b.
756 220 792 281 ud
811 214 911 278 librom

200 381 277 458 rplic
306 381 366 450 sint
393 378 583 462 spiritualia,
617 377 772 448 mundans
805 378 865 439 siut
903 376 1125 454 ecclesiasticis,

201 463 373 546 corporolia
394 465 455 527 siut
478 461 633 525 coelestia.
676 462 730 526 His
758 462 838 523 sniur
869 461 1008 539 dotatur,
1036 479 1125 529 ornu-

201 546 474 628 tur,gl01iflosluu
496 545 644 624 ecclesis,
674 555 703 607 et
732 546 875 611 facierum
907 565 969 606 non
1000 545 1126 607 minima

198 649 272 714 pure
294 632 323 701 io
348 628 394 697 bis
416 630 475 695 situ
497 637 553 692 est.
597 628 670 709 Dic,
700 631 766 709 quis
796 628 966 709 lmperstor
988 646 1124 709 uuquam

200 721 248 784 tot
269 732 289 777 o
313 733 344 774 ss
366 712 493 781 babuit?
514 711 546 777 lu
570 712 713 789 confesso
737 719 792 791 cst,
815 712 919 772 mundi
942 731 1034 792 opos,
1056 711 1126 792 plus

201 795 233 866 di
251 797 272 865 ,“
297 799 337 872 io,
361 793 510 878 possideri
535 795 573 867 cb
596 796 823 874 ecclesiasticis,
845 802 892 857 tot
912 795 1055 868 urbibus,
1077 813 1127 860 us

199 880 289 960 stris,
312 879 486 955 ducatibus,
509 879 627 959 reguis,
649 878 826 960 regionibus
849 879 921 941 huic
941 881 1004 958 regi
1027 879 1128 945 incor-

199 962 328 1046 poratis.
372 962 543 1026 Romanum
565 963 645 1023 eninr
668 963 827 1043 impurium
851 962 985 1042 vectigal
1003 969 1126 1023 tantum

203 1044 376 1126 accipiebat
398 1051 429 1106 et
450 1043 571 1122 tributa,
594 1052 625 1106 at
646 1044 696 1106 hic
717 1064 765 1105 res
786 1047 873 1124 ipsae
890 1046 1033 1126 propriso
1056 1054 1127 1109 suut

202 1128 331 1199 illorum.
376 1128 451 1204 Quis
479 1127 646 1193 Consulum
669 1129 878 1189 Romanorum
908 1129 959 1189 uni
982 1127 1128 1203 Gordius·

203 1212 275 1272 lium
300 1212 348 1273 vel
360 1212 681 1292 Archiepiscoporuur,
704 1210 987 1291 velllpiscoporum
1002 1211 1128 1291 aequari

203 1294 321 1376 Possit?
349 1291 478 1357 Prorsus
510 1293 624 1361 nullum
648 1295 808 1374 imperium
838 1301 939 1356 tantos
963 1295 1128 1375 principes,

203 1383 306 1447 tsutos
328 1396 472 1461 proceres
499 1384 650 1439 tantarum
675 1397 785 1457 opum,
809 1380 884 1439 tanti
907 1379 1014 1454 luxus,
1052 1377 1128 1445 tsnli

202 1458 375 1542 splendoris
397 1460 511 1529 babuit
554 1461 622 1522 Hoc
635 1460 759 1521 dimidio
781 1480 880 1522 rerum
894 1479 956 1529 non
980 1459 1129 1539 onntsnti,

205 1550 236 1607 el
256 1543 404 1613 laicorum
434 1563 510 1624 opes
531 1563 604 1606 suas
633 1563 702 1604 csse
727 1552 943 1624 praesumunt,
975 1549 1129 1605 tentonus

206 1628 315 1713 stipsi
338 1646 489 1697 wscuurc
511 1646 618 1687 omnes
642 1628 829 1707 principatus
853 1640 882 1686 et
905 1632 1076 1707 potestates
1098 1631 1131 1687 st

133 1785 135 1789 Α
204 1711 400 1790 magistratus
435 1729 491 1792 pro
519 1708 659 1784 libidine,
697 1717 728 1771 et
755 1710 912 1790 regiones,
943 1709 1129 1788 provincius,

208 1790 309 1872 urbes,
332 1801 443 1869 custus,
466 1793 553 1853 villas
575 1795 738 1855 autoritate
749 1793 874 1872 propriu
895 1791 952 1854 sibi
968 1790 1129 1871 subiiucrs,

206 1877 310 1944 omniu
338 1877 505 1955 imperare,
533 1895 614 1956 quae
642 1877 740 1936 visum
769 1883 826 1937 est.
875 1875 923 1936 Ao
950 1875 975 1934 si
1003 1873 1129 1954 quondo

205 1965 361 2033 recusent,
390 1957 477 2019 bellis
507 1966 538 2021 st
566 1959 711 2021 caedibus
739 1958 896 2018 involvere
926 1957 973 2018 vsl
996 1957 1130 2039 propriis

204 2034 361 2117 militibus,
383 2041 432 2102 vel
454 2041 492 2102 ad
517 2041 700 2104 discordium
723 2042 885 2102 concitatis
901 2039 1129 2120 magistratibus

206 2130 238 2184 st
260 2123 487 2204 principatibus.
1024 2172 1028 2179 .

288 2205 348 2273 Sed
372 2226 410 2269 ns
431 2207 626 2285 hocquidem
651 2208 797 2280 contenti,
820 2206 902 2285 quod
916 2205 1012 2267 semel
1035 2207 1129 2270 totius

206 2288 311 2351 mundi
334 2308 409 2370 opes
432 2297 463 2357 st
483 2310 532 2350 res
554 2291 679 2356 fecerint
703 2309 864 2364 suascsse,
888 2289 1018 2368 amplius
1030 2289 1130 2357 ,suevit

204 2371 350 2437 socierum
371 2391 498 2453 regnum
522 2381 551 2433 et
564 2372 667 2447 efficit,
690 2380 731 2450 ut,
744 2374 863 2452 quoties
886 2380 918 2432 st
929 2378 1005 2451 quot
1027 2371 1127 2435 modis

206 2453 315 2528 velint,
348 2474 405 2521 suu
432 2457 492 2525 sint
514 2457 626 2525 omnis.
670 2455 721 2518 Sic
750 2457 830 2516 onim
858 2475 940 2535 popu
962 2456 1129 2535 spiscopus

206 2538 337 2618 exsugit,
358 2539 499 2620 episcopi
522 2545 673 2620 pastores,
693 2539 824 2603 inventis
846 2538 965 2618 palliis,
989 2539 1129 2616 Annuit,

205 2618 364 2700 Subsidiiu
386 2628 417 2682 et
438 2621 642 2684 aliisinflnitis
653 2621 746 2682 titulis
758 2620 909 2700 rapiendi,
932 2627 962 2681 st
983 2621 1044 2681 hou
1063 2636 1128 2687 ms·

207 2700 269 2771 lum
291 2704 321 2769 in
344 2706 491 2786 populum
514 2705 637 2767 tandem
658 2704 819 2778 redundat,
840 2723 912 2764 nom
935 2710 1076 2784 psstcrcs
1098 2710 1130 2764 st

207 2786 348 2855 monachi
359 2788 506 2868 populum
529 2787 706 2868 deglubuut,
730 2793 762 2847 ut
773 2787 939 2866 spiscopus
953 2791 984 2854 ot
998 2802 1032 2855 ss
1043 2787 1129 2867 ipsos

206 2869 363 2951 impleant
409 2872 509 2951 Atque
539 2871 600 2935 boc
627 2870 749 2949 quidem
776 2869 971 2930 latrocinium
994 2888 1077 2950 papa
1098 2869 1128 2930 iu

207 2950 332 3019 dimidio
364 2973 479 3027 rernm,
515 2973 592 3034 quas
622 2953 774 3016 ccclesiae
806 2952 956 3029 diximus,
992 2957 1129 3015 sucrum.

207 3033 343 3104 Altonum
366 3042 469 3096 nutem
482 3036 638 3105 dimidium
662 3036 779 3112 sxpilst
792 3035 1002 3113 lodulgontiis,
1022 3034 1130 3112 Bullis,

207 3116 500 3196 confessionalibus,
522 3119 664 3194 ludultis,
686 3119 866 3199 Privilegiis‚
888 3118 1131 3198 Dispensatinni·

206 3198 263 3263 bus
300 3202 348 3278 (et
381 3202 448 3280 quis
478 3202 534 3263 hos
559 3201 663 3264 titulos
700 3200 902 3262 latrocinandi
937 3198 1128 3283 numeretl).

207 3280 308 3363 Atque
339 3281 418 3344 huuc
444 3287 549 3349 omniu
580 3294 746 3365 operantur
779 3285 872 3344 lacios
903 3282 991 3360 illus,
1024 3300 1130 3349 rursus

207 3364 302 3426 iscius
325 3375 475 3446 nugentur
487 3368 621 3446 ussidue,
645 3374 676 3428 ut
698 3367 771 3434 talin
792 3365 910 3447 plusdn
928 3365 977 3426 dic
999 3367 1030 3426 in
1048 3365 1130 3429 ulium

95 3469 104 3477 ·
152 3460 153 3464 ’
207 3456 380 3529 operentur.
424 3448 535 3512 Officio
559 3450 730 3511 enimhcec
751 3450 1036 3528 suntsnncts,·pin,
1058 3447 1131 3513 fids

207 3531 308 3611 lisque
324 3540 481 3613 postorum
504 3534 664 3610 ecclesias,
688 3533 796 3612 quibus
820 3533 923 3593 lucent
945 3532 1023 3593 sicut
1044 3530 1131 3592 lumi·

208 3616 294 3676 nario
317 3615 430 3677 mundi.
475 3617 647 3680 Anathenru
663 3617 710 3694 sit,
734 3616 812 3676 haec
835 3635 897 3676 non
911 3613 1028 3678 dixisse
1049 3613 1133 3675 bonu

206 3696 288 3758 suctu
320 3705 443 3760 strenus
476 3706 506 3761 st
537 3701 602 3761 sins
631 3699 692 3760 linc
725 3698 898 3778 grassantis
928 3715 985 3780 pro
1022 3704 1132 3767 structo
