2392 4170
448 261 538 321 'Doot
556 257 634 321 Mart
653 258 735 322 Luth.
998 262 1061 335 321

138 438 255 483 morum
278 442 403 503 prorsus
425 427 533 487 inourii
556 427 675 488 diuersi
699 427 856 491 Orondum
879 445 948 490 esse
962 429 1060 491 Deum

138 525 195 586 pro
219 509 327 586 grstia,
353 510 403 589 qui
426 512 539 570 nemini
562 505 682 592 'negati
720 511 857 575 Poiehre.
908 511 968 573 Our
997 531 1060 574 non

138 590 230 650 etism
255 588 284 652 S.
308 590 398 652 Petro
419 593 611 672 consuluisti,
636 603 668 654 ut
690 603 792 655 oraret
812 595 920 669 Deum,
944 615 982 656 ne
999 596 1060 658 Hs·

138 671 230 732 rodes
259 691 327 749 eum
356 676 505 736 vinciret?
543 677 604 738 Cur
633 677 744 737 Penius
774 696 837 738 non
875 680 987 756 oravit,
1021 695 1060 742 oe

138 755 351 836 prohiberetur
383 759 488 820 venire
526 760 564 819 od
599 760 780 821 Romanos?
816 760 877 820 Our
912 762 1059 843 Martyres

137 857 201 899 noo
223 840 361 920 orabant,
384 862 422 902 ne
442 844 615 904 carceribus
643 844 863 924 impedirentur
890 845 928 905 ab
958 849 1059 926 operi·

138 922 194 983 bus
221 923 381 985 ueritatis?
415 925 455 986 Et
483 925 672 988 devotnrium
700 926 786 987 illum
814 926 845 989 S.
868 925 972 992 looobi
1006 948 1060 990 our

137 1025 201 1068 non
223 1005 329 1088 doees,
352 1014 385 1069 ut
406 1017 482 1087 oret,
503 1028 543 1070 ns
564 1011 655 1091 inops
676 1008 740 1088 dat,
761 1029 799 1070 oe
832 1017 986 1092 aegrotet,
1020 1031 1059 1074 ne

138 1090 299 1170 morietur,
323 1110 362 1152 ne
384 1091 546 1173 capiatur?
578 1092 702 1154 Soiiioet
722 1096 780 1155 iste
800 1100 848 1154 est
874 1094 984 1155 modus
1000 1094 1003 1101 “
1017 1094 1058 1156 lu-

138 1171 229 1234 dendi
251 1174 281 1233 in
305 1174 395 1235 rebus
413 1184 475 1236 tom
495 1175 603 1236 seriis?
626 1175 705 1252 Quid
723 1178 748 1237 si
763 1175 848 1238 Deus
864 1177 943 1238 nolit
959 1179 1059 1240 orari?

138 1263 191 1317 out
211 1258 236 1316 si
253 1264 366 1337 oretur,
389 1258 460 1338 quid
483 1260 508 1319 si
530 1259 607 1320 nolit
627 1259 752 1321 audire?
774 1256 840 1321 Ho'o
860 1262 979 1321 ratione
1003 1261 1058 1324 do·

138 1340 221 1401 oebis
255 1358 312 1401 nos
347 1360 456 1402 omnes
495 1341 681 1404 ooelibotum
721 1361 835 1405 vovere
869 1350 901 1404 et
950 1351 1059 1423 posteo

138 1441 236 1500 orere,
258 1442 297 1483 ne
320 1426 358 1484 sit
379 1425 588 1506 impossibilis,
612 1445 650 1486 ao
671 1446 726 1506 per
739 1425 800 1487 hoo
818 1425 892 1486 illud
911 1433 1058 1489 statutum

138 1505 272 1566 divinum
296 1507 488 1592 neturne*):
512 1508 648 1569 Crescite
670 1516 701 1570 et
723 1509 976 1591 multiplicamini,
1005 1529 1055 1572 oo-

137 1608 192 1669 ges
216 1590 313 1651 Deum
337 1595 455 1653 mutato
467 1610 524 1653 suo
536 1592 643 1674 verbo,
666 1611 726 1672 quo
743 1595 858 1654 oreovit
873 1595 986 1671 omnio,
1010 1613 1053 1654 rs·

138 1691 261 1736 sonore.
303 1673 403 1735 Stulta
424 1680 456 1735 et
485 1676 614 1755 puerilia
646 1684 716 1736 sunt
737 1679 805 1740 isto.
858 1675 1057 1757 Experientio

139 1775 195 1817 sus
219 1758 328 1838 suique
351 1764 397 1819 est
417 1757 535 1838 relicto,
555 1764 588 1819 ut
609 1759 726 1837 videat,
749 1779 787 1821 on
810 1761 840 1820 in
867 1761 936 1840 ipso
967 1779 1055 1841 pree·

137 1840 238 1900 vniest
259 1839 310 1901 lex
331 1840 385 1901 ilio
403 1841 561 1902 oresoendi
585 1848 617 1904 et
634 1841 867 1923 multiplionndi,
890 1843 938 1904 vei
956 1844 1059 1924 potius

137 1923 330 2004 privilegium
353 1925 490 1987 eiusdem
513 1925 601 2006 legis.

220 2006 280 2068 Sed
302 2010 411 2069 iterum
433 2008 531 2070 diues:
553 2008 624 2070 Non
642 2015 692 2070 est
705 2009 805 2070 simiis
820 2009 858 2070 ds
875 2009 1058 2072 Sanctorum

137 2090 381 2171 impossibilitate
406 2099 436 2154 et
454 2092 580 2155 coelibis
601 2092 859 2174 impossibilitate,
874 2092 1060 2156 Sanctorum

138 2174 218 2234 enim
235 2175 549 2238 voluntosesteiiioox
560 2183 591 2239 et
604 2177 706 2259 pleno,
720 2177 917 2258 prodiretque
928 2178 958 2237 in
972 2196 1060 2260 opus,

139 2250 441 2319 neoobstsretullum
449 2260 645 2321 intrinsecum
654 2260 916 2341 impedimentum,
927 2260 1009 2341 quod
1028 2262 1059 2323 in

137 2357 242 2401 eorum
253 2340 293 2398 sit
309 2342 667 2421 poteststs,obstotvero
680 2345 931 2424 impedimentum
947 2344 1059 2406 extrin-

137 2441 252 2503 seoum,
260 2423 342 2502 quod
361 2443 423 2484 non
435 2432 481 2484 est
493 2425 641 2486 insonum
655 2433 818 2506 potestate,
830 2427 1059 2508 soilioettyren·

139 2507 195 2571 nis.
217 2506 259 2566 At
272 2506 400 2567 ooeiibis
415 2507 556 2569 voluntas
576 2527 637 2568 non
652 2516 698 2568 est
713 2508 806 2588 pleno
817 2528 918 2590 neque
937 2510 1060 2592 sffionx,

137 2608 237 2669 nsque
259 2591 433 2656 extrinseoo
460 2590 624 2672 impeditur
654 2590 893 2672 impedimento,
928 2592 984 2653 sed
1015 2596 1061 2653 in·

137 2676 281 2756 trinseoo,
304 2674 421 2736 soilioet
454 2692 547 2736 earne
568 2693 624 2737 suo
645 2680 731 2734 etse
752 2676 832 2755 ipso,
854 2677 906 2755 qui
930 2682 979 2737 est
1006 2676 1060 2739 uti·

138 2759 250 2837 quein
273 2777 329 2819 suo
350 2763 515 2839 potestate.
558 2757 589 2820 si
611 2758 694 2820 enim
715 2764 798 2818 esset
818 2758 909 2839 plene
941 2760 1060 2840 impoe-

138 2841 225 2902 sibile
249 2850 340 2923 esset,
363 2850 478 2903 utnon
501 2841 643 2922 impleret
665 2841 861 2907 coelibatum.
920 2840 980 2904 deo
1011 2860 1061 2904 oe·

138 2944 190 2986 sus
210 2933 279 2987 tuus
300 2943 363 2986 non
387 2933 434 2987 est
463 2924 588 3006 debilis,
620 2924 701 3006 quod
732 2924 771 2986 sit
798 2924 922 2988 ooeiebs
954 2924 1060 2987 volun·

140 3015 213 3086 tete,
236 3016 266 3069 et
288 3028 349 3070 non
372 3010 471 3089 possit
491 3028 561 3071 esse
594 3017 626 3070 st
655 3008 809 3075 insultate.
855 3009 1061 3091 Respondso:

137 3092 194 3152 Est
216 3112 292 3154 sone
314 3111 385 3154 osro
409 3093 565 3154 nostruin
587 3099 742 3175 potestate
759 3099 874 3171 nostra,
897 3101 931 3154 ut
945 3093 973 3154 ei
989 3110 1061 3154 oon·

138 3177 186 3236 ios
208 3175 401 3257 effodiamus,
424 3195 541 3256 monus,
564 3175 670 3258 pedes,
686 3176 820 3256 linguam
835 3176 1062 3257 praesidemus,

137 3258 187 3319 vel
210 3259 319 3339 laqueo
342 3261 577 3340 strangulemus,
600 3258 650 3321 vei
673 3278 753 3340 sque
775 3257 972 3341 suffooemus,
996 3278 1057 3339 quo

139 3341 232 3404 modo
255 3352 286 3403 et
308 3349 466 3423 tyrannus,
487 3344 513 3404 si
536 3342 625 3405 nobis
646 3341 794 3405 infirmior
815 3351 913 3423 esset,
947 3344 978 3405 in
1007 3362 1061 3405 no·

138 3433 202 3488 stro
222 3433 376 3508 potestate
398 3433 488 3489 esset.
539 3424 618 3504 Quid
647 3426 726 3488 hoen
752 3425 792 3489 od
821 3445 873 3504 eo,
905 3445 984 3508 quoe
1012 3426 1063 3487 hio

133 3511 313 3590 ,quaerimus
337 3515 368 3571 et
388 3509 580 3571 trootomusi
611 3509 755 3590 Nunquid
778 3509 848 3572 ideo
871 3518 974 3572 ossius
991 3511 1061 3589 sris,

139 3594 164 3655 si
180 3595 295 3656 oeulos
317 3592 460 3655 effoderis
483 3592 560 3654 tibi?
595 3593 736 3656 Ceterum
758 3592 844 3674 quod
864 3593 902 3656 od
926 3593 1063 3656 coelibe-

221 3792 251 3865 *)
270 3792 356 3851 (ione.
376 3797 401 3852 1.

158 3932 160 3936 Α
182 3889 274 3937 nuum
289 3904 341 3948 opp.
355 3893 382 3940 v.
396 3895 424 3940 A„
438 3893 467 3939 nd
495 3894 537 3944 rei.
554 3894 605 3939 our„
625 3895 641 3942 i.
660 3909 682 3951 p.
699 3894 749 3941 Vol.
763 3892 801 3942 ‘tt
932 3862 981 3933 Ἃ
