2392 4170
198 244 261 315 182
554 250 597 309 ne
614 246 780 321 abroganda

199 422 289 483 aliter
309 419 426 500 feccrit,
447 422 591 503 neganda
608 423 647 483 sit
668 421 721 483 lux
736 438 875 482 aurorae.
903 418 944 479 Et
962 415 1124 497 insigniter

198 505 325 567 damnat
348 506 447 586 vivos,
467 508 520 587 qui
541 516 681 569 mortuos
703 505 877 585 consulunt,
899 512 932 563 ct
952 502 1043 563 dicit:
1072 499 1123 563 Ad

198 589 358 651 mortuos?
379 590 463 669 quod
474 591 603 652 retertur
625 590 664 651 sd
678 590 814 663 verbum,
826 596 963 669 quaeret,
977 585 1125 646 hebraica

198 672 332 753 syntaxi,
355 692 436 752 quae
458 673 547 739 dicit:
579 674 702 751 Quaero
732 673 771 733 ad
793 674 909 753 Deum,
936 688 1052 750 quaero
1081 667 1124 729 ad

198 765 356 835 mortuos,
379 757 489 837 idest,
512 759 642 819 consulo
665 759 780 832 Deum,
814 757 944 818 consulo
972 762 1123 815 mortuos.

197 838 307 918 ltaque
327 859 384 920 pro
407 842 485 902 viris
505 843 565 903 illis
588 844 638 921 qui
652 848 802 922 quaerunt
824 850 970 910 mortuos,
992 838 1124 914 bocesl,

198 926 438 1004 praestantiores
459 938 610 1005 quaerunt
637 947 657 986 a
679 925 856 1000 vilioribus,
884 926 963 984 siout
984 922 1010 981 si
1027 921 1124 981 bono

198 1013 327 1087 quaeret
348 1027 368 1069 a
389 1008 491 1088 ligno,
513 1011 647 1091 populns
667 1010 725 1070 Dei
760 1016 889 1088 quaerat
923 1026 942 1066 a
969 1024 1004 1065 se
1036 1023 1124 1085 prae

197 1091 357 1167 stantiore,
378 1111 490 1173 nempe
511 1114 530 1154 a
551 1095 619 1154 Deo
641 1111 709 1170 suo,
732 1112 793 1153 uon
817 1093 998 1172 utquisque
1020 1090 1125 1168 singu·

197 1174 263 1234 lare
284 1184 446 1254 exspectet
466 1176 505 1236 de
527 1175 618 1239 coelo
641 1196 843 1257 responsum,
870 1175 924 1236 sed
946 1175 976 1233 in
1000 1172 1126 1251 lugeat

199 1258 375 1319 testimonio
397 1269 525 1339 quaerat
546 1281 565 1322 a
586 1261 665 1337 Deo,
686 1280 741 1321 seu
754 1260 909 1321 ‘consulat
930 1260 1041 1319 Deum.
1082 1254 1126 1315 Et

197 1340 336 1402 Christus
357 1341 436 1404 baec
463 1347 567 1406 omnia
589 1344 753 1405 confirmat
777 1343 880 1404 Lucae
904 1344 949 1408 16.
973 1339 1125 1401 inducens

198 1423 353 1485 Abrabam
376 1445 446 1488 oum
468 1429 601 1508 epulone
623 1428 716 1489 divite
739 1427 932 1507 loquentem,
959 1443 1018 1485 nec
1051 1440 1125 1483 eon-

197 1509 391 1588 sentientem,
415 1511 602 1572 utLasarum
628 1519 779 1573 mortuum
802 1510 841 1571 ad
855 1511 942 1571 vivos
964 1505 1124 1569 docendos

197 1593 308 1667 mittat,
329 1593 384 1654 sed
406 1596 533 1656 remittit
553 1615 609 1656 eos
631 1595 670 1655 ad
693 1595 880 1675 Scripturas,
904 1593 1029 1653 dicens:
1061 1589 1125 1649 Ha·

198 1676 272 1737 baut
294 1675 401 1738 Mosen
424 1686 455 1739 et
484 1679 662 1760 propbetas,
684 1679 812 1740 audiant
836 1678 923 1757 illos,
945 1692 1125 1738 consonans

197 1757 307 1840 Isaiae,
328 1759 367 1820 ad
391 1760 489 1842 legem
520 1771 549 1822 et
571 1763 789 1824 testimoninm.
834 1761 902 1838 Quo
932 1761 1007 1820 satis
1035 1776 1121 1817 mou·

196 1843 314 1923 stravit,
336 1863 399 1904 non
422 1864 491 1906 esse
513 1865 553 1907 ex
576 1847 643 1907 Deo
666 1854 804 1907 mortuos
827 1845 914 1911 illos,
942 1845 993 1922 qui
1016 1840 1056 1901 ad
1078 1841 1121 1901 vi-

195 1932 304 1987 ventes
334 1929 477 2009 veniunt,
508 1930 579 2006 εει)
614 1930 703 1991 nobis
725 1929 866 1990 sufficere
888 1927 1000 1989 debere
1022 1925 1123 2004 Scrip-

196 2015 288 2070 taras.

278 2093 409 2154 Proinde
431 2113 499 2155 curu
521 2095 633 2157 fiducia
654 2097 711 2175 hos
724 2104 785 2157 tres
808 2102 902 2156 testes
925 2108 1123 2174 opponamus

195 2176 350 2256 spiritibus
378 2179 443 2238 istis
465 2179 641 2256 fallacibus,
669 2182 797 2260 primurn
821 2180 927 2239 Mosen
951 2177 1122 2236 dicentem:

195 2260 264 2319 Nou
289 2278 418 2339 quaeras
447 2266 624 2343 amortuis,
649 2264 815 2324 seeundum
840 2261 974 2324 Isaiarn:
999 2258 1122 2333 Quaere

194 2364 213 2402 a
237 2342 306 2425 lege
328 2347 548 2407 attestimouio
571 2350 782 2427 potiusquam
806 2347 974 2417 amortuis,
999 2343 1121 2402 tertium

195 2425 351 2488 Abrabam
375 2448 444 2489 curu
458 2430 593 2491 Christo:
625 2430 749 2491 Habent
771 2431 877 2490 Mosen
890 2434 922 2489 et
943 2426 1121 2507 propbetas,

195 2509 322 2571 audiant
353 2512 433 2574 illos.
477 2513 543 2574 Nec
574 2534 752 2575 moveamur
780 2512 898 2573 infinita
928 2509 1122 2570 multitudine

194 2593 371 2671 Missurum,
399 2596 588 2677 vigiliarum,
618 2598 908 2673 anniversariorum,
931 2590 1121 2673 praebenda·

194 2697 269 2757 rum,
293 2679 546 2760 sacerdotiorum,
569 2682 720 2760 altarium,
745 2680 938 2758 templorum,
955 2696 1049 2756 super
1065 2675 1122 2734 bas

193 2762 401 2840 apparitiones
424 2769 455 2823 st
476 2783 625 2845 responsa
658 2766 816 2845 spirituum
845 2762 980 2823 lundata.
1026 2756 1121 2818 Vides

193 2846 274 2904 anim
297 2845 362 2926 bio,
398 2848 480 2926 quod
508 2868 600 2927 supra
623 2848 784 2908 mendacia
815 2854 941 2907 satanae
975 2850 1007 2900 et
1028 2860 1122 2921 super

192 2928 283 3007 signa
310 2934 340 2988 et
361 2929 504 3010 prodigia
525 2931 845 3011 pseudochristorum‚
880 2948 959 3008 quae
983 2926 1120 2986 Christus

193 3011 346 3091 praedixit
369 3014 481 3074 multus
504 3033 574 3076 esse
595 3015 768 3089 seductura,
792 3014 896 3073 omnin
919 3013 1065 3077 nituntur,
1091 3018 1121 3065 ut

194 3094 343 3173 impleant
363 3097 509 3157 mundum
525 3098 685 3160 horrendis
708 3097 915 3177 impietatibus
943 3096 973 3152 ln
998 3092 1121 3153 coslum

194 3176 399 3240 clamantibus
440 3187 472 3241 el
505 3181 584 3242 diem
608 3182 712 3242 iudicii
747 3198 860 3260 magno
883 3179 985 3238 lurore
1008 3191 1121 3254 provo·

194 3260 344 3340 cantibus,
367 3265 446 3324 siout
460 3264 549 3325 decet
567 3265 751 3345 papisticum
774 3271 806 3324 et
818 3260 995 3324 Antichristi
1019 3277 1121 3319 sacer·

192 3343 320 3406 dotium.
354 3346 431 3407 Cum
454 3365 529 3427 ergo
552 3367 591 3408 ex
613 3349 660 3409 bis
679 3348 819 3408 omnibus
832 3346 987 3426 probetur,
1010 3342 1122 3403 Missas

194 3446 255 3489 non
295 3431 352 3489 nisi
387 3429 522 3491 Satanae
552 3434 733 3511 operatione
764 3440 794 3491 et
821 3429 975 3491 communi
1016 3441 1122 3486 errore

194 3511 297 3572 mundi
319 3514 348 3573 in
378 3513 530 3575 sacrificia
558 3535 662 3577 versas
687 3534 776 3588 esse,
806 3513 952 3573 adversus
978 3510 1121 3587 Evange-

192 3594 265 3657 lium
286 3603 319 3658 et
338 3594 430 3657 fidem
453 3604 483 3657 et
504 3600 671 3680 caritatem,
700 3617 779 3680 quae
802 3598 860 3658 hao
881 3594 1025 3657 machina
1048 3590 1122 3654 abo·
