2392 4170
28 3818 156 3930 1

157 245 222 313 356
388 250 868 320 summouendum

242 401 321 461 Vide
331 404 436 482 itaque
455 423 561 484 regum
573 409 606 466 et
617 405 790 486 Prinoipnni
801 405 945 466 anubin
956 420 1081 484 popu,

159 485 231 546 vioe
251 487 483 567 episcoporum,
511 488 730 567 collegiorum,
760 489 1016 549 nonasteriorum
1035 487 1083 546 in·

159 571 268 650 genia,
301 568 452 629 infinitum
482 571 558 630 iilud
588 571 745 630 hominurn
773 572 885 646 ebaos,
913 589 1006 650 quani
1036 567 1081 629 ilii

161 653 294 733 gratuita
315 671 416 729 arma,
448 653 480 712 bi
506 672 580 714 vero
609 656 741 732 gratuita
770 657 895 734 ingenis
922 664 986 734 pro¹
999 670 1083 733 papa

159 734 348 815 impendunt.
388 735 457 795 Neo
474 736 506 796 id
528 755 585 816 pro
605 736 707 812 fido)
735 746 767 796 et
794 737 888 796 verbo
911 737 969 796 Dei
991 739 1082 813 (narn

159 819 221 880 hoe
247 836 309 878 aon
332 819 468 898 agitur),
487 819 549 879 ned
578 838 636 899 pro
658 820 733 880 solis
759 819 896 880 faciebus
916 828 949 879 st
969 836 1083 899 propo

159 899 320 962 sitionibus
331 903 462 981 mendis,
483 904 566 962 nulia
579 922 705 982 prorsus
716 903 869 980 meronda,
889 920 982 981 qoam
997 902 1082 981 qaod

160 985 227 1045 Deo
249 986 451 1044 savinensis
471 987 658 1046 existiment.
698 985 776 1046 Tum
799 986 928 1060 videbis,
948 985 1024 1064 qaid
1044 984 1085 1044 ἀι

159 1066 329 1127 effioaoiam
352 1069 541 1146 ignavissimi
564 1069 652 1128 huius
674 1071 804 1128 monstri
824 1069 964 1128 roborari
976 1069 1084 1129 stim

158 1149 309 1211 efficacia.
352 1150 446 1210 Plane
475 1171 537 1211 non
560 1151 764 1212 eonveniebst
794 1154 853 1212 ists
879 1151 1082 1229 abominatio,

160 1236 217 1293 nisi
239 1234 346 1294 ultimo
367 1237 498 1294 termino
522 1235 635 1294 usundi.
676 1234 757 1310 Quid
778 1236 859 1296 enirn
876 1234 1082 1294 abomination

161 1325 192 1376 et
219 1319 440 1393 monstrosius,
470 1336 560 1397 quam
595 1337 657 1396 quo
671 1319 830 1398 ,Princeps
858 1328 905 1377 est
932 1314 1084 1398 ignavior,

159 1400 329 1478 sooordior,
349 1398 498 1474 inutilior,
519 1401 748 1480 boopotentius
771 1419 979 1480 esssregnuns
995 1399 1085 1461 eius?

161 1485 202 1542 At
229 1483 280 1542 bio
299 1482 446 1563 Prinoeps
475 1483 687 1563 Sardanapalo
716 1485 903 1563 corruptior,
930 1481 1083 1563 eybsntis

160 1565 294 1642 mollior,
314 1575 432 1626 tanturn
455 1568 494 1626 sd
515 1567 622 1626 luxum
644 1576 676 1627 et
697 1569 760 1627 otis
782 1576 882 1644 natus,
903 1585 964 1627 neo
984 1564 1083 1646 bailia,

161 1666 219 1708 neo
239 1646 361 1726 studiis,
389 1667 449 1710 neo
468 1651 578 1727 arinis,
600 1669 658 1710 neo
679 1650 789 1729 literis,
817 1667 876 1714 neo
903 1649 1085 1729 Evangelio,

161 1749 219 1791 neo
239 1730 310 1809 nde,
332 1750 392 1792 neo
413 1734 620 1810 orationibus,
643 1753 703 1793 neo
725 1732 860 1794 mosibus
881 1743 1007 1812 potens,
1028 1733 1084 1792 ssd

162 1813 304 1875 omnibus
326 1817 487 1875 conontiis
509 1816 742 1894 abominandus,
764 1835 826 1876 nns
847 1816 1087 1876 tamenfssisst

160 1899 509 1978 propositioneiinperat
517 1899 662 1978 imperiis,
671 1900 795 1979 Regnis,
807 1899 988 1959 otomnibus
997 1899 1086 1960 Pote-

160 1979 298 2060 statibus,
311 1983 473 2061 possidens
485 1984 603 2042 animas
613 1990 745 2060 nostras,
763 2000 895 2063 oorpora
903 1991 1022 2059 nostra,
1034 1998 1085 2042 sss

160 2071 292 2139 nostras,
305 2063 344 2124 ad
352 2064 481 2124 abusum
494 2066 804 2146 universasignavise
812 2074 844 2125 et
856 2064 989 2125 libidinis
999 2082 1086 2141 suso,

161 2147 234 2206 nibil
245 2165 301 2227 pro
312 2148 348 2205 iis
360 2148 502 2207 omnibus
513 2149 685 2229 rependens
696 2167 787 2228 quam
801 2150 930 2229 gratiam
948 2156 979 2208 et
996 2147 1087 2209 bene

161 2229 327 2290 diotionem
337 2229 425 2290 sedis
447 2232 647 2309 apostolieae,
669 2231 783 2291 fumum
796 2230 1086 2293 soilioetfirmorum.

245 2313 285 2373 Et
312 2313 394 2392 quod
423 2317 558 2391 mireris,
589 2326 708 2375 eeteros
729 2316 896 2396 Prinoipes,
929 2317 980 2393 qui
1004 2313 1085 2375 bsiio

163 2404 195 2457 et
215 2396 328 2456 viribus
351 2406 497 2477 regnant,
521 2408 625 2458 omont
647 2400 693 2458 sni
715 2399 821 2479 popuii
844 2418 883 2457 ex
905 2399 1022 2474 animo,
1042 2399 1085 2457 its

163 2480 325 2559 magistros
348 2499 386 2541 so
408 2489 636 2562 praeceptores,
658 2484 709 2560 qui
726 2481 896 2541 eruditione
918 2482 1084 2560 etingsnio

162 2561 291 2642 pollent,
312 2562 478 2624 observant
499 2583 539 2623 ex
561 2567 664 2624 nnimo
694 2564 845 2645 disoipuli.
889 2563 967 2623 Hnio
983 2582 1084 2624 rerum

162 2655 305 2727 portento
327 2654 358 2706 et
378 2648 576 2728 ignavissimo
603 2656 634 2707 et
662 2648 825 2707 rudissimo
847 2666 938 2706 nenio
961 2665 1025 2707 non
1045 2664 1084 2706 ex

163 2730 266 2790 animo
289 2730 370 2791 male
392 2731 470 2806 vuit,
498 2749 590 2791 nemo
620 2740 734 2790 tantam
757 2731 926 2811 potentiam
949 2747 1011 2790 non
1035 2729 1083 2790 de

162 2819 305 2892 testatur,
338 2831 430 2874 nemo
459 2823 558 2873 mutas
587 2833 663 2893 opes
685 2832 747 2874 non
770 2819 964 2891 exsecratur,
1000 2820 1033 2872 ut
1053 2813 1083 2872 in

163 2895 234 2954 iooo
257 2897 391 2956 omnium
413 2898 626 2976 indignissimo
648 2898 773 2977 positas.
819 2897 856 2956 Et
878 2906 979 2955 temen
994 2895 1084 2956 faeie

163 2996 229 3037 rom
252 2987 283 3037 et
302 2983 546 3059 propositionum
576 2982 749 3062 praestigiis
778 2981 861 3062 eapti
888 2987 1030 3038 metuont
1055 2988 1085 3038 et

164 3060 317 3120 abstineut
331 3064 473 3141 universi,
496 3066 591 3142 signis
603 3070 634 3124 et
646 3063 793 3144 prodigiis
808 3063 1006 3123 mendacibus
1017 3061 1083 3123 abs

163 3144 267 3204 territi.
311 3144 409 3206 Nemo
439 3148 519 3206 enim
552 3165 613 3206 non
645 3148 726 3206 videt
746 3166 858 3226 pspsm
887 3146 1084 3226 papistasque

163 3225 234 3304 nde,
256 3226 434 3309 Evangelio,
457 3232 614 3309 patientis,
634 3231 761 3310 aliisque
772 3232 864 3290 aruris
879 3228 1083 3309 spiritualibus

164 3309 306 3390 abieotis,
328 3330 397 3373 sese
418 3313 613 3392 opinionibus
636 3315 718 3394 vulgi
747 3314 777 3372 in
807 3313 901 3372 sanies
922 3319 954 3372 st
974 3329 1083 3393 propo·

164 3392 292 3455 sitiones
314 3396 491 3476 simpliciter
511 3399 666 3476 propensi,
689 3408 752 3456 tum
776 3399 806 3456 vi
828 3404 858 3456 et
880 3395 989 3478 opibus
1003 3393 1083 3455 Prin·

165 3477 283 3557 oipum,
319 3479 366 3539 vei
395 3489 606 3559 oorruptorum
641 3480 688 3540 vel
721 3482 873 3560 eorrumpi
896 3478 1082 3561 sperantium

165 3563 285 3624 armari.
328 3561 441 3639 Nemo,
471 3564 611 3644 inquom,
644 3582 704 3625 non
733 3564 830 3645 videt,
863 3561 918 3622 sub
947 3560 1082 3623 fnoiebus

223 3745 251 3817 1)
271 3746 302 3798 ln
321 3743 364 3800 sd.
383 3746 453 3813 orig.
472 3749 500 3800 st
516 3745 591 3800 ion:
611 3743 681 3798 fidei.
