2392 4170
438 219 445 233 ’
463 240 544 304 ucat
562 243 641 304 itan
659 240 740 305 tum
1004 242 1068 335 257

143 437 195 486 sus
224 418 416 480 acatholica
443 417 787 495 illahumilitateiu1)
810 417 981 500 Evangelio
1005 425 1064 480 tra·

143 501 261 568 dita'et
282 501 384 562 subdit
405 502 504 562 solum
527 504 589 562 suis
613 500 801 577 Maioribus,
829 521 929 581 neque
961 503 998 563 iis
1021 504 1066 583 ip-

143 586 196 666 sis,
218 585 275 646 nisi
298 585 465 646 seeundum
487 586 623 665 regulam
647 603 722 644 suae
743 584 953 667 professionis,
987 585 1066 648 adeo

144 676 230 730 utet
253 667 284 732 S.
307 668 500 730 Bernhardus
525 675 658 748 asserat,
693 667 876 741 monachum
906 687 967 730 non
991 669 1067 730 obli-

143 752 209 832 gari
231 753 324 813 etiam
349 771 405 812 suo
429 752 540 812 Abbati
575 753 635 813 alia
658 770 749 830 quam
770 730 877 831 redula
901 752 993 813 babet
1012 754 1065 812 im·

142 835 271 917 peracti.
293 832 445 912 Obsecro,
468 853 548 915 quae
570 843 600 895 et
615 833 713 914 qualis
738 840 785 895 est
804 835 864 895 ista
880 834 1066 916 obedientia,
1092 905 1096 911 .

142 937 183 978 ex
203 917 344 980 omnibus
367 919 470 1000 eximi,
493 926 524 980 et
548 920 601 979 nni
623 937 680 979 neo
699 917 771 978 huic
785 919 842 978 nisi
864 921 974 998 partim
996 919 1063 981 sub·

143 1000 197 1070 dil
230 1001 349 1063 Nonne
363 1001 492 1083 pulchra
513 1001 614 1063 illusio
637 1008 684 1064 est
706 1001 774 1062 talis
797 1000 992 1063 obedientiae
1013 1019 1066 1064 vo·

141 1084 228 1146 tum?
270 1084 473 1165 Evangelium
498 1083 639 1146 omnibus
669 1103 791 1161 semper
820 1086 903 1146 etin
924 1085 1065 1147 omnibus

141 1167 263 1246 cedere,
285 1168 383 1247 subdi,
410 1168 536 1232 obedire
556 1167 654 1248 iubet,
678 1173 708 1228 et
729 1167 926 1229 consiliorum
949 1169 1065 1250 profes·

141 1270 228 1313 sores
250 1271 308 1314 nec
329 1251 508 1332 aequalibus
535 1269 594 1313 nec
614 1250 826 1327 inferioribus,
850 1251 905 1312 sed
927 1252 979 1313 uni
1003 1269 1064 1315 ma·

139 1335 197 1395 iori
211 1354 278 1417 sun,
301 1355 360 1397 uec
378 1338 409 1396 in
424 1334 574 1416 omuibus,
597 1335 652 1395 sed
665 1335 816 1414 aliquibus
839 1354 908 1397 sese
920 1335 1063 1399 subdunt.
1102 1409 1104 1414 Ι

223 1419 333 1480 lterum
357 1418 443 1483 vides
465 1419 641 1479 felicitatem
658 1436 774 1496 eorum,
798 1420 849 1497 qui
872 1418 1065 1480 meliorceli·

139 1509 225 1581 gunt,
250 1520 341 1583 qnam
367 1502 505 1564 Christus
529 1500 650 1581 docuit,
673 1507 704 1561 et
727 1508 904 1582 contempto
929 1502 1007 1563 duce
1030 1521 1064 1563 se

139 1586 224 1728 lpum
252 1585 394 1666 dirigunt.
444 1584 509 1645 Hos
543 1585 668 1666 proprie
700 1585 807 1644 Petrus
839 1587 962 1666 tangit,
994 1603 1064 1645 cnm

160 1668 213 1728 icit
244 1671 273 1734 2.
295 1668 361 1731 Pet.
390 1671 418 1734 3.
441 1667 524 1749 fore,
563 1667 616 1748 qui
642 1666 810 1729 secundum
836 1671 960 1751 propria
983 1669 1063 1729 desi·

140 1750 226 1812 deria
247 1752 414 1832 ambulent,
434 1752 465 1812 in
487 1750 672 1832 deceptione
698 1750 851 1815 illusores.
896 1753 976 1813 Vere
997 1752 1063 1813 illu·

139 1853 226 1896 sores
254 1837 285 1896 in
320 1836 503 1918 deceptione
531 1836 647 1896 iactant
685 1832 912 1914 obedientiam,
950 1835 1063 1897 docent

138 1926 241 1978 autem
264 1937 302 1980 ac
324 1926 492 2000 sequuntur
514 1919 612 1999 magis
625 1916 878 1997 inobedientiam,
899 1920 1063 1980 illudentes

137 2008 241 2062 tamen
276 2005 411 2065 omnium
442 2022 565 2064 sensum
600 2008 632 2062 et
669 1999 857 2082 decipientes
880 2002 1063 2083 simplicium

138 2086 257 2146 animas
279 2106 317 2147 ea
338 2106 461 2168 pompa.
496 2085 548 2148 sic
570 2084 654 2147 vides
678 2087 879 2147 monasticam
902 2087 995 2147 vitam
1018 2105 1062 2147 er·

102 2187 112 2206 ·
137 2187 251 2246 rorum,
273 2170 519 2247 mendaciorum,
540 2170 750 2251 ignorantiae,
772 2169 929 2248 stultitiae,
953 2169 1061 2251 decep·

137 2248 243 2329 tionis,
265 2250 416 2313 illusionis
451 2253 633 2314 confusione
659 2253 850 2315 verissimam
869 2253 1061 2336 Babylonem

136 2341 391 2415 repraesentare,
425 2336 456 2396 in
490 2352 548 2414 qua
584 2335 673 2397 electi
706 2337 889 2399 miraculose
922 2342 1063 2399 centres
1147 2340 1182 2367 “

136 2418 223 2500 pueri
245 2419 276 2479 in
299 2419 426 2479 fornace
454 2424 622 2479 serventur.
666 2417 745 2494 Quid
778 2437 853 2500 ergo
882 2427 975 2482 vovet
997 2439 1062 2481 mo-

136 2500 294 2563 nasticus?
324 2501 418 2563 verba
447 2502 512 2562 eius
545 2502 590 2578 (si
622 2520 745 2562 sensum
782 2501 943 2582 traducas]
974 2511 1064 2565 erunt
1185 2500 1187 2505 ’

135 2586 211 2646 isla:
235 2583 330 2667 Deus,
352 2604 453 2647 voveo
476 2585 553 2665 tibi,
587 2583 670 2645 nolle
698 2603 747 2645 me
770 2585 938 2647 secundum
961 2586 1063 2648 Evau-

135 2669 250 2749 gelium
272 2677 356 2731 tuum
378 2667 520 2732 omnibus
542 2666 678 2747 subiici,
708 2667 763 2728 sed
786 2676 902 2730 tantum
926 2672 977 2731 uni
1002 2671 1062 2730 Ma·

134 2753 203 2831 iori,
226 2772 285 2815 nec
304 2755 363 2816 nisi
384 2755 472 2814 iuxta
488 2751 625 2833 regulam
650 2754 880 2834 praescriptam,
902 2741 994 2834 atque
1016 2753 1061 2814 sio

136 2855 237 2898 voveo
260 2836 315 2899 tibi
335 2835 539 2917 Evangelium
563 2842 647 2896 tuum
670 2854 802 2897 servare.
835 2834 915 2911 Quid
940 2843 987 2896 ost
1001 2835 1062 2896 hon

133 2922 242 2983 iterum
267 2920 359 2998 aliud,
384 2938 476 3001 quam
498 2918 702 2999 Evangelium
718 2918 862 2981 vovendo
885 2938 1009 3000 negare,
1033 2925 1063 2980 et

134 3007 290 3086 proprium
313 3002 472 3067 condere?
504 3003 561 3064 Hic
584 3021 653 3064 eum
676 3002 810 3086 danim)
834 3005 935 3084 possis
949 3003 1061 3084 dicere,

134 3106 241 3149 eorum
264 3095 368 3150 votum
392 3107 461 3150 esse
474 3135 483 3169 ,
512 3085 592 3149 sicut
623 3088 648 3147 si
676 3087 744 3166 quis
773 3093 888 3148 mactet
909 3085 1006 3149 lilium
1027 3087 1060 3146 iu

133 3179 303 3252 conspectu
333 3172 438 3254 patris.
487 3172 536 3231 An
576 3187 638 3231 non
672 3170 832 3232 victimaut
868 3170 962 3234 fllium
994 3171 1064 3250 Dei,

133 3253 206 3315 dum
228 3255 430 3336 Evangelium
461 3255 526 3315 eins
549 3259 609 3314 tam
634 3253 784 3334 sacrilege
800 3261 941 3336 negant,
965 3261 996 3315 et
1018 3263 1060 3314 ta·

133 3357 204 3398 men
239 3337 299 3400 boc
333 3341 401 3418 ipso
431 3336 540 3398 offerre
568 3338 634 3399 Deo
668 3345 867 3418 praesumunt
902 3334 1061 3399 eundem?

132 3419 348 3483 Obedientiam
371 3419 574 3502 profitentur,
607 3427 637 3481 et
664 3420 871 3484 obedientiam
894 3421 1060 3502 abnegant,

132 3512 167 3568 et
187 3511 219 3566 tu
240 3515 314 3567 vota
337 3505 397 3566 ista
413 3504 566 3584 sacrilega
589 3511 679 3585 putas
692 3504 798 3567 valere
818 3515 849 3567 et
870 3505 953 3587 exigi
978 3503 1060 3586 apud
1154 3528 1156 3533 ·

133 3587 259 3651 Deum?

208 3779 237 3844 ι)
258 3776 289 3831 n
308 3775 374 3834 adit.
393 3775 486 3848 paros
505 3773 596 3834 cassa
616 3774 651 3830 in.
690 3758 723 3845 a)
746 3772 831 3831 urai
852 3773 935 3831 nara

161 3877 257 3922 aarum
274 3888 326 3931 opp.
339 3879 368 3925 v.
382 3879 409 3921 a
423 3879 452 3922 au
480 3879 522 3924 rer.
539 3878 590 3920 aaa
610 3878 625 3920 ι.
644 3887 667 3930 p.
684 3877 733 3919 vu
748 3877 787 3921 m.
933 3849 969 3916 ti
