<?xml version="1.0" encoding="UTF-8"?>
<!DOCTYPE html PUBLIC "-//W3C//DTD XHTML 1.0 Transitional//EN"
    "http://www.w3.org/TR/xhtml1/DTD/xhtml1-transitional.dtd">
<html xmlns="http://www.w3.org/1999/xhtml" xml:lang="en" lang="en">
 <head>
  <title>
</title>
<meta http-equiv="Content-Type" content="text/html;charset=utf-8" />
  <meta name='ocr-system' content='tesseract 3.04.00' />
  <meta name='ocr-capabilities' content='ocr_page ocr_carea ocr_par ocr_line ocrx_word'/>
</head>
<body>
  <div class='ocr_page' id='page_1' title='image "./dmartinilutheri03luthgoog_0379.png"; bbox 0 0 2392 4170; ppageno 0'>
   <div class='ocr_carea' id='block_1_1' title="bbox 131 171 926 302">
    <p class='ocr_par' dir='ltr' id='par_1_1' title="bbox 131 171 926 302">
     <span class='ocr_line' id='line_1_1' title="bbox 131 171 926 302; baseline -0.013 -15"><span class='ocrx_word' id='word_1_1' title='bbox 131 171 233 287; x_wconf 65' lang='lat'>368&#39;</span> <span class='ocrx_word' id='word_1_2' title='bbox 360 225 516 294; x_wconf 73' lang='lat' dir='ltr'>Responsio</span> <span class='ocrx_word' id='word_1_3' title='bbox 535 224 568 277; x_wconf 87' lang='lat' dir='ltr'>D.</span> <span class='ocrx_word' id='word_1_4' title='bbox 583 221 617 279; x_wconf 77' lang='lat' dir='ltr'>in</span> <span class='ocrx_word' id='word_1_5' title='bbox 639 224 666 279; x_wconf 84' lang='lat' dir='ltr'>L.</span> <span class='ocrx_word' id='word_1_6' title='bbox 686 225 720 278; x_wconf 81' lang='lat' dir='ltr'>ad</span> <span class='ocrx_word' id='word_1_7' title='bbox 736 223 840 279; x_wconf 84' lang='lat' dir='ltr'>libram</span> <span class='ocrx_word' id='word_1_8' title='bbox 923 297 926 302; x_wconf 21' lang='grc' dir='ltr'>Ι</span> 
     </span>
    </p>
   </div>
   <div class='ocr_carea' id='block_1_2' title="bbox 131 374 1055 1370">
    <p class='ocr_par' dir='ltr' id='par_1_2' title="bbox 131 374 1055 1370">
     <span class='ocr_line' id='line_1_2' title="bbox 132 374 1052 458; baseline -0.002 -20"><span class='ocrx_word' id='word_1_9' title='bbox 132 383 164 438; x_wconf 89' lang='lat' dir='ltr'>et</span> <span class='ocrx_word' id='word_1_10' title='bbox 184 382 213 442; x_wconf 83' lang='grc'>5.</span> <span class='ocrx_word' id='word_1_11' title='bbox 236 394 297 436; x_wconf 92' lang='lat' dir='ltr'>non</span> <span class='ocrx_word' id='word_1_12' title='bbox 326 379 381 438; x_wconf 87' lang='lat' dir='ltr'>ait:</span> <span class='ocrx_word' id='word_1_13' title='bbox 414 378 503 456; x_wconf 83' lang='lat' dir='ltr'>Volo,</span> <span class='ocrx_word' id='word_1_14' title='bbox 528 384 565 439; x_wconf 89' lang='lat' dir='ltr'>ut·</span> <span class='ocrx_word' id='word_1_15' title='bbox 580 380 646 438; x_wconf 87' lang='lat' dir='ltr'>sitis</span> <span class='ocrx_word' id='word_1_16' title='bbox 676 374 1052 458; x_wconf 62' lang='lat' dir='ltr'>pauperes,·sed·0blqode</span> 
     </span>
     <span class='ocr_line' id='line_1_3' title="bbox 133 457 1053 541; baseline -0.004 -19"><span class='ocrx_word' id='word_1_17' title='bbox 133 460 321 537; x_wconf 77' lang='lat' dir='ltr'>exhortatur,</span> <span class='ocrx_word' id='word_1_18' title='bbox 344 461 466 530; x_wconf 78' lang='lat' dir='ltr'>dicens:</span> <span class='ocrx_word' id='word_1_19' title='bbox 492 461 578 520; x_wconf 80' lang='lat' dir='ltr'>Beati</span> <span class='ocrx_word' id='word_1_20' title='bbox 600 479 751 541; x_wconf 80' lang='lat' dir='ltr'>pauperes</span> <span class='ocrx_word' id='word_1_21' title='bbox 773 462 888 541; x_wconf 85' lang='lat' dir='ltr'>spiritu</span> <span class='ocrx_word' id='word_1_22' title='bbox 901 457 1053 529; x_wconf 63' lang='lat' dir='ltr'>etmssre</span> 
     </span>
     <span class='ocr_line' id='line_1_4' title="bbox 131 540 1054 621; baseline 0 -20"><span class='ocrx_word' id='word_1_23' title='bbox 131 545 216 621; x_wconf 83' lang='lat' dir='ltr'>riter,</span> <span class='ocrx_word' id='word_1_24' title='bbox 237 544 268 602; x_wconf 90' lang='lat' dir='ltr'>iu</span> <span class='ocrx_word' id='word_1_25' title='bbox 290 561 373 604; x_wconf 86' lang='lat' dir='ltr'>novo</span> <span class='ocrx_word' id='word_1_26' title='bbox 395 543 592 605; x_wconf 81' lang='lat' dir='ltr'>Testamenta</span> <span class='ocrx_word' id='word_1_27' title='bbox 616 545 824 605; x_wconf 81' lang='lat' dir='ltr'>ostenduntur·</span> <span class='ocrx_word' id='word_1_28' title='bbox 837 543 952 620; x_wconf 85' lang='lat' dir='ltr'>omnia,</span> <span class='ocrx_word' id='word_1_29' title='bbox 974 540 1054 602; x_wconf 76' lang='lat' dir='ltr'>scili</span> 
     </span>
     <span class='ocr_line' id='line_1_5' title="bbox 133 625 1053 707; baseline -0.002 -21"><span class='ocrx_word' id='word_1_30' title='bbox 133 632 182 686; x_wconf 91' lang='lat' dir='ltr'>cet</span> <span class='ocrx_word' id='word_1_31' title='bbox 202 643 282 705; x_wconf 83' lang='lat' dir='ltr'>quae</span> <span class='ocrx_word' id='word_1_32' title='bbox 309 626 450 686; x_wconf 81' lang='lat' dir='ltr'>faciende</span> <span class='ocrx_word' id='word_1_33' title='bbox 478 627 708 707; x_wconf 83' lang='lat' dir='ltr'>omittendaque</span> <span class='ocrx_word' id='word_1_34' title='bbox 737 635 831 702; x_wconf 79' lang='lat' dir='ltr'>sunt‚-</span> <span class='ocrx_word' id='word_1_35' title='bbox 858 643 938 705; x_wconf 82' lang='lat' dir='ltr'>quae</span> <span class='ocrx_word' id='word_1_36' title='bbox 961 625 1053 684; x_wconf 84' lang='lat' dir='ltr'>etiam</span> 
     </span>
     <span class='ocr_line' id='line_1_6' title="bbox 133 706 1054 789; baseline -0.001 -21"><span class='ocrx_word' id='word_1_37' title='bbox 133 716 280 768; x_wconf 89' lang='lat' dir='ltr'>maneant</span> <span class='ocrx_word' id='word_1_38' title='bbox 299 708 449 773; x_wconf 83' lang='lat' dir='ltr'>iacientes</span> <span class='ocrx_word' id='word_1_39' title='bbox 482 712 719 789; x_wconf 69' lang='lat' dir='ltr'>meminentes,</span> <span class='ocrx_word' id='word_1_40' title='bbox 754 718 785 769; x_wconf 93' lang='lat' dir='ltr'>et</span> <span class='ocrx_word' id='word_1_41' title='bbox 807 709 888 770; x_wconf 82' lang='lat' dir='ltr'>u&#39;ndc</span> <span class='ocrx_word' id='word_1_42' title='bbox 920 706 1054 788; x_wconf 72' lang='lat' dir='ltr'>petenda·</span> 
     </span>
     <span class='ocr_line' id='line_1_7' title="bbox 133 792 1055 873; baseline 0.001 -23"><span class='ocrx_word' id='word_1_43' title='bbox 133 793 202 873; x_wconf 82' lang='lat' dir='ltr'>sint,</span> <span class='ocrx_word' id='word_1_44' title='bbox 225 810 304 871; x_wconf 87' lang='lat' dir='ltr'>quae</span> <span class='ocrx_word' id='word_1_45' title='bbox 325 792 467 852; x_wconf 84' lang='lat' dir='ltr'>faciende</span> <span class='ocrx_word' id='word_1_46' title='bbox 489 799 569 856; x_wconf 84' lang='lat' dir='ltr'>sunt.</span> <span class='ocrx_word' id='word_1_47' title='bbox 612 792 672 853; x_wconf 80' lang='lat' dir='ltr'>Sed</span> <span class='ocrx_word' id='word_1_48' title='bbox 696 811 786 853; x_wconf 88' lang='lat' dir='ltr'>nemo</span> <span class='ocrx_word' id='word_1_49' title='bbox 805 794 935 872; x_wconf 83' lang='lat' dir='ltr'>cogitur,</span> <span class='ocrx_word' id='word_1_50' title='bbox 958 793 1055 851; x_wconf 90' lang='lat' dir='ltr'>omni·</span> 
     </span>
     <span class='ocr_line' id='line_1_8' title="bbox 133 873 1054 956; baseline -0.005 -19"><span class='ocrx_word' id='word_1_51' title='bbox 133 876 190 937; x_wconf 83' lang='lat' dir='ltr'>bus</span> <span class='ocrx_word' id='word_1_52' title='bbox 212 876 410 955; x_wconf 73' lang='lat' dir='ltr'><strong>permittitur,</strong></span> <span class='ocrx_word' id='word_1_53' title='bbox 444 882 475 953; x_wconf 82' lang='lat' dir='ltr'>ut</span> <span class='ocrx_word' id='word_1_54' title='bbox 497 877 546 935; x_wconf 90' lang='lat' dir='ltr'>vel</span> <span class='ocrx_word' id='word_1_55' title='bbox 570 885 695 956; x_wconf 88' lang='lat' dir='ltr'>pereant</span> <span class='ocrx_word' id='word_1_56' title='bbox 718 876 766 936; x_wconf 86' lang='lat' dir='ltr'>vel</span> <span class='ocrx_word' id='word_1_57' title='bbox 788 875 865 937; x_wconf 77' lang='lat' dir='ltr'>salvi</span> <span class='ocrx_word' id='word_1_58' title='bbox 894 873 985 952; x_wconf 84' lang='lat' dir='ltr'>fiant,</span> <span class='ocrx_word' id='word_1_59' title='bbox 1008 892 1054 933; x_wconf 77' lang='lat' dir='ltr'>se</span> 
     </span>
     <span class='ocr_line' id='line_1_9' title="bbox 134 955 1053 1038; baseline 0.001 -21"><span class='ocrx_word' id='word_1_60' title='bbox 134 957 266 1018; x_wconf 89' lang='lat' dir='ltr'>cundum</span> <span class='ocrx_word' id='word_1_61' title='bbox 289 958 372 1037; x_wconf 88' lang='lat' dir='ltr'>quod</span> <span class='ocrx_word' id='word_1_62' title='bbox 396 957 573 1038; x_wconf 79' lang='lat' dir='ltr'>voluerunt3</span> <span class='ocrx_word' id='word_1_63' title='bbox 606 959 676 1019; x_wconf 92' lang='lat' dir='ltr'>ideo</span> <span class='ocrx_word' id='word_1_64' title='bbox 703 966 734 1032; x_wconf 83' lang='lat' dir='ltr'>et</span> <span class='ocrx_word' id='word_1_65' title='bbox 756 959 861 1021; x_wconf 87' lang='lat' dir='ltr'>blattb.</span> <span class='ocrx_word' id='word_1_66' title='bbox 887 960 934 1024; x_wconf 83' lang='lat'>18.</span> <span class='ocrx_word' id='word_1_67' title='bbox 958 955 1053 1018; x_wconf 85' lang='lat' dir='ltr'>rebel·</span> 
     </span>
     <span class='ocr_line' id='line_1_10' title="bbox 134 1040 998 1120; baseline 0.002 -18"><span class='ocrx_word' id='word_1_68' title='bbox 134 1042 193 1103; x_wconf 89' lang='lat' dir='ltr'>lem</span> <span class='ocrx_word' id='word_1_69' title='bbox 217 1059 279 1102; x_wconf 91' lang='lat' dir='ltr'>non</span> <span class='ocrx_word' id='word_1_70' title='bbox 301 1040 410 1120; x_wconf 90' lang='lat' dir='ltr'>occidi,</span> <span class='ocrx_word' id='word_1_71' title='bbox 432 1041 488 1102; x_wconf 89' lang='lat' dir='ltr'>sed</span> <span class='ocrx_word' id='word_1_72' title='bbox 510 1043 597 1101; x_wconf 84' lang='lat' dir='ltr'>vitari</span> <span class='ocrx_word' id='word_1_73' title='bbox 621 1043 699 1101; x_wconf 85' lang='lat' dir='ltr'>sicut</span> <span class='ocrx_word' id='word_1_74' title='bbox 721 1042 874 1102; x_wconf 90' lang='lat' dir='ltr'>ethnicum</span> <span class='ocrx_word' id='word_1_75' title='bbox 898 1041 998 1104; x_wconf 87' lang='lat' dir='ltr'>docet.</span> 
     </span>
     <span class='ocr_line' id='line_1_11' title="bbox 217 1123 1055 1206; baseline -0.001 -21"><span class='ocrx_word' id='word_1_76' title='bbox 217 1123 268 1186; x_wconf 80' lang='lat' dir='ltr'>Sic</span> <span class='ocrx_word' id='word_1_77' title='bbox 296 1143 355 1195; x_wconf 85' lang='lat' dir='ltr'>non</span> <span class='ocrx_word' id='word_1_78' title='bbox 379 1143 398 1184; x_wconf 87' lang='lat' dir='ltr'>e</span> <span class='ocrx_word' id='word_1_79' title='bbox 419 1124 502 1204; x_wconf 83' lang='lat' dir='ltr'>lege,</span> <span class='ocrx_word' id='word_1_80' title='bbox 532 1124 586 1185; x_wconf 87' lang='lat' dir='ltr'>sed</span> <span class='ocrx_word' id='word_1_81' title='bbox 609 1144 627 1184; x_wconf 89' lang='lat' dir='ltr'>a</span> <span class='ocrx_word' id='word_1_82' title='bbox 647 1125 675 1183; x_wconf 89' lang='lat' dir='ltr'>vi</span> <span class='ocrx_word' id='word_1_83' title='bbox 697 1124 774 1205; x_wconf 79' lang='lat' dir='ltr'>legis</span> <span class='ocrx_word' id='word_1_84' title='bbox 799 1125 847 1199; x_wconf 86' lang='lat' dir='ltr'>(id</span> <span class='ocrx_word' id='word_1_85' title='bbox 875 1123 959 1206; x_wconf 91' lang='lat' dir='ltr'>quod</span> <span class='ocrx_word' id='word_1_86' title='bbox 984 1140 1055 1184; x_wconf 82' lang='lat' dir='ltr'>vere</span> 
     </span>
     <span class='ocr_line' id='line_1_12' title="bbox 134 1205 1054 1287; baseline -0.002 -18"><span class='ocrx_word' id='word_1_87' title='bbox 134 1216 181 1269; x_wconf 88' lang='lat' dir='ltr'>est</span> <span class='ocrx_word' id='word_1_88' title='bbox 202 1226 222 1268; x_wconf 87' lang='lat' dir='ltr'>a</span> <span class='ocrx_word' id='word_1_89' title='bbox 243 1207 312 1287; x_wconf 85' lang='lat' dir='ltr'>legs</span> <span class='ocrx_word' id='word_1_90' title='bbox 332 1207 427 1284; x_wconf 78' lang='lat' dir='ltr'>solvi)</span> <span class='ocrx_word' id='word_1_91' title='bbox 455 1208 593 1267; x_wconf 82' lang='lat' dir='ltr'>liberavit</span> <span class='ocrx_word' id='word_1_92' title='bbox 615 1226 686 1278; x_wconf 86' lang='lat' dir='ltr'>nos,</span> <span class='ocrx_word' id='word_1_93' title='bbox 705 1207 846 1269; x_wconf 85' lang='lat' dir='ltr'>omnibus</span> <span class='ocrx_word' id='word_1_94' title='bbox 876 1209 1005 1275; x_wconf 81' lang='lat' dir='ltr'>donata</span> <span class='ocrx_word' id='word_1_95' title='bbox 1023 1205 1054 1267; x_wconf 86' lang='lat' dir='ltr'>li·</span> 
     </span>
     <span class='ocr_line' id='line_1_13' title="bbox 134 1290 1055 1370; baseline -0.004 -17"><span class='ocrx_word' id='word_1_96' title='bbox 134 1292 252 1353; x_wconf 89' lang='lat' dir='ltr'>bertate</span> <span class='ocrx_word' id='word_1_97' title='bbox 273 1299 379 1352; x_wconf 88' lang='lat' dir='ltr'>nostro</span> <span class='ocrx_word' id='word_1_98' title='bbox 407 1291 544 1370; x_wconf 87' lang='lat' dir='ltr'>periculo</span> <span class='ocrx_word' id='word_1_99' title='bbox 571 1290 720 1368; x_wconf 78' lang='lat' dir='ltr'>faciendi,</span> <span class='ocrx_word' id='word_1_100' title='bbox 750 1294 815 1350; x_wconf 89' lang='lat' dir='ltr'>sive</span> <span class='ocrx_word' id='word_1_101' title='bbox 845 1291 958 1351; x_wconf 78' lang='lat' dir='ltr'>bonum</span> <span class='ocrx_word' id='word_1_102' title='bbox 989 1291 1055 1350; x_wconf 79' lang='lat' dir='ltr'>eive</span> 
     </span>
    </p>
   </div>
   <div class='ocr_carea' id='block_1_3' title="bbox 32 1373 1055 1454">
    <p class='ocr_par' dir='ltr' id='par_1_3' title="bbox 32 1373 1055 1454">
     <span class='ocr_line' id='line_1_14' title="bbox 32 1373 1055 1454; baseline 0.001 -20"><span class='ocrx_word' id='word_1_103' title='bbox 32 1396 38 1407; x_wconf 90' lang='lat'>·</span> <span class='ocrx_word' id='word_1_104' title='bbox 136 1376 265 1450; x_wconf 86' lang='lat' dir='ltr'>malum,</span> <span class='ocrx_word' id='word_1_105' title='bbox 300 1383 488 1433; x_wconf 85' lang='lat' dir='ltr'>nontamen</span> <span class='ocrx_word' id='word_1_106' title='bbox 516 1373 792 1454; x_wconf 84' lang='lat' dir='ltr'>perbootollens</span> <span class='ocrx_word' id='word_1_107' title='bbox 820 1375 954 1454; x_wconf 86' lang='lat' dir='ltr'>prolenis</span> <span class='ocrx_word' id='word_1_108' title='bbox 994 1390 1055 1435; x_wconf 83' lang='lat' dir='ltr'>mrt—</span> 
     </span>
    </p>
   </div>
   <div class='ocr_carea' id='block_1_4' title="bbox 100 1456 1058 1871">
    <p class='ocr_par' dir='ltr' id='par_1_4' title="bbox 100 1456 1058 1871">
     <span class='ocr_line' id='line_1_15' title="bbox 135 1456 1058 1539; baseline 0.001 -22"><span class='ocrx_word' id='word_1_109' title='bbox 135 1457 311 1539; x_wconf 84' lang='lat' dir='ltr'>gietratibus</span> <span class='ocrx_word' id='word_1_110' title='bbox 335 1477 422 1517; x_wconf 88' lang='lat' dir='ltr'>snum</span> <span class='ocrx_word' id='word_1_111' title='bbox 444 1460 492 1516; x_wconf 91' lang='lat' dir='ltr'>ius</span> <span class='ocrx_word' id='word_1_112' title='bbox 513 1465 545 1516; x_wconf 92' lang='lat' dir='ltr'>et</span> <span class='ocrx_word' id='word_1_113' title='bbox 565 1457 700 1536; x_wconf 77' lang='lat' dir='ltr'>gladium</span> <span class='ocrx_word' id='word_1_114' title='bbox 714 1459 753 1518; x_wconf 79' lang='lat' dir='ltr'>¹iu</span> <span class='ocrx_word' id='word_1_115' title='bbox 770 1458 932 1537; x_wconf 76' lang='lat' dir='ltr'>puniendis</span> <span class='ocrx_word' id='word_1_116' title='bbox 956 1456 1058 1535; x_wconf 60' lang='lat' dir='ltr'>melier</span> 
     </span>
     <span class='ocr_line' id='line_1_16' title="bbox 135 1531 1056 1622; baseline 0 -22"><span class='ocrx_word' id='word_1_117' title='bbox 135 1561 205 1601; x_wconf 87' lang='lat' dir='ltr'>nem</span> <span class='ocrx_word' id='word_1_118' title='bbox 219 1531 258 1601; x_wconf 64' lang='lat' dir='ltr'>let</span> <span class='ocrx_word' id='word_1_119' title='bbox 279 1539 357 1600; x_wconf 83' lang='lat' dir='ltr'>tales</span> <span class='ocrx_word' id='word_1_120' title='bbox 379 1540 418 1600; x_wconf 90' lang='lat' dir='ltr'>ad</span> <span class='ocrx_word' id='word_1_121' title='bbox 440 1558 567 1620; x_wconf 85' lang='lat' dir='ltr'>regnum</span> <span class='ocrx_word' id='word_1_122' title='bbox 601 1558 690 1600; x_wconf 85' lang='lat' dir='ltr'>suum</span> <span class='ocrx_word' id='word_1_123' title='bbox 713 1550 773 1600; x_wconf 88' lang='lat' dir='ltr'>non</span> <span class='ocrx_word' id='word_1_124' title='bbox 797 1545 964 1622; x_wconf 72' lang='lat' dir='ltr'>pertinent,</span> <span class='ocrx_word' id='word_1_125' title='bbox 1003 1537 1056 1600; x_wconf 81' lang='lat' dir='ltr'>do</span> 
     </span>
     <span class='ocr_line' id='line_1_17' title="bbox 135 1622 1057 1703; baseline -0.002 -19"><span class='ocrx_word' id='word_1_126' title='bbox 135 1643 194 1684; x_wconf 91' lang='lat' dir='ltr'>nec</span> <span class='ocrx_word' id='word_1_127' title='bbox 217 1624 389 1703; x_wconf 75' lang='lat' dir='ltr'>spirituales</span> <span class='ocrx_word' id='word_1_128' title='bbox 411 1623 482 1683; x_wconf 86' lang='lat' dir='ltr'>lacti</span> <span class='ocrx_word' id='word_1_129' title='bbox 504 1622 669 1684; x_wconf 76' lang='lat' dir='ltr'>liberaliter</span> <span class='ocrx_word' id='word_1_130' title='bbox 697 1625 832 1684; x_wconf 87' lang='lat' dir='ltr'>servient</span> <span class='ocrx_word' id='word_1_131' title='bbox 852 1624 931 1684; x_wconf 85' lang='lat' dir='ltr'>Deo.¹</span> <span class='ocrx_word' id='word_1_132' title='bbox 972 1623 1057 1685; x_wconf 79' lang='lat' dir='ltr'>llaec</span> 
     </span>
     <span class='ocr_line' id='line_1_18' title="bbox 136 1706 1056 1787; baseline -0.002 -19"><span class='ocrx_word' id='word_1_133' title='bbox 136 1726 203 1768; x_wconf 89' lang='lat' dir='ltr'>cum</span> <span class='ocrx_word' id='word_1_134' title='bbox 226 1709 269 1765; x_wconf 90' lang='lat' dir='ltr'>ita</span> <span class='ocrx_word' id='word_1_135' title='bbox 289 1706 424 1767; x_wconf 83' lang='lat' dir='ltr'>habeant</span> <span class='ocrx_word' id='word_1_136' title='bbox 444 1706 536 1766; x_wconf 90' lang='lat' dir='ltr'>etiam</span> <span class='ocrx_word' id='word_1_137' title='bbox 564 1709 595 1766; x_wconf 89' lang='lat' dir='ltr'>in</span> <span class='ocrx_word' id='word_1_138' title='bbox 617 1706 687 1786; x_wconf 84' lang='lat' dir='ltr'>lege</span> <span class='ocrx_word' id='word_1_139' title='bbox 703 1707 854 1787; x_wconf 78' lang='lat' dir='ltr'>Decalogi</span> <span class='ocrx_word' id='word_1_140' title='bbox 866 1707 970 1786; x_wconf 83' lang='lat' dir='ltr'>divini,</span> <span class='ocrx_word' id='word_1_141' title='bbox 993 1714 1056 1767; x_wconf 90' lang='lat' dir='ltr'>tum</span> 
     </span>
     <span class='ocr_line' id='line_1_19' title="bbox 100 1788 1056 1871; baseline -0.001 -21"><span class='ocrx_word' id='word_1_142' title='bbox 100 1836 103 1841; x_wconf 84' lang='lat'>.</span> <span class='ocrx_word' id='word_1_143' title='bbox 136 1792 269 1858; x_wconf 79' lang='lat' dir='ltr'>maxime</span> <span class='ocrx_word' id='word_1_144' title='bbox 291 1791 321 1848; x_wconf 90' lang='lat' dir='ltr'>in</span> <span class='ocrx_word' id='word_1_145' title='bbox 345 1789 462 1870; x_wconf 86' lang='lat' dir='ltr'>legibus</span> <span class='ocrx_word' id='word_1_146' title='bbox 484 1789 739 1850; x_wconf 86' lang='lat' dir='ltr'>ceremonialibus</span> <span class='ocrx_word' id='word_1_147' title='bbox 752 1788 864 1868; x_wconf 82' lang='lat' dir='ltr'>velem,-</span> <span class='ocrx_word' id='word_1_148' title='bbox 878 1808 957 1868; x_wconf 86' lang='lat' dir='ltr'>quae</span> <span class='ocrx_word' id='word_1_149' title='bbox 973 1808 1056 1871; x_wconf 89' lang='lat' dir='ltr'>pror·</span> 
     </span>
    </p>
   </div>
   <div class='ocr_carea' id='block_1_5' title="bbox 39 1872 1058 1952">
    <p class='ocr_par' dir='ltr' id='par_1_5' title="bbox 39 1872 1058 1952">
     <span class='ocr_line' id='line_1_20' title="bbox 39 1872 1058 1952; baseline 0.002 -20"><span class='ocrx_word' id='word_1_150' title='bbox 39 1872 42 1878; x_wconf 80' lang='grc'><strong>’</strong></span> <span class='ocrx_word' id='word_1_151' title='bbox 135 1893 186 1934; x_wconf 86' lang='lat' dir='ltr'>sue</span> <span class='ocrx_word' id='word_1_152' title='bbox 209 1872 343 1933; x_wconf 81' lang='lat' dir='ltr'>abolitae</span> <span class='ocrx_word' id='word_1_153' title='bbox 365 1879 445 1951; x_wconf 88' lang='lat' dir='ltr'>eunt,</span> <span class='ocrx_word' id='word_1_154' title='bbox 468 1881 500 1932; x_wconf 90' lang='lat' dir='ltr'>ut</span> <span class='ocrx_word' id='word_1_155' title='bbox 522 1873 595 1933; x_wconf 91' lang='lat' dir='ltr'>nibil</span> <span class='ocrx_word' id='word_1_156' title='bbox 616 1873 646 1932; x_wconf 90' lang='lat' dir='ltr'>in</span> <span class='ocrx_word' id='word_1_157' title='bbox 668 1875 713 1932; x_wconf 88' lang='lat' dir='ltr'>eie</span> <span class='ocrx_word' id='word_1_158' title='bbox 732 1876 853 1952; x_wconf 88' lang='lat' dir='ltr'>peccari</span> <span class='ocrx_word' id='word_1_159' title='bbox 867 1872 1058 1952; x_wconf 65' lang='lat' dir='ltr'>poseitsole</span> 
     </span>
    </p>
   </div>
   <div class='ocr_carea' id='block_1_6' title="bbox 135 1954 1064 3700">
    <p class='ocr_par' dir='ltr' id='par_1_6' title="bbox 135 1954 1064 3700">
     <span class='ocr_line' id='line_1_21' title="bbox 137 1954 1057 2037; baseline -0.002 -21"><span class='ocrx_word' id='word_1_160' title='bbox 137 1957 197 2017; x_wconf 91' lang='lat' dir='ltr'>lide</span> <span class='ocrx_word' id='word_1_161' title='bbox 234 1957 394 2037; x_wconf 89' lang='lat' dir='ltr'>proposita</span> <span class='ocrx_word' id='word_1_162' title='bbox 431 1955 470 2016; x_wconf 91' lang='lat' dir='ltr'>ad</span> <span class='ocrx_word' id='word_1_163' title='bbox 508 1954 754 2016; x_wconf 83' lang='lat' dir='ltr'>iustificationem</span> <span class='ocrx_word' id='word_1_164' title='bbox 791 1955 1057 2023; x_wconf 76' lang='lat' dir='ltr'>sufficientissima.</span> 
     </span>
     <span class='ocr_line' id='line_1_22' title="bbox 135 2038 1060 2119; baseline -0.003 -17"><span class='ocrx_word' id='word_1_165' title='bbox 135 2040 214 2102; x_wconf 46' lang='lat' dir='ltr'>&gt;Cum</span> <span class='ocrx_word' id='word_1_166' title='bbox 236 2047 338 2099; x_wconf 91' lang='lat' dir='ltr'>autern</span> <span class='ocrx_word' id='word_1_167' title='bbox 359 2058 414 2098; x_wconf 82' lang='lat' dir='ltr'>rex</span> <span class='ocrx_word' id='word_1_168' title='bbox 436 2038 493 2098; x_wconf 89' lang='lat' dir='ltr'>iste</span> <span class='ocrx_word' id='word_1_169' title='bbox 514 2038 659 2100; x_wconf 78' lang='lat' dir='ltr'>facierum</span> <span class='ocrx_word' id='word_1_170' title='bbox 684 2057 766 2119; x_wconf 87' lang='lat' dir='ltr'>papa</span> <span class='ocrx_word' id='word_1_171' title='bbox 787 2038 868 2099; x_wconf 88' lang='lat' dir='ltr'>alind</span> <span class='ocrx_word' id='word_1_172' title='bbox 882 2039 1060 2117; x_wconf 74' lang='lat' dir='ltr'>coniectat,</span> 
     </span>
     <span class='ocr_line' id='line_1_23' title="bbox 135 2121 1057 2203; baseline -0.001 -21"><span class='ocrx_word' id='word_1_173' title='bbox 135 2142 226 2203; x_wconf 89' lang='lat' dir='ltr'>quam</span> <span class='ocrx_word' id='word_1_174' title='bbox 248 2121 332 2201; x_wconf 92' lang='lat' dir='ltr'>quod</span> <span class='ocrx_word' id='word_1_175' title='bbox 353 2121 480 2182; x_wconf 91' lang='lat' dir='ltr'>mandat</span> <span class='ocrx_word' id='word_1_176' title='bbox 505 2129 536 2181; x_wconf 91' lang='lat' dir='ltr'>et</span> <span class='ocrx_word' id='word_1_177' title='bbox 557 2131 643 2201; x_wconf 88' lang='lat' dir='ltr'>urget</span> <span class='ocrx_word' id='word_1_178' title='bbox 675 2125 705 2182; x_wconf 90' lang='lat' dir='ltr'>in</span> <span class='ocrx_word' id='word_1_179' title='bbox 730 2123 878 2183; x_wconf 84' lang='lat' dir='ltr'>universis</span> <span class='ocrx_word' id='word_1_180' title='bbox 911 2123 973 2182; x_wconf 90' lang='lat' dir='ltr'>suis</span> <span class='ocrx_word' id='word_1_181' title='bbox 998 2121 1057 2181; x_wconf 89' lang='lat' dir='ltr'>De·</span> 
     </span>
     <span class='ocr_line' id='line_1_24' title="bbox 135 2204 1056 2284; baseline -0.002 -18"><span class='ocrx_word' id='word_1_182' title='bbox 135 2206 236 2282; x_wconf 79' lang='lat' dir='ltr'>eretis,</span> <span class='ocrx_word' id='word_1_183' title='bbox 258 2204 351 2284; x_wconf 89' lang='lat' dir='ltr'>idque</span> <span class='ocrx_word' id='word_1_184' title='bbox 374 2205 440 2264; x_wconf 85' lang='lat' dir='ltr'>vice</span> <span class='ocrx_word' id='word_1_185' title='bbox 458 2212 488 2265; x_wconf 91' lang='lat' dir='ltr'>et</span> <span class='ocrx_word' id='word_1_186' title='bbox 511 2208 634 2276; x_wconf 82' lang='lat' dir='ltr'>nomine</span> <span class='ocrx_word' id='word_1_187' title='bbox 647 2206 715 2282; x_wconf 83' lang='lat' dir='ltr'>Dei,</span> <span class='ocrx_word' id='word_1_188' title='bbox 738 2207 811 2264; x_wconf 86' lang='lat' dir='ltr'>eatis</span> <span class='ocrx_word' id='word_1_189' title='bbox 836 2207 939 2283; x_wconf 86' lang='lat' dir='ltr'>claret,</span> <span class='ocrx_word' id='word_1_190' title='bbox 964 2222 1056 2284; x_wconf 88' lang='lat' dir='ltr'>quam</span> 
     </span>
     <span class='ocr_line' id='line_1_25' title="bbox 135 2286 1058 2367; baseline -0.003 -18"><span class='ocrx_word' id='word_1_191' title='bbox 135 2291 174 2349; x_wconf 87' lang='lat' dir='ltr'>sit</span> <span class='ocrx_word' id='word_1_192' title='bbox 196 2288 388 2349; x_wconf 87' lang='lat' dir='ltr'>adversarius</span> <span class='ocrx_word' id='word_1_193' title='bbox 411 2286 521 2348; x_wconf 79' lang='lat' dir='ltr'>Christi</span> <span class='ocrx_word' id='word_1_194' title='bbox 549 2297 580 2354; x_wconf 86' lang='lat' dir='ltr'>et</span> <span class='ocrx_word' id='word_1_195' title='bbox 610 2299 744 2349; x_wconf 87' lang='lat' dir='ltr'>vastator</span> <span class='ocrx_word' id='word_1_196' title='bbox 765 2292 837 2349; x_wconf 90' lang='lat' dir='ltr'>novi</span> <span class='ocrx_word' id='word_1_197' title='bbox 859 2288 1058 2367; x_wconf 81' lang='lat' dir='ltr'>Testamenti,</span> 
     </span>
     <span class='ocr_line' id='line_1_26' title="bbox 135 2369 1057 2450; baseline -0.003 -17"><span class='ocrx_word' id='word_1_198' title='bbox 135 2379 168 2433; x_wconf 87' lang='lat' dir='ltr'>et</span> <span class='ocrx_word' id='word_1_199' title='bbox 188 2372 285 2431; x_wconf 88' lang='lat' dir='ltr'>bostis</span> <span class='ocrx_word' id='word_1_200' title='bbox 307 2371 454 2432; x_wconf 86' lang='lat' dir='ltr'>libertatis</span> <span class='ocrx_word' id='word_1_201' title='bbox 478 2371 686 2448; x_wconf 77' lang='lat' dir='ltr'>Christianae,</span> <span class='ocrx_word' id='word_1_202' title='bbox 721 2390 836 2450; x_wconf 84' lang='lat' dir='ltr'>cogens</span> <span class='ocrx_word' id='word_1_203' title='bbox 871 2373 985 2432; x_wconf 89' lang='lat' dir='ltr'>invitos</span> <span class='ocrx_word' id='word_1_204' title='bbox 1017 2369 1057 2439; x_wconf 82' lang='lat' dir='ltr'>ad</span> 
     </span>
     <span class='ocr_line' id='line_1_27' title="bbox 139 2453 1057 2536; baseline -0.002 -19"><span class='ocrx_word' id='word_1_205' title='bbox 139 2474 233 2535; x_wconf 90' lang='lat' dir='ltr'>opera</span> <span class='ocrx_word' id='word_1_206' title='bbox 255 2474 274 2514; x_wconf 89' lang='lat' dir='ltr'>a</span> <span class='ocrx_word' id='word_1_207' title='bbox 296 2474 330 2514; x_wconf 91' lang='lat' dir='ltr'>se</span> <span class='ocrx_word' id='word_1_208' title='bbox 352 2456 510 2535; x_wconf 85' lang='lat' dir='ltr'>imperata.</span> <span class='ocrx_word' id='word_1_209' title='bbox 543 2453 611 2529; x_wconf 79' lang='lat' dir='ltr'>Qua</span> <span class='ocrx_word' id='word_1_210' title='bbox 623 2455 785 2536; x_wconf 84' lang='lat' dir='ltr'>tyrannide</span> <span class='ocrx_word' id='word_1_211' title='bbox 797 2463 841 2515; x_wconf 90' lang='lat' dir='ltr'>tot</span> <span class='ocrx_word' id='word_1_212' title='bbox 858 2463 1057 2535; x_wconf 89' lang='lat' dir='ltr'>peccatorum</span> 
     </span>
     <span class='ocr_line' id='line_1_28' title="bbox 137 2540 1058 2618; baseline 0 -19"><span class='ocrx_word' id='word_1_213' title='bbox 137 2546 227 2600; x_wconf 88' lang='lat' dir='ltr'>autor</span> <span class='ocrx_word' id='word_1_214' title='bbox 249 2545 305 2614; x_wconf 87' lang='lat' dir='ltr'>est,</span> <span class='ocrx_word' id='word_1_215' title='bbox 326 2547 402 2617; x_wconf 90' lang='lat' dir='ltr'>quot</span> <span class='ocrx_word' id='word_1_216' title='bbox 424 2557 519 2618; x_wconf 90' lang='lat' dir='ltr'>opera</span> <span class='ocrx_word' id='word_1_217' title='bbox 540 2540 579 2598; x_wconf 86' lang='lat' dir='ltr'>ab</span> <span class='ocrx_word' id='word_1_218' title='bbox 608 2540 708 2598; x_wconf 85' lang='lat' dir='ltr'>invitis</span> <span class='ocrx_word' id='word_1_219' title='bbox 738 2540 821 2602; x_wconf 81' lang='lat' dir='ltr'>liunt.</span> <span class='ocrx_word' id='word_1_220' title='bbox 866 2540 944 2599; x_wconf 89' lang='lat' dir='ltr'>Dum</span> <span class='ocrx_word' id='word_1_221' title='bbox 977 2541 1058 2602; x_wconf 90' lang='lat' dir='ltr'>enim</span> 
     </span>
     <span class='ocr_line' id='line_1_29' title="bbox 136 2621 1058 2698; baseline 0 -16"><span class='ocrx_word' id='word_1_222' title='bbox 136 2641 206 2682; x_wconf 89' lang='lat' dir='ltr'>sese</span> <span class='ocrx_word' id='word_1_223' title='bbox 229 2621 356 2681; x_wconf 90' lang='lat' dir='ltr'>creduut</span> <span class='ocrx_word' id='word_1_224' title='bbox 377 2623 473 2683; x_wconf 88' lang='lat' dir='ltr'>teneri</span> <span class='ocrx_word' id='word_1_225' title='bbox 495 2624 560 2683; x_wconf 85' lang='lat' dir='ltr'>eine</span> <span class='ocrx_word' id='word_1_226' title='bbox 581 2622 741 2698; x_wconf 79' lang='lat' dir='ltr'>mendatis,</span> <span class='ocrx_word' id='word_1_227' title='bbox 765 2625 984 2684; x_wconf 89' lang='lat' dir='ltr'>conscientiam</span> <span class='ocrx_word' id='word_1_228' title='bbox 1009 2625 1058 2683; x_wconf 82' lang='lat' dir='ltr'>lra-</span> 
     </span>
     <span class='ocr_line' id='line_1_30' title="bbox 136 2705 1060 2785; baseline 0 -18"><span class='ocrx_word' id='word_1_229' title='bbox 136 2706 219 2783; x_wconf 85' lang='lat' dir='ltr'>bent‚</span> <span class='ocrx_word' id='word_1_230' title='bbox 241 2706 267 2764; x_wconf 90' lang='lat' dir='ltr'>si</span> <span class='ocrx_word' id='word_1_231' title='bbox 289 2707 440 2782; x_wconf 87' lang='lat' dir='ltr'>omittant,</span> <span class='ocrx_word' id='word_1_232' title='bbox 452 2713 482 2765; x_wconf 88' lang='lat' dir='ltr'>et</span> <span class='ocrx_word' id='word_1_233' title='bbox 496 2707 685 2785; x_wconf 86' lang='lat' dir='ltr'>tamenquia</span> <span class='ocrx_word' id='word_1_234' title='bbox 707 2707 792 2765; x_wconf 84' lang='lat' dir='ltr'>inviti</span> <span class='ocrx_word' id='word_1_235' title='bbox 805 2705 940 2784; x_wconf 60' lang='lat' dir='ltr'>faciunt,&gt;</span> <span class='ocrx_word' id='word_1_236' title='bbox 951 2725 1060 2767; x_wconf 82' lang='lat' dir='ltr'>revera</span> 
     </span>
     <span class='ocr_line' id='line_1_31' title="bbox 136 2788 1058 2870; baseline -0.001 -20"><span class='ocrx_word' id='word_1_237' title='bbox 136 2790 168 2850; x_wconf 92' lang='lat' dir='ltr'>in</span> <span class='ocrx_word' id='word_1_238' title='bbox 190 2788 284 2849; x_wconf 92' lang='lat' dir='ltr'>corde</span> <span class='ocrx_word' id='word_1_239' title='bbox 306 2799 455 2870; x_wconf 62' lang='lat' dir='ltr'>peccant,</span> <span class='ocrx_word' id='word_1_240' title='bbox 469 2807 531 2848; x_wconf 88' lang='lat' dir='ltr'>non</span> <span class='ocrx_word' id='word_1_241' title='bbox 553 2791 707 2869; x_wconf 74' lang='lat' dir='ltr'>peccaturi</span> <span class='ocrx_word' id='word_1_242' title='bbox 730 2788 920 2850; x_wconf 76' lang='lat' dir='ltr'>hec‘averea</span> <span class='ocrx_word' id='word_1_243' title='bbox 942 2797 973 2849; x_wconf 91' lang='lat' dir='ltr'>et</span> <span class='ocrx_word' id='word_1_244' title='bbox 994 2789 1058 2851; x_wconf 92' lang='lat' dir='ltr'>odi·</span> 
     </span>
     <span class='ocr_line' id='line_1_32' title="bbox 138 2871 1057 2951; baseline 0.001 -19"><span class='ocrx_word' id='word_1_245' title='bbox 138 2880 209 2932; x_wconf 87' lang='lat' dir='ltr'>ente</span> <span class='ocrx_word' id='word_1_246' title='bbox 230 2872 330 2951; x_wconf 84' lang='lat' dir='ltr'>legem</span> <span class='ocrx_word' id='word_1_247' title='bbox 353 2871 521 2949; x_wconf 81' lang='lat' dir='ltr'>voluntate,</span> <span class='ocrx_word' id='word_1_248' title='bbox 543 2873 568 2930; x_wconf 90' lang='lat' dir='ltr'>si</span> <span class='ocrx_word' id='word_1_249' title='bbox 591 2871 665 2930; x_wconf 88' lang='lat' dir='ltr'>nihil</span> <span class='ocrx_word' id='word_1_250' title='bbox 679 2872 865 2950; x_wconf 80' lang='lat' dir='ltr'>mandasset,</span> <span class='ocrx_word' id='word_1_251' title='bbox 888 2872 942 2933; x_wconf 90' lang='lat' dir='ltr'>sed</span> <span class='ocrx_word' id='word_1_252' title='bbox 957 2874 1057 2933; x_wconf 88' lang='lat' dir='ltr'>solum</span> 
     </span>
     <span class='ocr_line' id='line_1_33' title="bbox 137 2952 1060 3035; baseline 0 -19"><span class='ocrx_word' id='word_1_253' title='bbox 137 2956 331 3016; x_wconf 77' lang='lat' dir='ltr'>obsecrasset</span> <span class='ocrx_word' id='word_1_254' title='bbox 353 2961 384 3014; x_wconf 91' lang='lat' dir='ltr'>et</span> <span class='ocrx_word' id='word_1_255' title='bbox 405 2954 583 3016; x_wconf 83' lang='lat' dir='ltr'>exhortatus</span> <span class='ocrx_word' id='word_1_256' title='bbox 605 2954 720 3015; x_wconf 85' lang='lat' dir='ltr'>fuisset.</span> <span class='ocrx_word' id='word_1_257' title='bbox 738 2952 868 3014; x_wconf 78' lang='lat' dir='ltr'>‘Rursus</span> <span class='ocrx_word' id='word_1_258' title='bbox 885 2957 915 3015; x_wconf 88' lang='lat' dir='ltr'>in</span> <span class='ocrx_word' id='word_1_259' title='bbox 938 2958 985 3033; x_wconf 85' lang='lat' dir='ltr'>iis,</span> <span class='ocrx_word' id='word_1_260' title='bbox 1008 2957 1060 3035; x_wconf 91' lang='lat' dir='ltr'>qui</span> 
     </span>
     <span class='ocr_line' id='line_1_34' title="bbox 136 3037 1059 3119; baseline 0 -19"><span class='ocrx_word' id='word_1_261' title='bbox 136 3037 194 3101; x_wconf 83' lang='lat' dir='ltr'>sibi</span> <span class='ocrx_word' id='word_1_262' title='bbox 217 3040 439 3118; x_wconf 86' lang='lat' dir='ltr'>obtemperant,</span> <span class='ocrx_word' id='word_1_263' title='bbox 460 3045 549 3099; x_wconf 88' lang='lat' dir='ltr'>autor</span> <span class='ocrx_word' id='word_1_264' title='bbox 570 3046 615 3098; x_wconf 90' lang='lat' dir='ltr'>est</span> <span class='ocrx_word' id='word_1_265' title='bbox 627 3038 722 3098; x_wconf 83' lang='lat' dir='ltr'>salsae</span> <span class='ocrx_word' id='word_1_266' title='bbox 736 3039 879 3118; x_wconf 84' lang='lat' dir='ltr'>iustitiae,</span> <span class='ocrx_word' id='word_1_267' title='bbox 893 3041 975 3119; x_wconf 87' lang='lat' dir='ltr'>quia,</span> <span class='ocrx_word' id='word_1_268' title='bbox 987 3039 1059 3100; x_wconf 89' lang='lat' dir='ltr'>dum</span> 
     </span>
     <span class='ocr_line' id='line_1_35' title="bbox 137 3120 1064 3203; baseline 0.002 -22"><span class='ocrx_word' id='word_1_269' title='bbox 137 3141 207 3183; x_wconf 86' lang='lat' dir='ltr'>sese</span> <span class='ocrx_word' id='word_1_270' title='bbox 230 3120 358 3181; x_wconf 89' lang='lat' dir='ltr'>credunt</span> <span class='ocrx_word' id='word_1_271' title='bbox 380 3121 567 3181; x_wconf 83' lang='lat' dir='ltr'>benefecisse</span> <span class='ocrx_word' id='word_1_272' title='bbox 589 3129 619 3181; x_wconf 89' lang='lat' dir='ltr'>et</span> <span class='ocrx_word' id='word_1_273' title='bbox 640 3121 720 3183; x_wconf 89' lang='lat' dir='ltr'>banc</span> <span class='ocrx_word' id='word_1_274' title='bbox 743 3121 948 3182; x_wconf 89' lang='lat' dir='ltr'>obedientiam</span> <span class='ocrx_word' id='word_1_275' title='bbox 973 3142 1064 3203; x_wconf 89' lang='lat' dir='ltr'>repn··</span> 
     </span>
     <span class='ocr_line' id='line_1_36' title="bbox 138 3203 1059 3285; baseline 0.001 -21"><span class='ocrx_word' id='word_1_276' title='bbox 138 3213 204 3264; x_wconf 85' lang='lat' dir='ltr'>tent</span> <span class='ocrx_word' id='word_1_277' title='bbox 225 3222 280 3284; x_wconf 93' lang='lat' dir='ltr'>pro</span> <span class='ocrx_word' id='word_1_278' title='bbox 302 3204 430 3281; x_wconf 83' lang='lat' dir='ltr'>iustitia,</span> <span class='ocrx_word' id='word_1_279' title='bbox 464 3203 512 3282; x_wconf 83' lang='lat' dir='ltr'>fir,</span> <span class='ocrx_word' id='word_1_280' title='bbox 535 3212 567 3264; x_wconf 90' lang='lat' dir='ltr'>nt</span> <span class='ocrx_word' id='word_1_281' title='bbox 590 3222 652 3264; x_wconf 92' lang='lat' dir='ltr'>non</span> <span class='ocrx_word' id='word_1_282' title='bbox 675 3203 735 3265; x_wconf 88' lang='lat' dir='ltr'>fide</span> <span class='ocrx_word' id='word_1_283' title='bbox 756 3206 786 3264; x_wconf 90' lang='lat' dir='ltr'>in</span> <span class='ocrx_word' id='word_1_284' title='bbox 811 3204 981 3285; x_wconf 82' lang='lat' dir='ltr'>Christum,</span> <span class='ocrx_word' id='word_1_285' title='bbox 1003 3204 1059 3265; x_wconf 89' lang='lat' dir='ltr'>sed</span> 
     </span>
     <span class='ocr_line' id='line_1_37' title="bbox 138 3288 1059 3367; baseline 0.001 -20"><span class='ocrx_word' id='word_1_286' title='bbox 138 3289 174 3347; x_wconf 91' lang='lat' dir='ltr'>iie</span> <span class='ocrx_word' id='word_1_287' title='bbox 197 3288 315 3367; x_wconf 85' lang='lat' dir='ltr'>legibus</span> <span class='ocrx_word' id='word_1_288' title='bbox 337 3296 369 3347; x_wconf 91' lang='lat' dir='ltr'>et</span> <span class='ocrx_word' id='word_1_289' title='bbox 390 3289 533 3367; x_wconf 88' lang='lat' dir='ltr'>operibns</span> <span class='ocrx_word' id='word_1_290' title='bbox 562 3307 631 3348; x_wconf 89' lang='lat' dir='ltr'>sese</span> <span class='ocrx_word' id='word_1_291' title='bbox 654 3289 751 3349; x_wconf 88' lang='lat' dir='ltr'>bonos</span> <span class='ocrx_word' id='word_1_292' title='bbox 783 3288 848 3348; x_wconf 86' lang='lat' dir='ltr'>lore</span> <span class='ocrx_word' id='word_1_293' title='bbox 870 3296 901 3348; x_wconf 92' lang='lat' dir='ltr'>et</span> <span class='ocrx_word' id='word_1_294' title='bbox 922 3307 992 3349; x_wconf 89' lang='lat' dir='ltr'>esee</span> <span class='ocrx_word' id='word_1_295' title='bbox 1014 3307 1059 3348; x_wconf 90' lang='lat' dir='ltr'>ar-</span> 
     </span>
     <span class='ocr_line' id='line_1_38' title="bbox 138 3370 1061 3450; baseline 0.001 -20"><span class='ocrx_word' id='word_1_296' title='bbox 138 3370 294 3435; x_wconf 83' lang='lat' dir='ltr'>bitrentur.</span> <span class='ocrx_word' id='word_1_297' title='bbox 339 3372 439 3450; x_wconf 85' lang='lat' dir='ltr'>Atque</span> <span class='ocrx_word' id='word_1_298' title='bbox 476 3371 536 3430; x_wconf 92' lang='lat' dir='ltr'>hoo</span> <span class='ocrx_word' id='word_1_299' title='bbox 567 3379 614 3431; x_wconf 89' lang='lat' dir='ltr'>est</span> <span class='ocrx_word' id='word_1_300' title='bbox 652 3390 725 3444; x_wconf 82' lang='lat' dir='ltr'>vere</span> <span class='ocrx_word' id='word_1_301' title='bbox 753 3380 875 3431; x_wconf 84' lang='lat' dir='ltr'>vastare</span> <span class='ocrx_word' id='word_1_302' title='bbox 909 3370 1002 3432; x_wconf 89' lang='lat' dir='ltr'>fldem</span> <span class='ocrx_word' id='word_1_303' title='bbox 1029 3380 1061 3431; x_wconf 90' lang='lat' dir='ltr'>et</span> 
     </span>
     <span class='ocr_line' id='line_1_39' title="bbox 140 3453 1059 3534; baseline 0.002 -22"><span class='ocrx_word' id='word_1_304' title='bbox 140 3455 308 3531; x_wconf 79' lang='lat' dir='ltr'>veritatem,</span> <span class='ocrx_word' id='word_1_305' title='bbox 323 3462 355 3514; x_wconf 89' lang='lat' dir='ltr'>et</span> <span class='ocrx_word' id='word_1_306' title='bbox 365 3455 569 3514; x_wconf 85' lang='lat' dir='ltr'>conscientias</span> <span class='ocrx_word' id='word_1_307' title='bbox 581 3460 642 3513; x_wconf 90' lang='lat' dir='ltr'>tum</span> <span class='ocrx_word' id='word_1_308' title='bbox 653 3453 973 3534; x_wconf 87' lang='lat' dir='ltr'>malasmultiplicsre‚</span> <span class='ocrx_word' id='word_1_309' title='bbox 995 3464 1059 3515; x_wconf 89' lang='lat' dir='ltr'>tum</span> 
     </span>
     <span class='ocr_line' id='line_1_40' title="bbox 139 3535 1062 3613; baseline 0.002 -17"><span class='ocrx_word' id='word_1_310' title='bbox 139 3535 209 3596; x_wconf 86' lang='lat' dir='ltr'>licte</span> <span class='ocrx_word' id='word_1_311' title='bbox 229 3536 327 3598; x_wconf 87' lang='lat' dir='ltr'>bonae</span> <span class='ocrx_word' id='word_1_312' title='bbox 349 3536 458 3599; x_wconf 83' lang='lat' dir='ltr'>lacere.</span> <span class='ocrx_word' id='word_1_313' title='bbox 502 3535 579 3597; x_wconf 78' lang='lat' dir='ltr'>Cum</span> <span class='ocrx_word' id='word_1_314' title='bbox 602 3545 704 3598; x_wconf 88' lang='lat' dir='ltr'>autern</span> <span class='ocrx_word' id='word_1_315' title='bbox 726 3537 756 3597; x_wconf 95' lang='lat' dir='ltr'>id</span> <span class='ocrx_word' id='word_1_316' title='bbox 780 3537 873 3597; x_wconf 82' lang='lat' dir='ltr'>iaciat</span> <span class='ocrx_word' id='word_1_317' title='bbox 894 3545 959 3598; x_wconf 92' lang='lat' dir='ltr'>toto</span> <span class='ocrx_word' id='word_1_318' title='bbox 975 3537 1062 3613; x_wconf 81' lang='lat' dir='ltr'>orbe,</span> 
     </span>
     <span class='ocr_line' id='line_1_41' title="bbox 138 3619 1059 3700; baseline -0.001 -20"><span class='ocrx_word' id='word_1_319' title='bbox 138 3627 233 3699; x_wconf 85' lang='lat' dir='ltr'>patet,</span> <span class='ocrx_word' id='word_1_320' title='bbox 255 3638 346 3700; x_wconf 86' lang='lat' dir='ltr'>quam</span> <span class='ocrx_word' id='word_1_321' title='bbox 369 3620 515 3680; x_wconf 88' lang='lat' dir='ltr'>mirabilis</span> <span class='ocrx_word' id='word_1_322' title='bbox 538 3627 568 3680; x_wconf 88' lang='lat' dir='ltr'>et</span> <span class='ocrx_word' id='word_1_323' title='bbox 589 3619 774 3681; x_wconf 88' lang='lat' dir='ltr'>incredibilis</span> <span class='ocrx_word' id='word_1_324' title='bbox 787 3627 924 3681; x_wconf 85' lang='lat' dir='ltr'>vastator</span> <span class='ocrx_word' id='word_1_325' title='bbox 939 3629 971 3680; x_wconf 90' lang='lat' dir='ltr'>et</span> <span class='ocrx_word' id='word_1_326' title='bbox 992 3639 1059 3682; x_wconf 88' lang='lat' dir='ltr'>cor·</span> 
     </span>
    </p>
   </div>
   <div class='ocr_carea' id='block_1_7' title="bbox 28 3704 1062 3787">
    <p class='ocr_par' dir='ltr' id='par_1_7' title="bbox 28 3704 1062 3787">
     <span class='ocr_line' id='line_1_42' title="bbox 28 3704 1062 3787; baseline 0.003 -23"><span class='ocrx_word' id='word_1_327' title='bbox 28 3723 31 3727; x_wconf 90' lang='lat'>·</span> <span class='ocrx_word' id='word_1_328' title='bbox 137 3713 245 3787; x_wconf 88' lang='lat' dir='ltr'>ruptor</span> <span class='ocrx_word' id='word_1_329' title='bbox 266 3706 315 3785; x_wconf 74' lang='lat' dir='ltr'>eit,</span> <span class='ocrx_word' id='word_1_330' title='bbox 337 3710 382 3766; x_wconf 91' lang='lat' dir='ltr'>tot</span> <span class='ocrx_word' id='word_1_331' title='bbox 403 3705 484 3765; x_wconf 91' lang='lat' dir='ltr'>enim</span> <span class='ocrx_word' id='word_1_332' title='bbox 508 3711 618 3783; x_wconf 74' lang='lat' dir='ltr'>vermi,</span> <span class='ocrx_word' id='word_1_333' title='bbox 640 3711 791 3784; x_wconf 89' lang='lat' dir='ltr'>quotquot</span> <span class='ocrx_word' id='word_1_334' title='bbox 806 3704 927 3786; x_wconf 83' lang='lat' dir='ltr'>legibus</span> <span class='ocrx_word' id='word_1_335' title='bbox 949 3710 981 3765; x_wconf 88' lang='lat' dir='ltr'>et</span> <span class='ocrx_word' id='word_1_336' title='bbox 1001 3706 1062 3767; x_wconf 87' lang='lat' dir='ltr'>im-</span> 
     </span>
    </p>
   </div>
   <div class='ocr_carea' id='block_1_8' title="bbox 0 0 1210 4170">
    <p class='ocr_par' dir='ltr' id='par_1_8' title="bbox 0 0 1210 4170">
     <span class='ocr_line' id='line_1_43' title="bbox 0 0 1210 4170; baseline 0 0"><span class='ocrx_word' id='word_1_337' title='bbox 0 0 1210 4170; x_wconf 95' lang='lat' dir='ltr'> </span> 
     </span>
    </p>
   </div>
  </div>
 </body>
</html>
