2392 4170
191 230 257 300 224
565 232 713 291 mano

195 402 261 466 cal.
284 423 381 485 snam,
403 423 466 485 quo
488 406 619 467 consilio
640 405 720 466 haec
739 404 829 480 liant,
850 413 882 464 ct
903 424 942 463 an
964 403 1038 463 hnic
1066 420 1115 462 rn-

195 489 273 548 mori
294 486 372 549 lldes
404 487 547 549 habenda
567 490 623 565 sit,
656 491 836 569 praesertim
870 506 940 547 cnm
961 487 1020 567 ipsi
1040 484 1116 545 Uni·

195 572 324 632 versitas
346 578 377 630 et
398 570 573 652 Capitulum
596 590 655 632 nec
676 575 791 652 scripto
821 589 881 631 nec
913 571 1027 630 nando
1048 566 1116 631 cet.

195 672 283 714 suam
304 654 344 715 da
365 654 424 714 hac
445 676 477 714 re
500 657 660 716 certiorem
684 656 820 718 iecerint.

277 737 430 812 Quoniam
452 750 554 799 autem
584 737 648 801 cet.
684 758 758 798 suae
793 739 935 798 voluntas
969 738 1116 797 inclinata

194 832 227 883 et
247 840 403 904 propensa
423 823 462 881 ad
488 822 699 902 promovenda
733 824 928 901 iurandaque
958 839 1016 902 pro
1049 822 1117 881 riri·

195 905 252 967 bus
274 908 389 986 omnia,
410 924 491 985 quae
511 915 730 966 sacrosanctae
749 905 823 964 fidei
836 904 1030 966 Christianae
1044 920 1117 964 oon·

194 988 308 1048 ducere
335 997 367 1050 et
395 1007 498 1048 veram
519 990 665 1068 pietatem
687 987 824 1048 stabilire
846 988 1021 1067 videantur,
1042 986 1117 1050 iam·

195 1072 314 1153 pridem
330 1082 494 1152 perspecta
514 1076 553 1132 sit
575 1074 650 1152 ipsis
672 1080 704 1132 et
724 1074 867 1152 cognita,
898 1071 970 1133 ideo
1005 1090 1065 1131 neo
1085 1073 1116 1131 in

195 1167 354 1237 posterum
376 1158 416 1216 ad
438 1166 608 1216 extremum
632 1174 729 1235 nsque
757 1156 896 1235 spiritum
930 1155 1022 1214 aliam
1050 1154 1117 1214 lore

196 1248 330 1300 mentem
352 1237 417 1300 cet.
439 1258 524 1319 suae,
546 1257 638 1318 quam
660 1239 772 1320 agendi
801 1238 987 1318 gerendiqne
1015 1239 1119 1299 omnia

198 1341 236 1385 ea
257 1323 470 1383 moderatione
491 1334 523 1382 et
537 1327 663 1403 pietate,
686 1341 767 1403 quae
786 1322 897 1382 deceat
911 1322 1116 1383 Christianum

196 1406 380 1487 Principem,
402 1425 498 1486 seque
520 1406 601 1466 hunc
626 1409 763 1465 animum
795 1424 864 1465 cum
897 1408 965 1465 aliis
995 1403 1118 1465 abunde

197 1488 372 1551 declarasse
399 1491 619 1550 constitutione
646 1491 836 1550 Academiae
852 1488 1117 1568 Vnittembergen-

196 1575 249 1655 sis,
271 1584 304 1632 ut
324 1575 366 1634 ibi
386 1574 499 1653 aliquis
522 1584 630 1634 coetus
652 1573 815 1633 multorum
837 1575 958 1653 piorum
986 1580 1019 1632 et
1045 1570 1117 1632 doc

197 1664 297 1719 torum
319 1659 454 1718 virorum
476 1656 601 1717 educari
622 1666 652 1717 et
674 1657 805 1717 honeste
826 1656 922 1717 foveri
945 1662 1061 1736 posset.

279 1739 414 1801 Proinde
441 1739 507 1805 cel.
528 1759 615 1799 suam
642 1738 776 1800 antehac
807 1739 847 1798 ab
876 1740 951 1820 ipsis
982 1738 1119 1819 petiisse,

197 1829 231 1885 ut
250 1824 350 1884 sicubi
372 1823 444 1903 quid
466 1831 636 1885 tentaretur
655 1823 762 1883 illicite
784 1823 833 1882 vel
855 1830 1004 1883 teututnm
1027 1828 1119 1898 esset,
1158 1858 1161 1863 ·

197 1909 257 1990 ipsi
276 1926 333 1988 pro
354 1904 502 1988 singulari
519 1926 574 1968 sua
588 1906 749 1987 prudentia
770 1924 958 1988 magnopere
979 1903 1119 1966 attende·

124 2030 127 2035 ι
197 1999 275 2069 rent,
297 1992 469 2071 vigilarent,
489 2000 644 2067 caverant,
666 2009 705 2050 ne
726 1989 801 2050 talia
824 1996 1014 2065 moveantur,
1038 1986 1120 2048 unde

197 2073 276 2137 labis
298 2086 351 2134 aut
372 2072 545 2135 detrimenti
573 2072 690 2154 aliquid
723 2076 754 2133 in
787 2071 935 2154 Rempub.
967 2070 1119 2147 influeret,

199 2168 404 2236 accurateque
431 2158 629 2238 providerent
657 2158 783 2235 animis,
815 2176 875 2237 qna
903 2159 968 2234 via,
997 2156 1119 2236 quibus·

200 2260 260 2322 qne
282 2240 450 2302 rationibus
474 2243 579 2321 aequis
602 2259 639 2301 ao
656 2241 828 2302 commodis
842 2240 990 2322 dissipata
1004 2239 1119 2314 sarciri,

200 2326 384 2405 discordiae,
405 2325 572 2386 seditiones
600 2326 721 2404 alisque
750 2325 886 2406 pericula
914 2326 1016 2386 careri
1045 2325 1119 2384 vita

200 2410 286 2490 rique
309 2415 446 2490 possent.

282 2493 389 2572 ltaque
419 2493 456 2557 D.
481 2493 652 2554 Pontanum
687 2494 882 2575 rescripsisse
913 2491 978 2553 Cel.
1012 2492 1118 2571 ipsine,

201 2577 282 2657 qnod
305 2586 376 2657 post
404 2576 540 2637 auditam
569 2579 896 2638 commemorationem
926 2595 1013 2636 suam
1048 2573 1119 2635 Uni·

202 2664 329 2722 versitas
358 2668 388 2720 et
410 2660 584 2740 Capitulum
612 2660 800 2743 delegissent
825 2670 925 2721 certos
957 2657 1119 2738 quosdam,

200 2763 329 2825 quornm
351 2752 454 2825 partes
478 2752 583 2804 essent
605 2743 767 2826 diligenter
786 2745 948 2823 inquirere,
966 2741 1038 2822 quid
1058 2739 1117 2802 Mn·

200 2831 295 2910 gister
310 2827 347 2892 N.
359 2829 600 2908 Augustinianus
618 2847 676 2908 pro
688 2830 839 2890 concione
855 2829 992 2905 dixisset,
1016 2831 1047 2885 et
1077 2824 1118 2904 ip·

201 2931 253 2974 sos
270 2913 512 2992 Augustinianos
523 2913 647 2992 hortari,
666 2932 704 2973 ne
717 2912 818 2973 subito
835 2911 908 2990 quid
923 2918 1077 2969 mutarent
1090 2910 1119 2967 in

202 2997 319 3057 usitatis
341 2994 447 3055 ritibus
469 2996 646 3076 Missurum,
669 2997 723 3056 sed
747 3004 881 3055 veterem
911 3011 1027 3053 morem
1059 3010 1119 3051 ser-

201 3091 309 3140 varent
331 3082 489 3159 tantisper,
512 3079 612 3139 donec
635 3100 653 3138 a
676 3081 798 3140 Vicario
821 3097 876 3138 suo
900 3077 938 3136 de
961 3095 998 3136 ea
1020 3094 1053 3134 re
1075 3093 1120 3134 re·

201 3183 349 3244 sponsum
382 3165 596 3244 impetrarent,
625 3172 677 3223 aut
710 3183 758 3223 res
789 3161 842 3221 ills
874 3160 1046 3221 accuratius
1082 3156 1121 3217 ab

201 3248 371 3310 Academia
402 3248 556 3326 disputata
595 3256 625 3305 et
657 3247 811 3306 communi
843 3245 972 3306 consilio
1006 3240 1121 3320 aliquid

202 3334 400 3393 constitutum
435 3339 526 3393 esset.
576 3328 665 3404 Quod
703 3332 728 3390 si
763 3337 871 3410 postea
907 3327 1121 3407 Augustiniani

201 3417 339 3477 honestis
361 3422 391 3475 et
413 3415 471 3494 piis
483 3414 644 3494 postulatis
667 3414 828 3474 etmonitis
842 3413 960 3474 nollent
982 3409 1122 3489 acquies-

202 3518 282 3578 cere,
309 3518 344 3560 se
375 3505 520 3578 capturos
549 3516 619 3558 esse
647 3498 819 3574 consilium,
853 3496 925 3576 quid
947 3491 1122 3555 laciendum

201 3592 294 3663 esset,
315 3593 346 3643 et
367 3601 423 3641 sua
445 3581 613 3642 deliberata
635 3580 699 3646 Cel.
726 3600 801 3641 snae
823 3581 1020 3661 exposituros
1041 3594 1124 3637 essa.

285 3664 477 3727 Praedictum
500 3666 593 3746 igitur
619 3666 774 3727 delectum
798 3683 871 3725 mox
893 3682 963 3724 cnm
976 3660 1123 3742 Angusti-

202 3754 301 3815 nisnis
324 3754 437 3833 egisse,
458 3770 495 3811 ac
513 3753 556 3812 ita
585 3752 725 3830 sinuque
758 3749 942 3810 discesssum
967 3746 1071 3826 luisse,
1092 3751 1124 3804 ut
