2392 4170
432 182 564 284 Rationis
577 231 758 286 Latomisoso
769 236 828 284 stc.
1031 224 1094 302 ΩΒ

171 385 346 452 ontionem.
384 405 453 448 esso
485 393 646 467 psoostom
681 392 712 449 st
740 385 971 468 blasphemiam.
1024 384 1093 447 Hos

170 468 249 533 boos
276 468 369 531 habet
397 469 571 551 Soripturs,
600 470 683 550 quod
710 470 833 549 spiritus
862 469 900 531 ds
929 469 1031 550 impiis
1061 474 1095 536 st

172 567 235 634 pro·
251 553 352 637 impiis
374 563 441 614 oret
458 574 512 633 per
534 553 676 629 sanctos,
697 551 751 614 sed
775 554 804 614 is
833 571 967 633 persons
988 570 1094 630 sorum

172 648 340 716 nonquam.
374 635 502 717 Spiritus
526 645 571 697 est
585 638 723 717 eorporis
736 635 857 713 Christi,
879 643 912 699 et
931 637 961 697 in
973 634 1094 699 Samso

131 736 138 758 ·
171 719 297 784 adiuvat
325 719 530 783 infirmitatem
560 739 683 797 eorum,
715 728 746 781 et
774 720 868 801 gemit
896 727 926 783 st
957 717 1095 801 postulet

171 804 306 884 prosis.
350 803 480 879 Qualem
509 823 578 866 esse
605 804 687 864 hono
713 804 883 866 orationem
896 803 1005 863 ‘Issias
1026 803 1094 882 quis

171 899 233 949 ooo
254 885 361 967 palpat
383 886 498 948 etiam?
532 886 583 949 sio
605 887 744 949 Christus
770 883 854 946 flevit
876 905 968 967 super
989 884 1094 955 Hiem-

171 970 285 1049 nhsn,
316 969 369 1033 sed
400 989 460 1031 non
486 973 515 1030 in
548 989 683 1050 persono
703 969 911 1047 Hierusalem
934 967 1092 1046 Paulus»)

173 1053 263 1115 etism
287 1071 345 1133 pro
368 1053 506 1131 Iudaeis,
528 1054 582 1114 sed
605 1073 666 1114 non
689 1056 720 1114 in
744 1072 878 1133 persono
899 1050 1093 1128 Iudaeorum,

173 1143 204 1199 ot
224 1136 278 1199 hio
298 1136 395 1197 isaias
416 1156 486 1197 sese
509 1156 672 1216 personam
696 1137 770 1198 taoit
792 1155 915 1214 sorum,
938 1155 1008 1201 outo
1031 1137 1094 1217 qui·

171 1219 226 1283 bus
248 1226 281 1280 et
302 1238 358 1299 pro
381 1219 490 1300 quibus
514 1228 591 1282 orat.

193 1355 196 1359 ,
231 1302 348 1381 ·lgitur
382 1321 450 1364 oum
480 1303 647 1384 perieulum
684 1305 724 1364 sit
759 1321 914 1380 asserere,
947 1301 1030 1380 quod
1062 1301 1093 1365 io

171 1384 335 1467 seripturis
358 1387 533 1467 exemplum
557 1387 749 1465 nonhabet,
782 1386 811 1453 id
835 1385 935 1454 solum
956 1402 1094 1453 asserere

171 1475 305 1550 oportet,
328 1470 410 1548 quod
434 1470 485 1530 ilio
502 1469 610 1540 hobet3
634 1468 847 1552 ooniitssmur‚
869 1466 953 1549 quod
970 1462 1094 1548 spiritus

171 1553 308 1634 oorporis
331 1551 441 1613 Christi
465 1572 621 1632 nunquam
644 1555 674 1614 in
697 1552 814 1633 eliens,
848 1570 928 1632 quos
960 1559 1007 1612 ost
1029 1568 1094 1612 oor÷

170 1637 253 1716 poris
276 1634 431 1714 diabolici,
455 1636 508 1697 sed
533 1656 654 1714 semper
676 1637 706 1696 in
729 1637 776 1697 sui
800 1636 939 1716 oorporis
961 1651 1094 1716 persons

170 1712 328 1800 mouetur,
350 1728 508 1799 operetur,
538 1720 621 1779 vivst
648 1728 678 1780 st
712 1727 845 1781 moneat
888 1717 959 1782 Non
980 1724 1093 1798 potest,

171 1801 299 1863 lsudsns
335 1802 448 1880 Deum,
491 1822 654 1882 personam
699 1820 806 1882 gerere
852 1801 1093 1881 blasphemantis

169 1885 279 1961 Deum,
301 1904 370 1945 oum
393 1887 430 1963 is,
454 1888 503 1965 qui
517 1905 681 1967 personam
701 1887 789 1966 gerit,
812 1894 842 1946 et
862 1886 900 1962 is,
922 1885 1008 1945 ouius
1028 1902 1093 1964 per-

170 1986 278 2030 sonam
302 1970 389 2047 gerit,
412 1977 555 2050 oporteat
577 1971 607 2029 in
631 1968 746 2047 verbo,
768 1987 860 2031 sensu
883 1974 914 2034 ot
935 1972 1010 2035 voto
1033 1965 1093 2027 sst-

170 2062 228 2115 tsm
252 2053 434 2130 eonvenirs,
468 2054 492 2112 si
516 2071 577 2114 non
601 2060 732 2133 possunt
752 2054 782 2112 in
806 2051 920 2112 viribus
942 2049 1093 2129 stoperi·

170 2134 235 2197 bus.
281 2135 322 2194 At
348 2135 413 2195 istis
442 2135 562 2196 Iudaeis
597 2144 627 2196 st
658 2137 777 2217 spiritui
799 2136 857 2196 Dsi
889 2130 1092 2214 implsosbilis

172 2218 322 2279 dissensio
345 2225 407 2295 est,
430 2221 480 2297 qui
504 2227 617 2300 tomen,
643 2221 667 2278 si
696 2239 751 2299 psr
771 2219 883 2280 Issism
907 2218 937 2277 in
960 2234 1094 2296 persons

171 2320 276 2363 eorum
307 2300 428 2361 locutus
452 2309 548 2378 esset,
571 2321 667 2381 usque
697 2302 789 2364 hodie
817 2300 923 2362 itidem
946 2307 976 2363 et
999 2296 1094 2360 multo

171 2385 268 2465 megis
293 2382 486 2463 loqueretur,
518 2405 587 2445 oum
610 2392 734 2446 exstent
760 2386 826 2445 eius
849 2383 960 2454 verbo,
992 2391 1094 2443 otoo

170 2469 253 2529 sosio
282 2469 532 2546 proesentissims
562 2467 831 2529 vehementissime
862 2474 980 2546 urgent.
1030 2464 1095 2534 Neo

170 2567 334 2630 possumus
357 2569 490 2631 negare,
515 2551 587 2630 quin
610 2551 734 2631 spiritus
756 2549 850 2610 verbs
872 2550 949 2625 sint,
972 2567 1048 2610 oum¹
1064 2549 1094 2607 in

170 2648 258 2696 ostro
282 2633 409 2695 Oenone
431 2636 500 2696 sint„
544 2632 635 2709 Quod
667 2635 691 2693 si
716 2633 839 2714 spiritus
869 2638 959 2708 sunt,
991 2632 1043 2711 pis
1065 2639 1096 2691 et

170 2716 271 2778 tidelis
299 2723 331 2777 et
360 2725 468 2778 saneto
501 2726 586 2791 sunt,
622 2735 701 2795 quas
729 2734 883 2796 personse
909 2712 1094 2777 Iudaeorum

173 2805 222 2876 (ot
243 2798 350 2878 vides)
375 2801 499 2861 minime
518 2801 654 2860 omnium
672 2800 868 2860 conveniunt.
902 2796 933 2858 Si
956 2797 1096 2857 rsoitsrst

169 2891 287 2945 tontum
316 2881 410 2944 verba
439 2885 620 2963 impiorum,
658 2890 765 2964 possst
801 2899 908 2943 eorum
945 2881 1096 2940 sententis

170 2965 303 3042 tolerari,
326 2965 380 3025 ssd
403 2985 492 3026 orsre
508 2973 544 3026 'st
567 2985 659 3046 ogere
680 2967 710 3026 in
733 2983 867 3045 persons
890 2982 1016 3039 sorum,
1035 2962 1096 3023 hoo

168 3047 238 3110 ferri
264 3067 326 3108 non
349 3055 462 3128 potest.
496 3049 615 3110 Recitst
636 3049 718 3130 opud
735 3049 847 3110 lesism
869 3046 966 3109 verbs
988 3065 1092 3126 soper-
1116 3056 1117 3063 ’

170 3131 227 3194 bre
256 3130 442 3210 Babylonis,
476 3141 505 3192 et
534 3132 631 3192 Assur
664 3138 694 3193 st
725 3131 951 3207 Senosohsrib,
987 3131 1094 3190 rsoitst

169 3215 250 3296 opud
275 3213 468 3275 Essohisism
499 3214 593 3275 verba
615 3214 757 3276 draconis
782 3216 886 3294 magni
907 3215 937 3274 in
961 3211 1096 3290 flumine,

166 3309 200 3358 ‘ot
222 3297 387 3358 multorum
412 3298 551 3373 oliorum,
574 3298 627 3358 sed
649 3317 814 3379 personam
839 3315 995 3377 nunquam
1017 3298 1096 3375 gerit

169 3381 227 3440 nisi
251 3382 372 3460 piorum
398 3390 428 3440 et
450 3401 585 3443 suorum.

251 3463 300 3524 Ad
329 3463 408 3523 hose
437 3464 520 3524 olore
550 3463 623 3524 dioit
651 3466 681 3523 in
715 3470 815 3525 textu:
841 3463 936 3524 ,Eoos
967 3464 1095 3543 respios‚

169 3546 303 3627 popolus
331 3554 401 3607 tuus
433 3565 541 3606 omnes
572 3566 639 3609 nos.
691 3547 737 3607 An
761 3546 932 3623 nescimus,
964 3545 1037 3628 quid
1058 3546 1097 3608 sit

171 3688 235 3694 -.--
248 3685 416 3693 Δηὼ-...μ

243 3735 274 3808 ‘)
297 3736 378 3793 Rom.
398 3737 422 3794 8.
