2392 4170
130 227 192 297 166
317 226 446 285 Assertio
465 174 541 289 oinu.
561 229 638 283 artic.
659 228 689 282 D.
708 226 744 291 li.
762 227 792 287 L.
806 242 861 307 per

132 386 180 447 cui
202 383 311 463 verbo,
333 382 417 465 quod
441 383 589 451 hactenus
612 402 631 443 c
653 381 849 457 scholasticis
869 382 1000 463 Ductori

131 466 170 529 ad
193 467 419 531 ecclesiasticos
436 485 558 549 semper
579 466 785 547 provocarim.
814 462 887 531 Nou
909 464 993 547 enim

132 550 170 611 sd
193 570 248 613 eos
269 550 455 632 provocavi,
479 557 511 611 ut
527 551 630 611 omnia
658 569 766 611 eorum
787 569 862 613 vern
883 549 1000 627 arbitra

132 635 185 696 ssd
209 635 291 716 quod
314 635 461 716 propiora
494 634 613 696 veritati
642 634 792 699 senserint
817 652 909 713 quum
932 630 1001 719 scip

132 719 212 797 stioi‚
234 719 285 799 qui
307 717 371 778 iere
393 717 466 778 nihil
490 717 553 777 veri
577 716 691 778 hebent
706 717 868 797 reliquum,
890 722 923 783 ut
944 734 1001 783 sou

132 801 171 863 sd
194 802 310 864 iontem
332 802 433 882 ipsum
455 798 561 861 rivulis
583 798 764 861 ducentibus
778 798 1001 943 veniremus*

969 902 990 949 u

134 883 218 949 hibet
239 885 319 945 enim
345 884 543 965 Augustinus7
567 901 657 963 quem
673 903 796 964 semper
809 882 947 961 adhibui,

133 975 331 1035 tractatorum
347 966 568 1047 quantumlibet
589 968 689 1027 sancti
709 967 823 1049 scripte
845 966 1001 1049 scriptisu

134 1051 284 1113 stolorum
308 1060 339 1111 et
359 1050 579 1132 prophetarum
604 1051 740 1130 aequari,
763 1049 794 1111 id
818 1049 901 1137 quod
924 1068 1001 1125 comi

133 1137 181 1195 nis
202 1132 326 1215 quoque
348 1141 475 1195 naturae
498 1151 607 1194 sensus
629 1133 780 1213 prohibet.
802 1133 871 1199 istis
884 1151 1001 1215 propin«

135 1219 174 1279 tis
193 1218 233 1280 ed
255 1217 403 1280 articulos
426 1217 596 1295 veniamus,
619 1235 748 1296 quorum

508 1379 724 1464 Primus¹):
776 1364 783 1371 ¹

177 1511 340 1572 Haeretioa
361 1518 419 1591 est,
441 1511 495 1572 sed
526 1511 639 1572 usitata
667 1512 837 1588 sententia,
867 1527 1001 1571 sucrum«

177 1613 279 1657 novae
295 1595 373 1676 legis
395 1595 469 1656 dore
489 1596 619 1676 gratiam
633 1594 703 1678 illis,
726 1594 777 1674 qui
790 1612 854 1655 non
866 1599 1001 1677 ponunt¹

179 1696 255 1740 cem.

219 1761 375 1842 Scriptura
398 1761 445 1821 sic
466 1760 539 1820 dicit
561 1761 669 1824 Roma.
695 1764 722 1823 1.
747 1760 886 1821 ctAbnc.
907 1761 938 1839 2,
951 1758 1000 1821 lut

139 1849 191 1910 10:
214 1846 315 1907 Iustus
333 1863 373 1905 ex
395 1843 457 1904 flde
478 1862 535 1904 sua
556 1845 649 1906 vivet.
671 1842 741 1904 Non
765 1842 853 1903 dicit:
896 1842 1001 1927 Iustus

137 1928 337 1990 sacrementis
360 1927 451 1988 vivet.

220 2012 314 2073 Marc.
336 2009 400 2072 ult:
423 1999 482 2084 Qui
495 2008 659 2070 crediderit
670 2015 700 2070 ct
708 2008 881 2090 baptisatus
891 2007 994 2087 fuerit,

139 2114 195 2155 vus
218 2096 283 2156 erit.
302 2092 361 2168 Qui
379 2099 484 2159 ,autom
506 2110 569 2152 uon
592 2092 756 2153 crediderit
795 2090 1001 2153 condemnsbi

139 2179 231 2238 etiam
254 2178 279 2237 si
304 2175 518 2256 baptisaretur,
540 2194 640 2255 neque
662 2177 742 2236 euim
763 2139 938 2256 iraptismus
955 2174 1001 2238 ssi

139 2259 193 2321 sed
215 2258 292 2320 fldss
315 2258 468 2340 baptismi.
694 2261 703 2271 '

219 2343 309 2404 Rom.
333 2344 382 2408 10:
404 2340 506 2402 Corde
528 2341 661 2401 creditur
684 2340 723 2401 cd
745 2341 908 2418 iustitium,
933 2358 999 2403 nou

139 2426 195 2486 cit:
219 2426 360 2507 Oorpore
381 2431 574 2486 sacramenta
596 2423 802 2505 suscipiuntur
823 2424 862 2485 od
884 2424 1001 2486 iustitis

221 2509 373 2572 Romnd
404 2527 446 2569 ex
468 2507 545 2569 Gen.
570 2511 625 2571 15:
648 2506 785 2567 Credidit
807 2507 965 2569 Abraham
988 2500 1001 2569 Ι

140 2600 171 2653 et
192 2599 369 2674 reputatum
388 2598 435 2652 est
456 2591 498 2652 illi
521 2590 560 2652 ad
583 2591 738 2654 iustitiam.

495 2757 628 2818 Ratione
656 2756 714 2816 sic:

223 2884 302 2960 Quis
323 2886 353 2947 in
377 2885 461 2946 omni
483 2891 678 2947 sacramento
701 2891 747 2945 est
767 2882 1001 2967 veritumpromi

140 2970 208 3030 onis
231 2968 369 3047 divinoe,
399 2969 481 3048 quod
504 2967 685 3029 affirmative
707 2968 858 3049 promittit
880 2975 912 3037 et
941 2964 1001 3041 pxh

140 3051 270 3133 gretiam
292 3050 349 3113 Dei
365 3053 403 3130 ei,
417 3053 467 3131 qui
480 3052 607 3133 suscipit
618 3059 856 3115 sacramentum.
884 3049 1001 3115 Ubisur

141 3142 244 3195 sutem
269 3133 353 3195 Deus
375 3134 540 3215 promittit,
568 3136 610 3197 ibi
638 3135 770 3215 exigitur
799 3133 876 3197 fides
898 3132 1001 3209 sudio}

141 3237 181 3279 ne
203 3217 302 3291 Deum
324 3217 419 3299 faciet
441 3217 621 3279 mendacem
644 3237 701 3279 suc
717 3216 942 3279 incredulitate.
963 3214 1001 3293 ΩΙ

140 3302 172 3363 in
194 3302 394 3365 sacramentis
410 3299 612 3381 suscipiendis
636 3301 812 3362 necessaria
832 3306 880 3361 est
902 3298 1001 3365 fides.

144 3384 297 3466 cipieutis‚
320 3403 400 3464 quae
417 3383 524 3446 credat
545 3383 586 3463 id,
609 3383 691 3463 quod
704 3384 900 3464 promittitur.
922 3378 1001 3451 sir!

142 3469 249 3533 tismus
272 3468 411 3533 daturin
435 3467 528 3528 verbo
555 3467 643 3529 istius
661 3466 890 3548 promissionis:
922 3464 981 3543 Qui

212 3566 223 3599 θ

196 3735 229 3804 1)
253 3736 284 3795 u
303 3733 347 3795 eu.
363 3734 425 3789 uss.
460 3700 584 3789 uuum
602 3734 719 3803 legitur:
737 3737 789 3788 su.
836 3805 839 3810 ι
