2392 4170
406 208 490 267 liissa
508 210 618 281 private
636 211 671 268 D.
690 211 724 269 n.
742 213 773 267 L.
996 212 1060 280 119

134 375 262 455 gistrum
286 379 423 436 nostrum
447 384 478 436 et
501 393 557 455 pro
580 373 669 451 nobis
683 375 871 437 crucifixum.
900 375 1058 458 Siquidem

135 455 292 538 Paulus*)
315 478 375 519 nec
396 457 454 519 sibi
475 459 551 538 ipsi,
579 478 637 520 neo
658 458 770 538 angelo
794 457 833 520 de
863 459 952 523 coelo
976 458 1059 524 credi
1148 498 1149 501 =

134 544 210 625 vult,
233 542 290 603 nisi
314 542 457 603 Christus>
474 544 504 603 in
539 543 608 623 ipso
630 543 743 603 vixerit
765 549 796 603 et
816 543 937 605 locutus
959 545 1058 606 tuerit.

89 629 92 633 ’
153 654 156 659 ·
217 624 353 706 Scimus,
376 626 448 705 quid
471 626 594 702 Patres,
618 625 688 706 quid
712 626 857 705 Decreta,
881 627 952 708 qaid
976 648 1059 709 usus,

134 708 207 791 qnid
232 709 315 786 vulgi
338 710 444 791 opinio
466 710 621 786 habeant,
644 729 702 770 nec
724 713 771 771 eet
793 730 871 791 opus
894 711 983 774 nobis
1006 712 1059 773 Pa·

132 793 251 856 risiansi
286 792 462 874 Magisterio
499 793 738 870 nostralissimo‚
769 793 850 873 quod
885 814 944 856 noe
978 794 1060 856 edita

132 878 236 957 aliqua
258 877 522 958 magistralissima
545 876 799 937 determinatione
829 876 941 939 doceat
962 885 992 938 et
1016 878 1059 938 di·

131 968 200 1023 cat:
224 960 308 1021 Haec
331 960 505 1040 Propositio
528 967 575 1020 est
596 959 795 1035 wendelose,
818 967 864 1020 est
887 969 994 1022 contra
1019 963 1060 1023 al-

130 1063 198 1130 mas
219 1044 403 1122 Facultates,
427 1050 474 1104 ast
495 1048 602 1103 contra
616 1044 766 1123 principia
786 1042 870 1122 fidei,
892 1045 1059 1123 etreliqua,

132 1147 214 1208 quae
235 1129 321 1208 pueri
343 1128 392 1188 isti
417 1136 447 1187 et
470 1125 653 1207 effeminati,
682 1127 743 1186 imo
767 1129 864 1188 trunci
887 1133 918 1189 et
941 1129 1059 1208 stipites

132 1213 247 1273 iactare
278 1211 346 1272 sole
378 1217 539 1271 noverunt.
583 1209 653 1270 Non
682 1209 837 1271 audimus:
866 1211 1059 1272 Bernhardns

133 1296 180 1357 sic
200 1295 277 1355 vixit
306 1301 336 1355 et
357 1294 493 1372 scripsit,
527 1291 581 1353 sed
605 1292 799 1354 Bernhardus
832 1295 876 1354 sic
905 1295 1009 1355 vivere
1030 1301 1062 1355 et

132 1377 266 1440 scribere
289 1377 394 1438 debuit
414 1377 501 1437 iuxta
522 1376 703 1462 Scripturas.
747 1375 816 1437 Non
841 1379 1005 1457 quaeritur,
1028 1384 1061 1438 ut

125 1461 239 1524 Sancti
261 1463 403 1521 vixerunt
425 1466 478 1520 aut
501 1459 654 1537 dixerunt,
677 1478 755 1539 quos
783 1461 896 1521 scimus
920 1467 1059 1522 servatos

132 1563 202 1606 esee
222 1563 278 1624 per
298 1543 373 1604 illud
398 1544 547 1604 orationis
570 1542 759 1604 dominicae:
780 1542 943 1615 Dimittell
970 1543 1059 1604 nobis

135 1626 239 1690 debita
260 1634 375 1708 nostra,
398 1627 485 1687 iuxta
506 1626 646 1703 regulam
668 1624 809 1686 omnibus
833 1626 953 1688 Sanctis
976 1645 1058 1688 com·
1111 1692 1113 1696 ἱ

133 1730 267 1789 munem,
289 1711 402 1772 Psalm.
427 1707 517 1785 32²):
544 1710 603 1770 Pro
630 1709 689 1769 hac
717 1709 817 1770 orabit
838 1709 877 1771 ad
906 1716 936 1770 te
958 1710 1059 1770 'omnis

134 1800 260 1857 sanctus
281 1795 311 1854 in
333 1799 473 1874 tempore
488 1798 675 1873 opportuno,
699 1812 737 1852 ne
758 1790 837 1853 torta
854 1813 909 1874 pro
933 1793 1060 1855 veritate

135 1883 167 1938 et
194 1877 309 1937 iustitia
343 1876 584 1957 amplectemur,
616 1875 699 1955 qnod
733 1874 776 1947 illi
804 1896 859 1956 per
888 1877 1059 1937 orationem

132 1967 311 2023 mernerunt
336 1961 456 2040 ignosci
487 1959 543 2019 sibi
574 1965 607 2020 ut
634 1958 755 2038 culpam
786 1967 817 2018 et
844 1978 995 2033 errorem,
1028 1966 1061 2019 nt

132 2043 251 2107 faciunt
273 2042 424 2123 Papistaa,
447 2043 518 2103 dum
542 2044 629 2103 iuxta
649 2041 762 2103 Psalm.
786 2039 866 2122 62³)
890 2043 1008 2103 irruunt
1028 2041 1059 2102 in

132 2127 300 2205 hominem,
321 2134 351 2187 et
372 2125 559 2189 interficiunt
587 2146 622 2186 ee
642 2126 729 2204 ipsos
763 2127 938 2202 universos,
969 2143 1061 2205 super

131 2211 282 2292 parictem
303 2209 480 2270 inclinatum
493 2217 524 2270 et
545 2210 708 2270 maceriem
732 2210 872 2288 eiectam,
895 2227 964 2268 cum
980 2208 1062 2268 hunc

134 2293 257 2355 elevare
280 2294 427 2374 cogitant,
450 2300 483 2352 ut
506 2293 673 2353 eiectiones
703 2297 856 2370 statuent,
879 2290 1061 2352 affectantes

133 2375 328 2438 mendacium
357 2381 438 2448 etc,
467 2382 500 2435 ut
520 2373 677 2436 Hebraeus
704 2375 814 2455 habet,
847 2394 916 2434 cum
939 2377 968 2434 in
992 2374 1060 2435 solo

134 2459 203 2522 Deo
232 2458 391 2520 nitendum
415 2476 483 2518 esse
505 2458 597 2518 toties
619 2458 700 2516 idem
722 2457 862 2517 Psalmus
884 2458 1061 2536 ingeminet.

135 2543 217 2620 Noa,
238 2543 374 2621 inquam,
398 2542 560 2620 quaeritur,
583 2546 615 2600 ut
637 2539 742 2600 Sancti
754 2541 886 2600 vixerint
907 2546 960 2600 aut
980 2539 1062 2611 dixe·

135 2627 211 2707 rint,
242 2627 295 2686 sed
330 2631 364 2684 ut
393 2623 556 2685 vivendum
587 2620 745 2701 Scriptura
773 2621 876 2686 dictet.
924 2620 995 2683 Non
1024 2621 1063 2682 de

135 2709 230 2787 iacto,
251 2708 306 2768 sed
328 2706 367 2768 de
388 2708 454 2768 iure
477 2707 617 2786 quaestio
641 2704 730 2767 nobis
752 2710 812 2781 est,
835 2704 939 2765 Sancti
961 2704 1063 2765 errare

134 2797 303 2873 potuerunt
324 2790 486 2865 docendo,
510 2796 541 2850 et
562 2807 693 2869 peccare
719 2786 864 2850 vivendo.
908 2787 1064 2867 Scriptura

136 2893 240 2937 errare
261 2893 324 2935 non
347 2877 451 2953 potest
473 2870 626 2950 docendo,
649 2891 707 2932 nec
719 2870 846 2932 credens
869 2870 912 2931 illi
934 2888 1064 2951 peccare

136 2964 242 3040 potest
263 2955 407 3018 vivendo.
451 2955 582 3017 Sanctae
610 2963 827 3035 acceptamus,
857 2954 912 3014 sed
935 2956 1063 3034 quorum

136 3042 238 3123 gloria
260 3059 322 3102 non
352 3059 392 3101 ex
413 3038 607 3116 homiuibus,
636 3039 700 3099 imo
730 3058 769 3099 ex
792 3038 860 3099 Deo
884 3043 952 3116 est,
987 3054 1065 3116 quos
1152 3063 1154 3068 v

137 3143 200 3187 non
224 3124 308 3204 Papa
330 3124 492 3184 canonisat
513 3129 544 3182 et
565 3121 685 3202 probat,
709 3120 770 3181 sed.
786 3117 961 3201 quosDeus
984 3138 1066 3181 com·

138 3205 272 3268 mandat.
314 3205 415 3287 Ipsius
439 3206 518 3266 enim
550 3206 627 3264 tauri
651 3211 681 3265 at
704 3202 800 3264 altilia
827 3205 930 3265 occisa
957 3207 1066 3284 parata

138 3296 210 3351 sunt
230 3289 270 3351 ad
293 3289 414 3370 nuptias
429 3288 540 3351 Christi
552 3288 621 3350 Filii
644 3285 765 3370 eui**),
787 3287 847 3347 hoc
863 3293 918 3358 est,
937 3305 1065 3366 quorum

137 3371 221 3434 dicta
248 3379 280 3433 at
307 3372 389 3433 lacta
419 3379 450 3433 at
477 3377 628 3452 qnatenus
665 3370 755 3433 nobie
784 3370 891 3443 divina*
910 3367 1067 3450 Scriptura

138 3455 345 3531 commendat,
367 3461 400 3516 ut
421 3463 492 3516 sunt
518 3453 721 3536 patriarchae,
745 3453 915 3535 prophetae
937 3460 968 3514 et
990 3471 1066 3532 epo-

212 3663 244 3747 1)
264 3662 294 3716 In
314 3662 358 3717 ed.
379 3661 449 3716 lan:
469 3661 597 3716 Remitte.
624 3659 657 3725 2)
677 3659 709 3712 In
729 3657 773 3713 ed.
794 3659 878 3730 origc
898 3660 942 3716 31.
966 3658 995 3724 3)
1014 3654 1066 3710 lbi-

144 3733 222 3791 dem:
242 3735 285 3790 61.
322 3733 352 3804 *l
374 3732 466 3788 Salat.
486 3735 509 3789 t.
549 3733 597 3801 ⁶⁸)
620 3730 715 3785 Matth.
736 3731 795 3789 22..
