2340 4162
316 244 353 301 ad
373 245 513 311 valentin.
531 262 551 303 a
570 247 857 314 Daltleltsua.1520.
1027 248 1050 320 9

120 399 262 473 acerbius
294 400 438 464 accidere
469 421 578 484 posse,
614 421 705 483 quam
742 404 833 469 nobis
867 407 1049 492 ducatibus,

119 492 151 548 et
193 492 301 548 nostro
336 486 509 567 patrocinio
538 487 659 566 aliquos
693 490 886 569 perniciosos
928 511 1047 556 errores

120 571 224 651 spargi
245 577 278 630 et
299 568 487 645 confirmari,
509 576 542 638 ut
564 571 644 632 hanc
663 579 800 635 nostram
823 581 954 636 mentem
970 577 1048 639 datis

120 653 217 715 literis
255 652 295 714 ad
327 653 616 714 reverendissimum
650 653 818 717 Dominum
855 657 1048 721 cardinalem

120 736 149 800 S.
162 736 302 834 Georgii,
323 736 490 799 Dominum
514 745 544 798 et
565 738 695 817 amioum
718 747 868 817 nostrum,
891 743 1048 825 copiosius

119 839 332 902 exposuimus.
1012 838 1015 843 ·

204 905 269 964 Vos
290 908 404 982 mosen,
425 911 459 964 ut
479 909 626 984 tauquam
649 922 718 964 oum
736 905 936 982 sirenosum,
957 926 1048 989 prop·

119 993 163 1048 ter
185 1005 383 1048 communem
400 988 519 1067 patriae
537 988 795 1064 coniunctionem,
816 987 911 1069 paulo
925 988 1052 1065 liberius

120 1070 327 1147 conferamus,
349 1070 440 1131 etiam
464 1089 510 1152 ea,
533 1088 613 1150 quae
635 1089 675 1130 ex
697 1070 911 1132 communibus
933 1092 1047 1135 sermo-

119 1154 210 1217 nibus
230 1153 392 1215 hominum
414 1153 628 1235 intelligimus,
658 1153 802 1214 nolumus
830 1153 942 1218 celare.
986 1156 1047 1217 Ad·

118 1237 241 1298 firmant
262 1235 366 1313 molti,
386 1235 557 1298 Doctorem
579 1237 742 1298 Martinam
764 1235 945 1317 Lnthernm,
967 1239 1046 1301 siout

122 1329 151 1382 ot
179 1322 250 1402 ipse
280 1318 391 1381 dicitur
427 1321 547 1401 scriptis
580 1329 611 1382 et
643 1338 787 1381 sermone
816 1320 920 1401 palam
950 1320 1054 1399 fateri,.

122 1422 181 1465 non
202 1423 262 1464 sua
283 1402 459 1481 volontate,
487 1402 541 1464 sed
569 1405 698 1464 invitum
725 1402 765 1463 ad
793 1402 849 1463 has
871 1408 1048 1466 controver-

123 1488 181 1549 sias
203 1485 243 1546 de
264 1485 384 1567 Papatu
406 1486 613 1567 descendisse,
636 1486 779 1548 videlicet
801 1504 839 1547 eo
859 1494 1046 1566 pertractum

123 1569 406 1640 alloctorellccio,
428 1576 460 1631 et
480 1589 574 1651 saepe
596 1577 797 1652 provocatum
810 1588 848 1631 ao
869 1568 1045 1631 lacessitum

125 1652 314 1737 querendam
336 1653 587 1734 scriptisRomae
608 1661 639 1715 et
661 1653 784 1715 aliunde
805 1652 836 1713 in
856 1653 959 1732 ipsum
983 1653 1046 1717 edi·

128 1738 173 1810 tis,
192 1742 334 1799 coactum
360 1736 453 1798 fuisse
481 1738 685 1817 respondere,
720 1737 771 1815 qui
800 1737 826 1796 si
847 1736 1046 1814 quievissent,

127 1839 276 1901 nunquam
298 1821 367 1896 ista,
390 1838 469 1900 quae
489 1839 571 1882 nuno
593 1820 801 1901 disputantur,
828 1818 958 1881 fuissent
979 1837 1047 1898 pro·

124 1903 196 1980 lata,
219 1902 277 1965 sed
299 1922 425 1984 prorsus
447 1904 569 1966 silentio
592 1904 714 1984 sepulta
734 1905 880 1965 iacerent.

200 1987 243 2048 m
264 2005 334 2047 oum
357 2006 439 2049 nuuc
449 1985 616 2048 Germania
637 1986 746 2048 floreat
758 1985 901 2065 ingeniis,
923 1990 954 2045 et
971 1984 1047 2047 mul·

123 2071 159 2132 tis
179 2070 323 2139 doctrina
345 2076 376 2132 et
402 2071 552 2152 sapientia
573 2069 799 2151 praestantibus
821 2069 910 2142 viris,
942 2069 1048 2148 peritis

125 2153 297 2233 linguarum
321 2160 351 2214 et
373 2155 472 2214 omnis
485 2156 605 2233 generis
627 2154 791 2231 literarum,
815 2169 945 2231 cumque
955 2153 1046 2213 etiam

122 2257 202 2298 nuno
236 2237 330 2316 vulgo
360 2237 429 2297 laioi
459 2257 567 2318 sapere
595 2237 760 2316 incipiant,
789 2242 819 2296 et
845 2235 946 2295 studio
976 2254 1047 2315 cog·

123 2320 300 2382 noscendae
312 2319 486 2400 Scripturas
508 2326 677 2395 teneantur,
701 2318 786 2379 multi
800 2318 937 2378 iudicant
959 2318 1049 2379 valde

124 2403 320 2465 metuendum
343 2423 422 2484 esse,
446 2405 471 2464 si
486 2404 635 2483 neglectis
651 2403 842 2483 aequissimis
865 2400 1047 2462 conditioni·

123 2486 177 2548 bus
201 2507 220 2548 a
243 2487 380 2548 Doctore
401 2487 532 2548 Luthero
562 2486 688 2564 oblatis,
715 2486 782 2547 sine
810 2486 946 2564 legitima
977 2504 1047 2564 eog-

125 2572 256 2647 nitione‚
286 2577 404 2631 tantum
433 2568 650 2632 ecclesiasticis
672 2570 807 2630 censuris
835 2569 976 2643 feriator,
1008 2588 1047 2628 ne

123 2654 179 2714 hae
203 2655 417 2714 contentiones
440 2659 472 2714 et
489 2655 656 2714 certamina
678 2653 890 2731 multomagis
922 2670 1048 2729 exaspe-

124 2744 236 2815 rentur,
259 2744 292 2796 ut
314 2744 423 2816 postea
445 2756 507 2797 non
539 2738 582 2798 ita
604 2736 692 2796 laoile
721 2736 760 2797 ad
790 2736 884 2795 otium
916 2742 945 2793 et
968 2752 1049 2793 oom-

125 2821 295 2899 positiones
318 2839 367 2881 res
390 2819 500 2881 deduci
523 2821 629 2900 possit.
671 2819 750 2880 Nam
767 2817 888 2878 Lutheri
911 2815 1050 2877 doctrina

124 2903 247 2964 italam
269 2904 385 2984 passim
412 2905 443 2963 in
466 2903 663 2984 plurimorum
693 2904 802 2963 animis
830 2901 860 2960 in
883 2899 1049 2962 Germania

125 2993 155 3045 at
176 2984 249 3047 alibi
270 2985 367 3046 infixa
388 2985 507 3047 radices
530 2988 601 3067 egit,
625 2995 657 3046 ut
678 2988 777 3046 sinon
801 2985 880 3044 veris
895 3003 932 3044 ac
953 2983 1047 3043 firmis

125 3069 311 3149 argumentis
343 3076 374 3128 et
401 3071 570 3150 perspicuis
604 3070 784 3130 testimoniis
807 3068 980 3146 Scripturas
1003 3085 1047 3125 re·

125 3153 277 3227 vincatur,
313 3151 367 3211 sed
396 3153 464 3212 solo
494 3153 721 3214 ecclesiastieae
748 3152 910 3231 potestatis
932 3159 1047 3210 terrore

124 3233 163 3294 ad
185 3254 255 3294 eum
278 3235 512 3314 opprimendum
535 3236 727 3316 procedatur,
751 3254 811 3295 non
835 3234 974 3294 videatur
996 3252 1045 3300 res

124 3317 168 3377 sio
188 3315 318 3393 abitura,
341 3320 412 3398 quin
436 3320 466 3378 in
485 3318 650 3380 Germania
672 3320 835 3380 acerrimas
860 3315 1045 3377 offensiones

124 3406 154 3460 et
184 3399 346 3462 horribiles
381 3421 419 3461 ao
446 3403 586 3464 exitiales
616 3402 761 3463 tumultus
795 3402 965 3462 excitatura
996 3400 1045 3478 sit,

123 3481 204 3543 unde
236 3502 295 3544 nec
328 3483 366 3545 ad
397 3486 621 3546 sanctissimum
654 3486 818 3546 Dominum
855 3483 1045 3559 Pontificem,

124 3584 181 3626 nec
204 3565 270 3626 aliis
301 3566 467 3647 quidquam
496 3569 633 3630 utilitatis
660 3567 758 3630 redire
790 3566 912 3648 poterit.
960 3565 1046 3626 Haeo

124 3667 181 3709 nos
204 3647 293 3710 vobis
316 3649 399 3712 bono
421 3651 533 3733 studio,
556 3660 589 3713 ut
611 3653 661 3730 qui
682 3659 713 3714 et
734 3650 895 3713 ecclesiam
919 3655 949 3708 et
971 3667 1045 3707 rem·

125 3730 280 3812 publicam
302 3750 394 3813 quam
425 3735 558 3797 maxime
586 3735 703 3798 salvam
732 3742 893 3817 optamus,
922 3749 1046 3811 respon·
