2392 4170
419 231 503 289 Missa
520 188 631 303 priuata
646 232 684 290 Ι).
702 232 736 289 ii.
755 234 786 289 L.
1004 233 1067 300 159

143 400 230 483 Inde,
253 408 285 467 ut
306 408 424 484 peteret
445 407 564 485 signum
588 404 752 465 sDomino
776 403 972 483 promittente
995 403 1067 467 iibe-

143 487 293 548 rationsm
315 488 421 569 popuii
440 487 478 548 de
501 508 591 549 manu
615 489 695 568 regis
716 486 824 568 Syriae
848 493 879 548 et
896 483 1066 552 Samariae.

144 568 235 650 Apud
257 570 398 633 homines
427 591 550 651 quoque
573 582 674 652 pecta,
698 571 850 651 promissa
881 576 912 630 ct
939 568 1067 633 foedera

143 671 205 714 non
227 654 327 714 solum
342 656 453 715 -verbis
477 665 528 715 aut
549 655 661 734 literis,
690 652 744 715 sed
772 652 884 715 additis
913 653 1066 733 aliquibus

142 735 321 817 pignoribus
350 747 404 799 aut
428 740 556 800 testibus
587 737 754 804 firmantur,
804 735 835 798 si
868 736 970 798 verbis
998 757 1067 818 pro·

143 821 273 894 mittunt,
295 818 478 901 stipulantur
490 823 639 902 precibus,
656 821 682 880 si
705 821 808 901 literis,
830 819 1008 900 appendunt
1030 821 1068 883 si·

141 901 225 983 gilla,
249 905 279 963 in
303 905 396 966 robur
423 907 503 985 pecti
527 911 556 963 et
580 905 732 984 promissi.
777 903 822 964 ita
844 910 878 963 ut
899 903 976 965 haec
998 923 1065 983 pro·

143 987 247 1046 missio
271 987 373 1048 divine
397 989 486 1047 nobis
505 990 640 1048 omnium
663 994 745 1049 esset
757 987 938 1066 certissima,
960 985 1065 1049 fldem·

141 1087 201 1148 que
224 1080 358 1131 nostram
373 1073 552 1131 tutissimam
575 1069 725 1148 redderet,
748 1071 893 1152 apposuit
903 1071 1013 1150 pignus
1035 1080 1066 1134 et

142 1152 275 1233 sigillum
311 1156 445 1215 omnium
487 1153 696 1215 fidelissimum
735 1160 766 1214 et
798 1155 1063 1233 pretiosissimum,

142 1236 258 1296 scilicet
285 1239 448 1317 ipsummet
467 1239 596 1317 pretium
626 1237 858 1316 promissionis,
890 1254 1001 1317 corpus
1034 1245 1066 1301 et

142 1321 324 1398 sanguinem
348 1323 503 1402 proprium
534 1321 590 1380 sub
614 1338 694 1400 pane
717 1327 748 1381 et
769 1321 840 1380 vino
854 1367 862 1401 ,
892 1338 951 1400 quo
975 1320 1064 1382 nobis

140 1405 269 1464 emeruit
296 1405 509 1485 promissionis
537 1403 657 1464 divitias
681 1404 812 1483 donari,
842 1403 923 1483 quod
952 1412 983 1464 et
1011 1407 1064 1465 im-

139 1485 254 1566 peudit,
280 1495 312 1547 ut
335 1488 571 1568 promissionem
594 1487 813 1566 acciperemus.

223 1567 388 1644 Quomodo
425 1589 499 1650 ergo
534 1567 716 1631 sacrificium
749 1576 781 1632 et
814 1588 892 1650 opus
925 1580 1063 1633 nostrum

137 1651 238 1712 iacere
272 1673 434 1734 possumus
464 1673 503 1714 ex
526 1656 655 1733 pignore
683 1659 713 1712 et
742 1653 843 1732 sigilio
867 1654 938 1730 nei,
974 1655 1063 1716 nobis

138 1734 255 1796 donato
290 1745 321 1797 et
348 1738 545 1818 promissioni
573 1756 648 1797 suse
671 1736 830 1817 appenso?
874 1735 949 1812 Quis
984 1741 1063 1800 inter

138 1816 278 1880 homines
301 1821 432 1901 sigillum
467 1829 498 1882 et
519 1822 630 1902 pignus
653 1821 858 1900 promittentis
882 1820 971 1882 offert
1003 1823 1061 1904 ipsi

136 1905 335 1982 promittenti,
358 1924 396 1964 ao
418 1925 480 1966 non
503 1906 605 1984 potius
621 1903 733 1984 accipit
762 1923 780 1963 s
802 1905 1008 1984 promittente,
1031 1914 1062 1968 et

136 1985 194 2046 sibi
223 1997 348 2068 serrat,
382 1988 442 2049 boc
464 1990 533 2069 ipso
557 1996 663 2048 tenens
695 1987 751 2047 sibi
774 1987 952 2049 obstrictum
989 2009 1059 2070 pro·

137 2070 311 2145 missorem,
343 2073 514 2133 certissima
544 2070 655 2131 fiducia
689 2076 872 2151 exspectans
895 2073 960 2132 eius
983 2075 1061 2144 veri·

136 2160 230 2212 tatem
253 2163 284 2215 et
304 2154 526 2235 impletionem.
569 2155 614 2216 lta
644 2163 675 2214 et
709 2153 933 2215 nos-divinam
969 2159 1061 2218 maie·

135 2245 245 2296 statem
259 2238 320 2298 hoc
342 2238 557 2299 inaestimabili
574 2240 703 2319 pignore
725 2236 814 2298 nobis
837 2236 953 2301 donato
976 2246 1059 2302 tene-

137 2339 203 2379 mus
226 2321 403 2382 obstrictam
427 2321 467 2382 de
490 2330 593 2383 cetero
627 2339 694 2381 cum
728 2340 847 2381 summa
876 2322 1058 2386 certitudine

135 2409 167 2462 et
194 2402 371 2467 dulcissima
403 2407 662 2486 pacatissimaque
695 2403 806 2466 fiducie
831 2411 1059 2487 exspectantes,

135 2494 167 2548 ut
204 2488 351 2569 impleat,
387 2488 469 2569 quod
492 2491 655 2570 promisit,
688 2496 718 2550 et
740 2489 825 2549 cuius
847 2491 1061 2568 promissionis

135 2580 195 2630 tam
224 2573 392 2652 pretiosum
430 2573 550 2653 sibique
583 2573 773 2633 carissimum
812 2573 923 2652 pignus
965 2572 1056 2640 dedit.

134 2652 175 2713 Et
197 2662 227 2714 tu
249 2656 344 2736 impie
378 2655 465 2717 turbs
495 2656 599 2736 Papae
630 2675 688 2716 nos
711 2655 843 2733 offerre,
870 2664 900 2717 et
928 2658 1059 2718 snobis

134 2737 269 2799 abiicere
291 2738 385 2801 doces
407 2741 485 2801 haec
500 2738 751 2820 incomparabilia
773 2739 856 2801 dona
870 2749 900 2800 et
922 2740 1058 2820 gaudia?

217 2821 256 2883 nr
283 2825 350 2902 quis
379 2842 439 2885 nou
471 2842 591 2884 summa
624 2821 838 2903 indignatione
860 2823 1059 2886 discrucietur

133 2923 225 2984 super
247 2905 305 2967 hos
327 2908 556 2968 cruentissimos
579 2906 768 2989 animicidss,
791 2909 843 2987 qui
864 2908 953 2970 nobis
977 2908 1057 2970 hanc

133 2987 191 3048 Dei
213 2992 371 3052 caritatem
398 2989 584 3068 obscurant,
607 2989 687 3051 hano
718 2992 932 3054 certitudinem
956 2991 1057 3053 cordis

134 3071 333 3152 iabeisctant,
357 3074 437 3135 hanc
465 3075 659 3136 securitatem
691 3072 823 3135 fiduciae
855 3075 1058 3156 proscribunt,

133 3161 164 3216 et
186 3175 241 3236 pro
263 3160 389 3218 caritate
412 3159 466 3219 Dei
494 3159 570 3218 iram
593 3157 671 3238 Dei,
696 3175 751 3236 pro
773 3155 835 3219 fide
857 3176 970 3239 opera,
1000 3179 1056 3241 pro

132 3241 314 3302 certitudine
326 3241 573 3321 trepidationem,
595 3259 651 3321 pro
667 3241 831 3302 securitate
843 3242 1057 3305 contusionem
1106 3312 1114 3327 ,

133 3329 277 3386 statuunt.
323 3325 402 3384 Dum
426 3326 506 3386 enim
531 3323 712 3385 sacrificium
741 3322 857 3384 iaciunt
879 3345 919 3385 ex
939 3326 1059 3389 Eucha-

131 3406 226 3484 ristia,
249 3427 351 3468 nonne
365 3409 499 3469 incertos
519 3427 576 3468 nos
598 3406 735 3468 iaciunt?
774 3405 849 3482 Quis
864 3410 944 3470 enim
967 3412 1054 3489 sciat,

131 3509 173 3554 sn
186 3490 308 3569 placeat
318 3509 405 3552 suum
428 3489 619 3554 sacrificium.
648 3491 695 3551 De
711 3510 802 3551 nuum
821 3509 860 3552 ex
880 3491 946 3552 istis
967 3495 1058 3555 sacri·

131 3571 239 3652 tiociis,
262 3577 312 3654 qui
334 3575 448 3636 audeat
468 3581 584 3635 certum
597 3592 667 3634 sese
690 3593 838 3654 asserere,
862 3592 949 3635 suum
964 3579 1056 3638 sacri-

130 3655 232 3718 ficium
266 3677 336 3720 esse
365 3666 536 3739 acceptum.
580 3653 697 3721 Omnes
720 3660 802 3720 enim
839 3659 870 3718 in
904 3657 1055 3722 incertum

131 3748 265 3824 currunt,
287 3748 316 3804 et
339 3745 411 3807 atra
434 3760 538 3825 paguo
552 3739 724 3822 verberant,
746 3763 868 3826 semper
890 3750 921 3806 et
943 3740 1056 3823 ubique
