<?xml version="1.0" encoding="UTF-8"?>
<!DOCTYPE html PUBLIC "-//W3C//DTD XHTML 1.0 Transitional//EN"
    "http://www.w3.org/TR/xhtml1/DTD/xhtml1-transitional.dtd">
<html xmlns="http://www.w3.org/1999/xhtml" xml:lang="en" lang="en">
 <head>
  <title>
</title>
<meta http-equiv="Content-Type" content="text/html;charset=utf-8" />
  <meta name='ocr-system' content='tesseract 3.04.00' />
  <meta name='ocr-capabilities' content='ocr_page ocr_carea ocr_par ocr_line ocrx_word'/>
</head>
<body>
  <div class='ocr_page' id='page_1' title='image "./dmartinilutheri03luthgoog_0058.png"; bbox 0 0 2392 4170; ppageno 0'>
   <div class='ocr_carea' id='block_1_1' title="bbox 394 227 1060 292">
    <p class='ocr_par' dir='ltr' id='par_1_1' title="bbox 394 227 1060 292">
     <span class='ocr_line' id='line_1_1' title="bbox 394 227 1060 292; baseline -0.005 -6"><span class='ocrx_word' id='word_1_1' title='bbox 394 230 429 286; x_wconf 88' lang='lat' dir='ltr'><strong>D.</strong></span> <span class='ocrx_word' id='word_1_2' title='bbox 448 230 483 285; x_wconf 85' lang='grc' dir='ltr'><strong>Μ.</strong></span> <span class='ocrx_word' id='word_1_3' title='bbox 503 230 580 286; x_wconf 85' lang='lat' dir='ltr'><strong>butb.</strong></span> <span class='ocrx_word' id='word_1_4' title='bbox 599 227 787 284; x_wconf 87' lang='lat' dir='ltr'><strong>Praeludium.</strong></span> <span class='ocrx_word' id='word_1_5' title='bbox 1017 227 1060 292; x_wconf 77' lang='grc'><strong>47</strong></span> 
     </span>
    </p>
   </div>
   <div class='ocr_carea' id='block_1_2' title="bbox 104 381 1065 3797">
    <p class='ocr_par' dir='ltr' id='par_1_2' title="bbox 132 381 1060 1295">
     <span class='ocr_line' id='line_1_2' title="bbox 136 381 1059 463; baseline -0.002 -19"><span class='ocrx_word' id='word_1_6' title='bbox 136 386 225 445; x_wconf 86' lang='lat' dir='ltr'><strong>nenti</strong></span> <span class='ocrx_word' id='word_1_7' title='bbox 250 403 320 445; x_wconf 89' lang='lat' dir='ltr'><strong>cnm</strong></span> <span class='ocrx_word' id='word_1_8' title='bbox 338 385 507 447; x_wconf 86' lang='lat' dir='ltr'><strong>hereditete</strong></span> <span class='ocrx_word' id='word_1_9' title='bbox 528 389 640 446; x_wconf 88' lang='lat' dir='ltr'><strong>testata</strong></span> <span class='ocrx_word' id='word_1_10' title='bbox 661 381 794 463; x_wconf 80' lang='lat' dir='ltr'><strong>accipit?</strong></span> <span class='ocrx_word' id='word_1_11' title='bbox 816 381 962 457; x_wconf 77' lang='lat' dir='ltr'><strong>Quaeest</strong></span> <span class='ocrx_word' id='word_1_12' title='bbox 984 401 1059 461; x_wconf 84' lang='lat' dir='ltr'><strong>ergo</strong></span> 
     </span>
     <span class='ocr_line' id='line_1_3' title="bbox 136 467 1060 549; baseline -0.002 -23"><span class='ocrx_word' id='word_1_13' title='bbox 136 469 225 548; x_wconf 87' lang='lat' dir='ltr'><strong>impia</strong></span> <span class='ocrx_word' id='word_1_14' title='bbox 249 469 405 529; x_wconf 76' lang='lat' dir='ltr'><strong>temeritas</strong></span> <span class='ocrx_word' id='word_1_15' title='bbox 427 475 543 549; x_wconf 85' lang='lat' dir='ltr'><strong>nostre,</strong></span> <span class='ocrx_word' id='word_1_16' title='bbox 564 475 598 529; x_wconf 91' lang='lat' dir='ltr'><strong>ut</strong></span> <span class='ocrx_word' id='word_1_17' title='bbox 619 467 785 527; x_wconf 89' lang='lat' dir='ltr'><strong>divinumt</strong></span> <span class='ocrx_word' id='word_1_18' title='bbox 772 473 986 526; x_wconf 85' lang='lat' dir='ltr'><strong>testamentum</strong></span> <span class='ocrx_word' id='word_1_19' title='bbox 1011 484 1060 525; x_wconf 91' lang='lat' dir='ltr'><strong>ac·</strong></span> 
     </span>
     <span class='ocr_line' id='line_1_4' title="bbox 137 549 1059 647; baseline -0.002 -37"><span class='ocrx_word' id='word_1_20' title='bbox 137 552 250 647; x_wconf 84' lang='lat' dir='ltr'><strong>cepturi</strong></span> <span class='ocrx_word' id='word_1_21' title='bbox 274 553 499 632; x_wconf 88' lang='lat' dir='ltr'><strong>veniamus,ut</strong></span> <span class='ocrx_word' id='word_1_22' title='bbox 465 552 632 613; x_wconf 91' lang='lat' dir='ltr'><strong>utbonum</strong></span> <span class='ocrx_word' id='word_1_23' title='bbox 655 570 733 631; x_wconf 89' lang='lat' dir='ltr'><strong>opus</strong></span> <span class='ocrx_word' id='word_1_24' title='bbox 756 551 784 610; x_wconf 90' lang='lat' dir='ltr'><strong>ei</strong></span> <span class='ocrx_word' id='word_1_25' title='bbox 809 549 940 609; x_wconf 85' lang='lat' dir='ltr'><strong>facturi?</strong></span> <span class='ocrx_word' id='word_1_26' title='bbox 964 549 1059 608; x_wconf 80' lang='lat' dir='ltr'>Estne</span> 
     </span>
     <span class='ocr_line' id='line_1_5' title="bbox 136 633 1059 714; baseline -0.002 -22"><span class='ocrx_word' id='word_1_27' title='bbox 136 633 189 693; x_wconf 85' lang='lat' dir='ltr'><strong>istu</strong></span> <span class='ocrx_word' id='word_1_28' title='bbox 209 636 387 713; x_wconf 79' lang='lat' dir='ltr'>ignorantia</span> <span class='ocrx_word' id='word_1_29' title='bbox 409 636 583 696; x_wconf 86' lang='lat' dir='ltr'><strong>testamenti</strong></span> <span class='ocrx_word' id='word_1_30' title='bbox 613 642 644 695; x_wconf 87' lang='lat' dir='ltr'><strong>et</strong></span> <span class='ocrx_word' id='word_1_31' title='bbox 672 633 835 714; x_wconf 87' lang='lat' dir='ltr'><strong>captivitas</strong></span> <span class='ocrx_word' id='word_1_32' title='bbox 859 633 936 692; x_wconf 86' lang='lat' dir='ltr'><strong>tanti</strong></span> <span class='ocrx_word' id='word_1_33' title='bbox 959 650 1059 691; x_wconf 88' lang='lat' dir='ltr'><strong>secra-</strong></span> 
     </span>
     <span class='ocr_line' id='line_1_6' title="bbox 136 712 1058 814; baseline -0.002 -39"><span class='ocrx_word' id='word_1_34' title='bbox 136 718 223 776; x_wconf 89' lang='lat' dir='ltr'><strong>menti</strong></span> <span class='ocrx_word' id='word_1_35' title='bbox 247 716 392 780; x_wconf 89' lang='lat' dir='ltr'><strong>omnibus</strong></span> <span class='ocrx_word' id='word_1_36' title='bbox 413 718 545 779; x_wconf 80' lang='lat' dir='ltr'><strong>lacrimis</strong></span> <span class='ocrx_word' id='word_1_37' title='bbox 568 712 729 814; x_wconf 81' lang='lat' dir='ltr'><strong>superior?</strong></span> <span class='ocrx_word' id='word_1_38' title='bbox 768 716 820 776; x_wconf 93' lang='lat' dir='ltr'><strong>ubi</strong></span> <span class='ocrx_word' id='word_1_39' title='bbox 852 715 890 775; x_wconf 90' lang='lat' dir='ltr'><strong>de</strong></span> <span class='ocrx_word' id='word_1_40' title='bbox 923 716 1058 794; x_wconf 88' lang='lat' dir='ltr'><strong>acceptis</strong></span> 
     </span>
     <span class='ocr_line' id='line_1_7' title="bbox 136 798 1059 896; baseline 0.001 -38"><span class='ocrx_word' id='word_1_41' title='bbox 136 801 208 879; x_wconf 87' lang='lat' dir='ltr'><strong>grati</strong></span> <span class='ocrx_word' id='word_1_42' title='bbox 240 819 312 860; x_wconf 88' lang='lat' dir='ltr'><strong>esse</strong></span> <span class='ocrx_word' id='word_1_43' title='bbox 342 800 506 883; x_wconf 86' lang='lat' dir='ltr'><strong>debemus,</strong></span> <span class='ocrx_word' id='word_1_44' title='bbox 539 803 677 863; x_wconf 90' lang='lat' dir='ltr'><strong>venimus</strong></span> <span class='ocrx_word' id='word_1_45' title='bbox 705 799 845 896; x_wconf 83' lang='lat' dir='ltr'><strong>superbi</strong></span> <span class='ocrx_word' id='word_1_46' title='bbox 856 798 954 858; x_wconf 86' lang='lat' dir='ltr'><strong>daturi</strong></span> <span class='ocrx_word' id='word_1_47' title='bbox 981 798 1059 859; x_wconf 89' lang='lat' dir='ltr'><strong>acci·</strong></span> 
     </span>
     <span class='ocr_line' id='line_1_8' title="bbox 132 880 1059 965; baseline 0.001 -27"><span class='ocrx_word' id='word_1_48' title='bbox 132 882 263 962; x_wconf 55' lang='lat' dir='ltr'><strong>¹pienda,</strong></span> <span class='ocrx_word' id='word_1_49' title='bbox 302 883 461 945; x_wconf 88' lang='lat' dir='ltr'><strong>irridentes</strong></span> <span class='ocrx_word' id='word_1_50' title='bbox 496 884 632 944; x_wconf 87' lang='lat' dir='ltr'><strong>inaudita</strong></span> <span class='ocrx_word' id='word_1_51' title='bbox 670 885 869 965; x_wconf 86' lang='lat' dir='ltr'><strong>perversitate</strong></span> <span class='ocrx_word' id='word_1_52' title='bbox 903 880 998 941; x_wconf 89' lang='lat' dir='ltr'><strong>donet</strong></span> <span class='ocrx_word' id='word_1_53' title='bbox 985 880 1059 940; x_wconf 89' lang='lat' dir='ltr'><strong>toris</strong></span> 
     </span>
     <span class='ocr_line' id='line_1_9' title="bbox 137 964 1058 1062; baseline -0.001 -38"><span class='ocrx_word' id='word_1_54' title='bbox 137 966 386 1062; x_wconf 79' lang='lat' dir='ltr'><strong>misericordiam,</strong></span> <span class='ocrx_word' id='word_1_55' title='bbox 410 966 480 1027; x_wconf 92' lang='lat' dir='ltr'><strong>dnm</strong></span> <span class='ocrx_word' id='word_1_56' title='bbox 502 970 562 1028; x_wconf 91' lang='lat' dir='ltr'><strong>boc</strong></span> <span class='ocrx_word' id='word_1_57' title='bbox 585 967 780 1028; x_wconf 85' lang='lat' dir='ltr'><strong>donamusnt</strong></span> <span class='ocrx_word' id='word_1_58' title='bbox 801 985 890 1046; x_wconf 88' lang='lat' dir='ltr'><strong>opus,</strong></span> <span class='ocrx_word' id='word_1_59' title='bbox 912 964 995 1044; x_wconf 90' lang='lat' dir='ltr'><strong>quod</strong></span> <span class='ocrx_word' id='word_1_60' title='bbox 1010 981 1058 1023; x_wconf 87' lang='lat' dir='ltr'><strong>ao-</strong></span> 
     </span>
     <span class='ocr_line' id='line_1_10' title="bbox 136 1047 1060 1129; baseline -0.003 -21"><span class='ocrx_word' id='word_1_61' title='bbox 136 1051 263 1129; x_wconf 80' lang='lat' dir='ltr'><strong>cipimus</strong></span> <span class='ocrx_word' id='word_1_62' title='bbox 286 1056 320 1109; x_wconf 90' lang='lat' dir='ltr'><strong>ut</strong></span> <span class='ocrx_word' id='word_1_63' title='bbox 341 1049 467 1125; x_wconf 91' lang='lat' dir='ltr'><strong>donum,</strong></span> <span class='ocrx_word' id='word_1_64' title='bbox 488 1060 520 1110; x_wconf 89' lang='lat' dir='ltr'><strong>ut</strong></span> <span class='ocrx_word' id='word_1_65' title='bbox 542 1052 698 1111; x_wconf 88' lang='lat' dir='ltr'><strong>testator</strong></span> <span class='ocrx_word' id='word_1_66' title='bbox 690 1070 750 1110; x_wconf 87' lang='lat' dir='ltr'><strong>reru</strong></span> <span class='ocrx_word' id='word_1_67' title='bbox 774 1070 835 1111; x_wconf 90' lang='lat' dir='ltr'><strong>non</strong></span> <span class='ocrx_word' id='word_1_68' title='bbox 858 1068 980 1109; x_wconf 90' lang='lat' dir='ltr'><strong>suorum</strong></span> <span class='ocrx_word' id='word_1_69' title='bbox 1004 1047 1060 1106; x_wconf 84' lang='lat' dir='ltr'><strong>lar·</strong></span> 
     </span>
     <span class='ocr_line' id='line_1_11' title="bbox 136 1132 1060 1214; baseline -0.002 -22"><span class='ocrx_word' id='word_1_70' title='bbox 136 1134 211 1212; x_wconf 85' lang='lat' dir='ltr'><strong>gitor</strong></span> <span class='ocrx_word' id='word_1_71' title='bbox 235 1132 400 1212; x_wconf 88' lang='lat' dir='ltr'><strong>bonorum,</strong></span> <span class='ocrx_word' id='word_1_72' title='bbox 422 1133 478 1194; x_wconf 88' lang='lat' dir='ltr'><strong>sed</strong></span> <span class='ocrx_word' id='word_1_73' title='bbox 500 1141 571 1196; x_wconf 87' lang='lat' dir='ltr'><strong>nost</strong></span> <span class='ocrx_word' id='word_1_74' title='bbox 571 1153 675 1195; x_wconf 87' lang='lat' dir='ltr'><strong>rorum</strong></span> <span class='ocrx_word' id='word_1_75' title='bbox 688 1136 728 1195; x_wconf 91' lang='lat' dir='ltr'><strong>sit</strong></span> <span class='ocrx_word' id='word_1_76' title='bbox 742 1140 897 1214; x_wconf 72' lang='lat' dir='ltr'><strong>suceptor.</strong></span> <span class='ocrx_word' id='word_1_77' title='bbox 931 1133 1015 1193; x_wconf 87' lang='lat' dir='ltr'><strong>Vae&#39;</strong></span> <span class='ocrx_word' id='word_1_78' title='bbox 1008 1150 1060 1190; x_wconf 84' lang='lat' dir='ltr'><strong>rm-</strong></span> 
     </span>
     <span class='ocr_line' id='line_1_12' title="bbox 137 1217 323 1295; baseline 0.016 -20"><span class='ocrx_word' id='word_1_79' title='bbox 137 1217 240 1295; x_wconf 81' lang='lat' dir='ltr'><strong>pietati</strong></span> <span class='ocrx_word' id='word_1_80' title='bbox 263 1217 323 1278; x_wconf 91' lang='grc' dir='ltr'>ιιιι.</span> 
     </span>
    </p>

    <p class='ocr_par' dir='ltr' id='par_1_3' title="bbox 104 1298 1065 3797">
     <span class='ocr_line' id='line_1_13' title="bbox 194 1298 1059 1379; baseline -0.001 -21"><span class='ocrx_word' id='word_1_81' title='bbox 194 1298 272 1374; x_wconf 79' lang='lat' dir='ltr'><strong>Quis</strong></span> <span class='ocrx_word' id='word_1_82' title='bbox 295 1317 370 1359; x_wconf 89' lang='lat' dir='ltr'><strong>vero</strong></span> <span class='ocrx_word' id='word_1_83' title='bbox 382 1318 515 1378; x_wconf 89' lang='lat' dir='ltr'><strong>unquam</strong></span> <span class='ocrx_word' id='word_1_84' title='bbox 527 1300 582 1360; x_wconf 83' lang='lat' dir='ltr'><strong>fuit</strong></span> <span class='ocrx_word' id='word_1_85' title='bbox 598 1307 658 1360; x_wconf 85' lang='lat' dir='ltr'><strong>tam</strong></span> <span class='ocrx_word' id='word_1_86' title='bbox 674 1299 809 1378; x_wconf 88' lang='lat' dir='ltr'><strong>demens,</strong></span> <span class='ocrx_word' id='word_1_87' title='bbox 833 1307 864 1359; x_wconf 86' lang='lat' dir='ltr'><strong>ut</strong></span> <span class='ocrx_word' id='word_1_88' title='bbox 876 1299 1059 1379; x_wconf 87' lang='lat' dir='ltr'><strong>baptismum</strong></span> 
     </span>
     <span class='ocr_line' id='line_1_14' title="bbox 138 1381 1059 1463; baseline 0 -22"><span class='ocrx_word' id='word_1_89' title='bbox 138 1381 259 1442; x_wconf 89' lang='lat' dir='ltr'><strong>duceret</strong></span> <span class='ocrx_word' id='word_1_90' title='bbox 280 1401 349 1442; x_wconf 90' lang='lat' dir='ltr'><strong>esse</strong></span> <span class='ocrx_word' id='word_1_91' title='bbox 371 1382 486 1443; x_wconf 91' lang='lat' dir='ltr'><strong>bonum</strong></span> <span class='ocrx_word' id='word_1_92' title='bbox 508 1382 606 1463; x_wconf 78' lang='lat' dir='ltr'><strong>opus?</strong></span> <span class='ocrx_word' id='word_1_93' title='bbox 629 1389 682 1444; x_wconf 90' lang='lat' dir='ltr'><strong>ant</strong></span> <span class='ocrx_word' id='word_1_94' title='bbox 695 1383 893 1463; x_wconf 85' lang='lat' dir='ltr'><strong>baptisandus</strong></span> <span class='ocrx_word' id='word_1_95' title='bbox 911 1383 1059 1459; x_wconf 87' lang='lat' dir='ltr'><strong>crederet,</strong></span> 
     </span>
     <span class='ocr_line' id='line_1_15' title="bbox 138 1465 1062 1546; baseline 0.001 -23"><span class='ocrx_word' id='word_1_96' title='bbox 138 1484 202 1525; x_wconf 90' lang='lat' dir='ltr'><strong>sese</strong></span> <span class='ocrx_word' id='word_1_97' title='bbox 224 1484 306 1545; x_wconf 88' lang='lat' dir='ltr'><strong>opus</strong></span> <span class='ocrx_word' id='word_1_98' title='bbox 327 1465 446 1544; x_wconf 82' lang='lat' dir='ltr'><strong>facere,</strong></span> <span class='ocrx_word' id='word_1_99' title='bbox 476 1465 559 1544; x_wconf 89' lang='lat' dir='ltr'><strong>quod</strong></span> <span class='ocrx_word' id='word_1_100' title='bbox 579 1484 636 1546; x_wconf 92' lang='lat' dir='ltr'><strong>pro</strong></span> <span class='ocrx_word' id='word_1_101' title='bbox 658 1484 692 1526; x_wconf 89' lang='grc' dir='ltr'><strong>ιι</strong></span> <span class='ocrx_word' id='word_1_102' title='bbox 710 1475 740 1526; x_wconf 89' lang='grc' dir='ltr'><strong>ιι</strong></span> <span class='ocrx_word' id='word_1_103' title='bbox 761 1467 828 1526; x_wconf 88' lang='grc' dir='ltr'>ιΙιιι</span> <span class='ocrx_word' id='word_1_104' title='bbox 850 1467 917 1526; x_wconf 89' lang='lat' dir='ltr'><strong>Deo</strong></span> <span class='ocrx_word' id='word_1_105' title='bbox 941 1466 1062 1526; x_wconf 84' lang='lat' dir='ltr'><strong>offerret</strong></span> 
     </span>
     <span class='ocr_line' id='line_1_16' title="bbox 138 1548 1061 1629; baseline 0 -22"><span class='ocrx_word' id='word_1_106' title='bbox 138 1555 166 1608; x_wconf 88' lang='lat' dir='ltr'><strong>et</strong></span> <span class='ocrx_word' id='word_1_107' title='bbox 193 1548 460 1609; x_wconf 79' lang='lat' dir='ltr'><strong>communicaret?</strong></span> <span class='ocrx_word' id='word_1_108' title='bbox 504 1548 535 1610; x_wconf 83' lang='lat' dir='ltr'><strong>Si</strong></span> <span class='ocrx_word' id='word_1_109' title='bbox 568 1567 641 1629; x_wconf 85' lang='lat' dir='ltr'><strong>ergo</strong></span> <span class='ocrx_word' id='word_1_110' title='bbox 674 1551 704 1609; x_wconf 92' lang='lat' dir='ltr'><strong>in</strong></span> <span class='ocrx_word' id='word_1_111' title='bbox 735 1568 796 1609; x_wconf 90' lang='lat' dir='ltr'><strong>uno</strong></span> <span class='ocrx_word' id='word_1_112' title='bbox 828 1550 930 1628; x_wconf 82' lang='lat' dir='ltr'><strong>aliquo</strong></span> <span class='ocrx_word' id='word_1_113' title='bbox 961 1567 1061 1609; x_wconf 88' lang='lat' dir='ltr'><strong>saera-</strong></span> 
     </span>
     <span class='ocr_line' id='line_1_17' title="bbox 134 1632 1061 1712; baseline -0.001 -20"><span class='ocrx_word' id='word_1_114' title='bbox 134 1639 237 1692; x_wconf 89' lang='lat' dir='ltr'><strong>mento</strong></span> <span class='ocrx_word' id='word_1_115' title='bbox 283 1638 316 1691; x_wconf 87' lang='grc' dir='ltr'><strong>ιι</strong></span> <span class='ocrx_word' id='word_1_116' title='bbox 351 1638 538 1692; x_wconf 88' lang='lat' dir='ltr'><strong>testamento</strong></span> <span class='ocrx_word' id='word_1_117' title='bbox 580 1632 694 1692; x_wconf 86' lang='lat' dir='ltr'><strong>nultum</strong></span> <span class='ocrx_word' id='word_1_118' title='bbox 738 1640 785 1692; x_wconf 90' lang='lat' dir='ltr'><strong>est</strong></span> <span class='ocrx_word' id='word_1_119' title='bbox 827 1632 939 1693; x_wconf 90' lang='lat' dir='ltr'><strong>bonurn</strong></span> <span class='ocrx_word' id='word_1_120' title='bbox 984 1651 1061 1712; x_wconf 92' lang='lat' dir='ltr'><strong>opus</strong></span> 
     </span>
     <span class='ocr_line' id='line_1_18' title="bbox 136 1714 1061 1794; baseline 0 -20"><span class='ocrx_word' id='word_1_121' title='bbox 136 1714 394 1775; x_wconf 89' lang='lat' dir='ltr'><strong>communicabile</strong></span> <span class='ocrx_word' id='word_1_122' title='bbox 435 1714 525 1791; x_wconf 89' lang='lat' dir='ltr'><strong>aliis,</strong></span> <span class='ocrx_word' id='word_1_123' title='bbox 566 1734 624 1776; x_wconf 93' lang='lat' dir='ltr'><strong>nec</strong></span> <span class='ocrx_word' id='word_1_124' title='bbox 664 1717 694 1774; x_wconf 95' lang='lat' dir='ltr'><strong>in</strong></span> <span class='ocrx_word' id='word_1_125' title='bbox 738 1717 831 1775; x_wconf 88' lang='lat' dir='ltr'><strong>missa</strong></span> <span class='ocrx_word' id='word_1_126' title='bbox 873 1717 948 1794; x_wconf 89' lang='lat' dir='ltr'><strong>erit,</strong></span> <span class='ocrx_word' id='word_1_127' title='bbox 992 1735 1061 1775; x_wconf 87' lang='lat' dir='ltr'><strong>curn</strong></span> 
     </span>
     <span class='ocr_line' id='line_1_19' title="bbox 135 1799 1063 1877; baseline 0.002 -21"><span class='ocrx_word' id='word_1_128' title='bbox 135 1805 163 1857; x_wconf 87' lang='grc' dir='ltr'><strong>ιι</strong></span> <span class='ocrx_word' id='word_1_129' title='bbox 196 1799 267 1877; x_wconf 87' lang='lat' dir='ltr'><strong>ipsa</strong></span> <span class='ocrx_word' id='word_1_130' title='bbox 301 1815 365 1857; x_wconf 92' lang='lat' dir='ltr'><strong>non</strong></span> <span class='ocrx_word' id='word_1_131' title='bbox 399 1799 439 1858; x_wconf 90' lang='grc' dir='ltr'><strong>ιιι</strong></span> <span class='ocrx_word' id='word_1_132' title='bbox 456 1799 528 1857; x_wconf 55' lang='lat' dir='ltr'><strong>&lt;nisi</strong></span> <span class='ocrx_word' id='word_1_133' title='bbox 561 1804 777 1859; x_wconf 90' lang='lat' dir='ltr'><strong>testamentum</strong></span> <span class='ocrx_word' id='word_1_134' title='bbox 821 1805 851 1857; x_wconf 92' lang='lat' dir='ltr'><strong>et</strong></span> <span class='ocrx_word' id='word_1_135' title='bbox 892 1818 1063 1859; x_wconf 89' lang='lat' dir='ltr'><strong>sacramen·</strong></span> 
     </span>
     <span class='ocr_line' id='line_1_20' title="bbox 104 1879 1063 1962; baseline 0.001 -22"><span class='ocrx_word' id='word_1_136' title='bbox 104 1953 107 1957; x_wconf 15' lang='lat' dir='ltr'>y</span> <span class='ocrx_word' id='word_1_137' title='bbox 134 1888 205 1943; x_wconf 89' lang='lat' dir='ltr'><strong>tum.</strong></span> <span class='ocrx_word' id='word_1_138' title='bbox 260 1879 351 1940; x_wconf 91' lang='lat' dir='ltr'><strong>Unde</strong></span> <span class='ocrx_word' id='word_1_139' title='bbox 379 1881 557 1941; x_wconf 83' lang='lat' dir='ltr'><strong>manifestus</strong></span> <span class='ocrx_word' id='word_1_140' title='bbox 590 1889 621 1942; x_wconf 92' lang='lat' dir='ltr'><strong>et</strong></span> <span class='ocrx_word' id='word_1_141' title='bbox 646 1883 757 1962; x_wconf 91' lang='lat' dir='ltr'><strong>impius</strong></span> <span class='ocrx_word' id='word_1_142' title='bbox 786 1898 870 1941; x_wconf 88' lang='lat' dir='ltr'><strong>error</strong></span> <span class='ocrx_word' id='word_1_143' title='bbox 902 1889 962 1960; x_wconf 89' lang='lat' dir='ltr'><strong>est,</strong></span> <span class='ocrx_word' id='word_1_144' title='bbox 996 1884 1063 1941; x_wconf 90' lang='lat' dir='ltr'><strong>mis-</strong></span> 
     </span>
     <span class='ocr_line' id='line_1_21' title="bbox 134 1964 1063 2044; baseline 0.002 -21"><span class='ocrx_word' id='word_1_145' title='bbox 134 1983 198 2023; x_wconf 85' lang='lat' dir='ltr'><strong>sam</strong></span> <span class='ocrx_word' id='word_1_146' title='bbox 239 1983 298 2042; x_wconf 91' lang='lat' dir='ltr'><strong>pro</strong></span> <span class='ocrx_word' id='word_1_147' title='bbox 335 1964 490 2043; x_wconf 90' lang='lat' dir='ltr'><strong>peccatis,</strong></span> <span class='ocrx_word' id='word_1_148' title='bbox 525 1983 580 2044; x_wconf 91' lang='lat' dir='ltr'><strong>pro</strong></span> <span class='ocrx_word' id='word_1_149' title='bbox 610 1964 885 2044; x_wconf 81' lang='lat' dir='ltr'><strong>satisfactionibus,</strong></span> <span class='ocrx_word' id='word_1_150' title='bbox 920 1983 976 2044; x_wconf 90' lang='lat' dir='ltr'><strong>pro</strong></span> <span class='ocrx_word' id='word_1_151' title='bbox 1014 1964 1063 2025; x_wconf 88' lang='lat' dir='ltr'><strong>de-</strong></span> 
     </span>
     <span class='ocr_line' id='line_1_22' title="bbox 136 2046 1065 2127; baseline 0.004 -23"><span class='ocrx_word' id='word_1_152' title='bbox 136 2046 264 2122; x_wconf 78' lang='lat' dir='ltr'><strong>functis,</strong></span> <span class='ocrx_word' id='word_1_153' title='bbox 299 2053 354 2106; x_wconf 90' lang='lat' dir='ltr'><strong>aut</strong></span> <span class='ocrx_word' id='word_1_154' title='bbox 386 2047 618 2127; x_wconf 89' lang='lat' dir='ltr'><strong>quibuscunque</strong></span> <span class='ocrx_word' id='word_1_155' title='bbox 650 2048 881 2111; x_wconf 87' lang='lat' dir='ltr'><strong>necessitatibus</strong></span> <span class='ocrx_word' id='word_1_156' title='bbox 917 2050 979 2107; x_wconf 90' lang='lat' dir='ltr'><strong>suis</strong></span> <span class='ocrx_word' id='word_1_157' title='bbox 1012 2056 1065 2108; x_wconf 89' lang='lat' dir='ltr'><strong>aut</strong></span> 
     </span>
     <span class='ocr_line' id='line_1_23' title="bbox 134 2129 1065 2211; baseline 0.001 -23"><span class='ocrx_word' id='word_1_158' title='bbox 134 2130 266 2190; x_wconf 88' lang='lat' dir='ltr'><strong>aliorum</strong></span> <span class='ocrx_word' id='word_1_159' title='bbox 298 2129 409 2190; x_wconf 87' lang='lat' dir='ltr'><strong>offerre</strong></span> <span class='ocrx_word' id='word_1_160' title='bbox 435 2150 490 2190; x_wconf 89' lang='lat' dir='ltr'><strong>seu</strong></span> <span class='ocrx_word' id='word_1_161' title='bbox 522 2131 687 2211; x_wconf 90' lang='lat' dir='ltr'><strong>applicare.</strong></span> <span class='ocrx_word' id='word_1_162' title='bbox 737 2130 827 2206; x_wconf 78' lang='lat' dir='ltr'><strong>Quod</strong></span> <span class='ocrx_word' id='word_1_163' title='bbox 854 2132 998 2190; x_wconf 85' lang='lat' dir='ltr'><strong>facillime</strong></span> <span class='ocrx_word' id='word_1_164' title='bbox 1022 2133 1065 2190; x_wconf 90' lang='lat' dir='ltr'><strong>in·</strong></span> 
     </span>
     <span class='ocr_line' id='line_1_24' title="bbox 133 2212 1064 2293; baseline 0 -21"><span class='ocrx_word' id='word_1_165' title='bbox 133 2213 245 2292; x_wconf 79' lang='lat' dir='ltr'><strong>telligis</strong></span> <span class='ocrx_word' id='word_1_166' title='bbox 269 2231 339 2272; x_wconf 89' lang='lat' dir='ltr'><strong>esse</strong></span> <span class='ocrx_word' id='word_1_167' title='bbox 361 2213 589 2273; x_wconf 88' lang='lat' dir='ltr'><strong>evidentissime</strong></span> <span class='ocrx_word' id='word_1_168' title='bbox 611 2233 732 2293; x_wconf 88' lang='lat' dir='ltr'><strong>verum,</strong></span> <span class='ocrx_word' id='word_1_169' title='bbox 754 2216 780 2272; x_wconf 93' lang='lat' dir='ltr'><strong>si</strong></span> <span class='ocrx_word' id='word_1_170' title='bbox 801 2212 926 2274; x_wconf 88' lang='lat' dir='ltr'><strong>firmiter</strong></span> <span class='ocrx_word' id='word_1_171' title='bbox 948 2221 1064 2289; x_wconf 87' lang='lat' dir='ltr'><strong>teneas,</strong></span> 
     </span>
     <span class='ocr_line' id='line_1_25' title="bbox 135 2298 1065 2376; baseline 0.003 -22"><span class='ocrx_word' id='word_1_172' title='bbox 135 2298 262 2355; x_wconf 85' lang='lat' dir='ltr'><strong>missam</strong></span> <span class='ocrx_word' id='word_1_173' title='bbox 286 2314 357 2355; x_wconf 92' lang='lat' dir='ltr'><strong>esse</strong></span> <span class='ocrx_word' id='word_1_174' title='bbox 377 2298 615 2376; x_wconf 88' lang='lat' dir='ltr'><strong>promissionem</strong></span> <span class='ocrx_word' id='word_1_175' title='bbox 637 2299 781 2376; x_wconf 86' lang='lat' dir='ltr'><strong>divinam,</strong></span> <span class='ocrx_word' id='word_1_176' title='bbox 805 2315 885 2375; x_wconf 88' lang='lat' dir='ltr'><strong>quae</strong></span> <span class='ocrx_word' id='word_1_177' title='bbox 906 2298 979 2355; x_wconf 92' lang='lat' dir='ltr'><strong>nulli</strong></span> <span class='ocrx_word' id='word_1_178' title='bbox 997 2316 1065 2376; x_wconf 92' lang='lat' dir='ltr'><strong>pro-</strong></span> 
     </span>
     <span class='ocr_line' id='line_1_26' title="bbox 134 2378 1064 2474; baseline 0.001 -37"><span class='ocrx_word' id='word_1_179' title='bbox 134 2378 234 2474; x_wconf 81' lang='lat' dir='ltr'><strong>desse,</strong></span> <span class='ocrx_word' id='word_1_180' title='bbox 259 2378 335 2437; x_wconf 88' lang='lat' dir='ltr'><strong>nulli</strong></span> <span class='ocrx_word' id='word_1_181' title='bbox 356 2379 515 2460; x_wconf 89' lang='lat' dir='ltr'><strong>applicari,</strong></span> <span class='ocrx_word' id='word_1_182' title='bbox 536 2381 609 2440; x_wconf 87' lang='lat' dir='ltr'><strong>nulli</strong></span> <span class='ocrx_word' id='word_1_183' title='bbox 632 2381 805 2460; x_wconf 85' lang='lat' dir='ltr'><strong>suffragari,</strong></span> <span class='ocrx_word' id='word_1_184' title='bbox 834 2381 905 2440; x_wconf 85' lang='lat' dir='ltr'><strong>nulli</strong></span> <span class='ocrx_word' id='word_1_185' title='bbox 931 2400 1064 2440; x_wconf 89' lang='lat' dir='ltr'><strong>commu-</strong></span> 
     </span>
     <span class='ocr_line' id='line_1_27' title="bbox 137 2462 1062 2544; baseline 0.002 -24"><span class='ocrx_word' id='word_1_186' title='bbox 137 2463 230 2522; x_wconf 88' lang='lat' dir='ltr'><strong>nicari</strong></span> <span class='ocrx_word' id='word_1_187' title='bbox 255 2468 376 2542; x_wconf 88' lang='lat' dir='ltr'><strong>potest,</strong></span> <span class='ocrx_word' id='word_1_188' title='bbox 408 2463 466 2522; x_wconf 88' lang='lat' dir='ltr'><strong>nisi</strong></span> <span class='ocrx_word' id='word_1_189' title='bbox 499 2464 582 2543; x_wconf 89' lang='lat' dir='ltr'><strong>ipsi</strong></span> <span class='ocrx_word' id='word_1_190' title='bbox 590 2464 725 2525; x_wconf 87' lang='lat' dir='ltr'><strong>credenti</strong></span> <span class='ocrx_word' id='word_1_191' title='bbox 751 2464 808 2524; x_wconf 91' lang='lat' dir='ltr'><strong>soli</strong></span> <span class='ocrx_word' id='word_1_192' title='bbox 835 2466 960 2544; x_wconf 89' lang='lat' dir='ltr'><strong>propria</strong></span> <span class='ocrx_word' id='word_1_193' title='bbox 992 2462 1062 2523; x_wconf 84' lang='lat' dir='ltr'><strong>fide.</strong></span> 
     </span>
     <span class='ocr_line' id='line_1_28' title="bbox 138 2543 1062 2627; baseline 0 -23"><span class='ocrx_word' id='word_1_194' title='bbox 138 2543 208 2619; x_wconf 80' lang='lat' dir='ltr'><strong>Quis</strong></span> <span class='ocrx_word' id='word_1_195' title='bbox 243 2545 326 2604; x_wconf 90' lang='lat' dir='ltr'><strong>enim</strong></span> <span class='ocrx_word' id='word_1_196' title='bbox 355 2546 593 2625; x_wconf 88' lang='lat' dir='ltr'><strong>promissionem</strong></span> <span class='ocrx_word' id='word_1_197' title='bbox 621 2548 693 2627; x_wconf 91' lang='lat' dir='ltr'><strong>Dei,</strong></span> <span class='ocrx_word' id='word_1_198' title='bbox 721 2565 800 2626; x_wconf 87' lang='lat' dir='ltr'><strong>quae</strong></span> <span class='ocrx_word' id='word_1_199' title='bbox 826 2548 1062 2625; x_wconf 88' lang='lat' dir='ltr'><strong>uniuscuiusque</strong></span> 
     </span>
     <span class='ocr_line' id='line_1_29' title="bbox 135 2627 1062 2726; baseline 0.002 -39"><span class='ocrx_word' id='word_1_200' title='bbox 135 2628 312 2708; x_wconf 82' lang='lat' dir='ltr'><strong>siugulatim</strong></span> <span class='ocrx_word' id='word_1_201' title='bbox 342 2629 438 2710; x_wconf 82' lang='lat' dir='ltr'><strong>exigit</strong></span> <span class='ocrx_word' id='word_1_202' title='bbox 459 2627 568 2709; x_wconf 88' lang='lat' dir='ltr'><strong>fidem,</strong></span> <span class='ocrx_word' id='word_1_203' title='bbox 599 2638 702 2711; x_wconf 86' lang='lat' dir='ltr'><strong>potest</strong></span> <span class='ocrx_word' id='word_1_204' title='bbox 726 2649 782 2709; x_wconf 91' lang='lat' dir='ltr'><strong>pro</strong></span> <span class='ocrx_word' id='word_1_205' title='bbox 812 2631 872 2690; x_wconf 88' lang='lat' dir='ltr'><strong>alio</strong></span> <span class='ocrx_word' id='word_1_206' title='bbox 901 2639 1062 2726; x_wconf 88' lang='lat' dir='ltr'><strong>acceptare</strong></span> 
     </span>
     <span class='ocr_line' id='line_1_30' title="bbox 133 2710 1062 2794; baseline 0.003 -24"><span class='ocrx_word' id='word_1_207' title='bbox 133 2719 185 2771; x_wconf 87' lang='lat' dir='ltr'><strong>aut</strong></span> <span class='ocrx_word' id='word_1_208' title='bbox 207 2710 390 2790; x_wconf 85' lang='lat' dir='ltr'><strong>applicare?</strong></span> <span class='ocrx_word' id='word_1_209' title='bbox 411 2712 556 2792; x_wconf 89' lang='lat' dir='ltr'><strong>Nunquid</strong></span> <span class='ocrx_word' id='word_1_210' title='bbox 576 2733 702 2794; x_wconf 89' lang='lat' dir='ltr'><strong>possum</strong></span> <span class='ocrx_word' id='word_1_211' title='bbox 719 2713 805 2774; x_wconf 85' lang='lat' dir='ltr'><strong>alteri</strong></span> <span class='ocrx_word' id='word_1_212' title='bbox 827 2715 1062 2793; x_wconf 89' lang='lat' dir='ltr'><strong>promissionem</strong></span> 
     </span>
     <span class='ocr_line' id='line_1_31' title="bbox 133 2795 1060 2877; baseline 0.003 -23"><span class='ocrx_word' id='word_1_213' title='bbox 133 2795 192 2855; x_wconf 89' lang='lat' dir='ltr'><strong>Dei</strong></span> <span class='ocrx_word' id='word_1_214' title='bbox 215 2796 307 2874; x_wconf 89' lang='lat' dir='ltr'><strong>dare,</strong></span> <span class='ocrx_word' id='word_1_215' title='bbox 338 2795 429 2856; x_wconf 85' lang='lat' dir='ltr'><strong>etiam</strong></span> <span class='ocrx_word' id='word_1_216' title='bbox 462 2815 524 2856; x_wconf 92' lang='lat' dir='ltr'><strong>non</strong></span> <span class='ocrx_word' id='word_1_217' title='bbox 559 2797 718 2858; x_wconf 83' lang='lat' dir='ltr'><strong>credenti?</strong></span> <span class='ocrx_word' id='word_1_218' title='bbox 760 2804 813 2857; x_wconf 90' lang='lat' dir='ltr'><strong>aut</strong></span> <span class='ocrx_word' id='word_1_219' title='bbox 847 2814 972 2877; x_wconf 90' lang='lat' dir='ltr'><strong>possum</strong></span> <span class='ocrx_word' id='word_1_220' title='bbox 1005 2816 1060 2877; x_wconf 90' lang='lat' dir='ltr'><strong>pro</strong></span> 
     </span>
     <span class='ocr_line' id='line_1_32' title="bbox 132 2877 1062 2960; baseline 0.002 -22"><span class='ocrx_word' id='word_1_221' title='bbox 132 2878 197 2938; x_wconf 84' lang='lat' dir='ltr'><strong>ulio</strong></span> <span class='ocrx_word' id='word_1_222' title='bbox 221 2877 372 2938; x_wconf 81' lang='lat' dir='ltr'><strong>credere?</strong></span> <span class='ocrx_word' id='word_1_223' title='bbox 405 2886 458 2940; x_wconf 86' lang='lat' dir='ltr'><strong>cut</strong></span> <span class='ocrx_word' id='word_1_224' title='bbox 487 2898 613 2960; x_wconf 90' lang='lat' dir='ltr'><strong>possum</strong></span> <span class='ocrx_word' id='word_1_225' title='bbox 635 2882 746 2957; x_wconf 86' lang='lat' dir='ltr'><strong>facere,</strong></span> <span class='ocrx_word' id='word_1_226' title='bbox 776 2887 809 2940; x_wconf 86' lang='lat' dir='ltr'><strong>ut</strong></span> <span class='ocrx_word' id='word_1_227' title='bbox 829 2881 905 2940; x_wconf 83' lang='lat' dir='ltr'><strong>alius</strong></span> <span class='ocrx_word' id='word_1_228' title='bbox 935 2880 1062 2941; x_wconf 84' lang='lat' dir='ltr'><strong>credet?</strong></span> 
     </span>
     <span class='ocr_line' id='line_1_33' title="bbox 128 2959 1061 3061; baseline 0.001 -39"><span class='ocrx_word' id='word_1_229' title='bbox 128 2964 176 3022; x_wconf 46' lang='lat' dir='ltr'><strong>‚At</strong></span> <span class='ocrx_word' id='word_1_230' title='bbox 198 2961 277 3021; x_wconf 85' lang='lat' dir='ltr'><strong>baec</strong></span> <span class='ocrx_word' id='word_1_231' title='bbox 298 2959 364 3022; x_wconf 89' lang='lat' dir='ltr'><strong>fieri</strong></span> <span class='ocrx_word' id='word_1_232' title='bbox 386 2980 464 3059; x_wconf 84' lang='lat' dir='ltr'><strong>opor</strong></span> <span class='ocrx_word' id='word_1_233' title='bbox 465 2970 517 3044; x_wconf 89' lang='lat' dir='ltr'><strong>tet,</strong></span> <span class='ocrx_word' id='word_1_234' title='bbox 540 2965 566 3024; x_wconf 91' lang='lat' dir='ltr'><strong>si</strong></span> <span class='ocrx_word' id='word_1_235' title='bbox 588 2965 711 3024; x_wconf 87' lang='lat' dir='ltr'><strong>missam</strong></span> <span class='ocrx_word' id='word_1_236' title='bbox 734 2982 859 3043; x_wconf 89' lang='lat' dir='ltr'><strong>possum</strong></span> <span class='ocrx_word' id='word_1_237' title='bbox 882 2964 948 3024; x_wconf 85' lang='lat' dir='ltr'><strong>atiis</strong></span> <span class='ocrx_word' id='word_1_238' title='bbox 964 2965 1061 3061; x_wconf 62' lang='lat' dir='ltr'>aPPH&#39;.</span> 
     </span>
     <span class='ocr_line' id='line_1_34' title="bbox 133 3047 1062 3143; baseline 0.004 -39"><span class='ocrx_word' id='word_1_239' title='bbox 133 3063 207 3105; x_wconf 88' lang='lat' dir='ltr'><strong>cere</strong></span> <span class='ocrx_word' id='word_1_240' title='bbox 229 3052 261 3105; x_wconf 89' lang='lat' dir='ltr'><strong>et</strong></span> <span class='ocrx_word' id='word_1_241' title='bbox 282 3047 527 3143; x_wconf 83' lang='lat' dir='ltr'><strong>communicare,</strong></span> <span class='ocrx_word' id='word_1_242' title='bbox 555 3066 624 3107; x_wconf 90' lang='lat' dir='ltr'><strong>oum</strong></span> <span class='ocrx_word' id='word_1_243' title='bbox 654 3050 684 3108; x_wconf 93' lang='lat' dir='ltr'><strong>in</strong></span> <span class='ocrx_word' id='word_1_244' title='bbox 714 3049 808 3107; x_wconf 89' lang='lat' dir='ltr'><strong>missa</strong></span> <span class='ocrx_word' id='word_1_245' title='bbox 828 3067 889 3108; x_wconf 93' lang='lat' dir='ltr'><strong>non</strong></span> <span class='ocrx_word' id='word_1_246' title='bbox 920 3051 980 3107; x_wconf 89' lang='lat' dir='ltr'><strong>sint</strong></span> <span class='ocrx_word' id='word_1_247' title='bbox 1004 3050 1062 3108; x_wconf 90' lang='lat' dir='ltr'><strong>nisi</strong></span> 
     </span>
     <span class='ocr_line' id='line_1_35' title="bbox 132 3128 1062 3229; baseline 0.003 -41"><span class='ocrx_word' id='word_1_248' title='bbox 132 3130 193 3188; x_wconf 86' lang='lat' dir='ltr'><strong>ista</strong></span> <span class='ocrx_word' id='word_1_249' title='bbox 215 3128 299 3208; x_wconf 92' lang='lat' dir='ltr'><strong>dno,</strong></span> <span class='ocrx_word' id='word_1_250' title='bbox 320 3131 484 3209; x_wconf 89' lang='lat' dir='ltr'><strong>promissio</strong></span> <span class='ocrx_word' id='word_1_251' title='bbox 509 3131 625 3207; x_wconf 88' lang='lat' dir='ltr'><strong>divina,</strong></span> <span class='ocrx_word' id='word_1_252' title='bbox 655 3140 686 3192; x_wconf 88' lang='lat' dir='ltr'><strong>et</strong></span> <span class='ocrx_word' id='word_1_253' title='bbox 706 3130 782 3191; x_wconf 89' lang='lat' dir='ltr'><strong>fides</strong></span> <span class='ocrx_word' id='word_1_254' title='bbox 804 3131 955 3229; x_wconf 86' lang='lat' dir='ltr'><strong>bumana,</strong></span> <span class='ocrx_word' id='word_1_255' title='bbox 983 3151 1062 3212; x_wconf 87' lang='lat' dir='ltr'><strong>quae</strong></span> 
     </span>
     <span class='ocr_line' id='line_1_36' title="bbox 133 3212 1061 3295; baseline 0.004 -24"><span class='ocrx_word' id='word_1_256' title='bbox 133 3213 282 3293; x_wconf 84' lang='lat' dir='ltr'><strong>accipiat,</strong></span> <span class='ocrx_word' id='word_1_257' title='bbox 310 3212 394 3291; x_wconf 91' lang='lat' dir='ltr'><strong>quod</strong></span> <span class='ocrx_word' id='word_1_258' title='bbox 420 3213 473 3274; x_wconf 84' lang='lat' dir='ltr'><strong>illa</strong></span> <span class='ocrx_word' id='word_1_259' title='bbox 493 3216 651 3294; x_wconf 90' lang='lat' dir='ltr'><strong>promittit.</strong></span> <span class='ocrx_word' id='word_1_260' title='bbox 696 3213 786 3290; x_wconf 78' lang='lat' dir='ltr'><strong>Quod</strong></span> <span class='ocrx_word' id='word_1_261' title='bbox 808 3219 835 3275; x_wconf 94' lang='lat' dir='ltr'><strong>si</strong></span> <span class='ocrx_word' id='word_1_262' title='bbox 867 3234 971 3276; x_wconf 88' lang='lat' dir='ltr'><strong>verum</strong></span> <span class='ocrx_word' id='word_1_263' title='bbox 1005 3220 1061 3295; x_wconf 88' lang='grc' dir='ltr'>ιιι,</span> 
     </span>
     <span class='ocr_line' id='line_1_37' title="bbox 133 3296 1063 3380; baseline 0.004 -25"><span class='ocrx_word' id='word_1_264' title='bbox 133 3304 246 3375; x_wconf 88' lang='lat' dir='ltr'><strong>potero</strong></span> <span class='ocrx_word' id='word_1_265' title='bbox 270 3296 363 3356; x_wconf 85' lang='lat' dir='ltr'><strong>etiam</strong></span> <span class='ocrx_word' id='word_1_266' title='bbox 385 3315 443 3378; x_wconf 90' lang='lat' dir='ltr'><strong>pro</strong></span> <span class='ocrx_word' id='word_1_267' title='bbox 465 3297 531 3357; x_wconf 88' lang='lat' dir='ltr'><strong>aliis</strong></span> <span class='ocrx_word' id='word_1_268' title='bbox 545 3298 650 3359; x_wconf 89' lang='lat' dir='ltr'><strong>audire</strong></span> <span class='ocrx_word' id='word_1_269' title='bbox 671 3299 863 3380; x_wconf 84' lang='lat' dir='ltr'><strong>evangelium</strong></span> <span class='ocrx_word' id='word_1_270' title='bbox 886 3318 903 3360; x_wconf 92' lang='lat' dir='ltr'><strong>e</strong></span> <span class='ocrx_word' id='word_1_271' title='bbox 904 3300 1063 3374; x_wconf 89' lang='lat' dir='ltr'><strong>tcredere,</strong></span> 
     </span>
     <span class='ocr_line' id='line_1_38' title="bbox 132 3379 1061 3462; baseline 0.003 -24"><span class='ocrx_word' id='word_1_272' title='bbox 132 3387 244 3460; x_wconf 89' lang='lat' dir='ltr'><strong>potero</strong></span> <span class='ocrx_word' id='word_1_273' title='bbox 267 3379 405 3458; x_wconf 87' lang='lat' dir='ltr'><strong>proelio</strong></span> <span class='ocrx_word' id='word_1_274' title='bbox 428 3380 590 3460; x_wconf 89' lang='lat' dir='ltr'><strong>baptisari,</strong></span> <span class='ocrx_word' id='word_1_275' title='bbox 612 3390 720 3462; x_wconf 86' lang='lat' dir='ltr'><strong>potero</strong></span> <span class='ocrx_word' id='word_1_276' title='bbox 743 3401 799 3462; x_wconf 91' lang='lat' dir='ltr'><strong>pro</strong></span> <span class='ocrx_word' id='word_1_277' title='bbox 822 3384 883 3444; x_wconf 88' lang='lat' dir='ltr'><strong>alio</strong></span> <span class='ocrx_word' id='word_1_278' title='bbox 906 3384 1024 3444; x_wconf 86' lang='lat' dir='ltr'><strong>absolvi</strong></span> <span class='ocrx_word' id='word_1_279' title='bbox 1042 3402 1061 3441; x_wconf 87' lang='lat' dir='ltr'><strong>a</strong></span> 
     </span>
     <span class='ocr_line' id='line_1_39' title="bbox 132 3463 1061 3544; baseline 0.002 -22"><span class='ocrx_word' id='word_1_280' title='bbox 132 3463 283 3542; x_wconf 85' lang='lat' dir='ltr'><strong>peccatis,</strong></span> <span class='ocrx_word' id='word_1_281' title='bbox 305 3470 414 3542; x_wconf 89' lang='lat' dir='ltr'><strong>potero</strong></span> <span class='ocrx_word' id='word_1_282' title='bbox 438 3472 469 3523; x_wconf 90' lang='lat' dir='ltr'><strong>et</strong></span> <span class='ocrx_word' id='word_1_283' title='bbox 490 3483 544 3544; x_wconf 91' lang='lat' dir='ltr'><strong>pro</strong></span> <span class='ocrx_word' id='word_1_284' title='bbox 568 3466 628 3525; x_wconf 85' lang='lat' dir='ltr'><strong>etio</strong></span> <span class='ocrx_word' id='word_1_285' title='bbox 652 3467 879 3527; x_wconf 87' lang='lat' dir='ltr'><strong>communicare</strong></span> <span class='ocrx_word' id='word_1_286' title='bbox 901 3466 940 3527; x_wconf 88' lang='lat' dir='ltr'><strong>de</strong></span> <span class='ocrx_word' id='word_1_287' title='bbox 958 3467 1061 3526; x_wconf 86' lang='lat' dir='ltr'><strong>altaris</strong></span> 
     </span>
     <span class='ocr_line' id='line_1_40' title="bbox 132 3549 1060 3630; baseline 0.003 -25"><span class='ocrx_word' id='word_1_288' title='bbox 132 3554 346 3623; x_wconf 70' lang='lat' dir='ltr'><strong>sacramento,</strong></span> <span class='ocrx_word' id='word_1_289' title='bbox 374 3555 497 3630; x_wconf 90' lang='lat' dir='ltr'><strong>potero,</strong></span> <span class='ocrx_word' id='word_1_290' title='bbox 527 3554 559 3608; x_wconf 91' lang='lat' dir='ltr'><strong>ut</strong></span> <span class='ocrx_word' id='word_1_291' title='bbox 580 3555 611 3609; x_wconf 87' lang='lat' dir='ltr'><strong>ct</strong></span> <span class='ocrx_word' id='word_1_292' title='bbox 631 3549 752 3609; x_wconf 88' lang='lat' dir='ltr'><strong>illorum</strong></span> <span class='ocrx_word' id='word_1_293' title='bbox 775 3557 968 3611; x_wconf 86' lang='lat' dir='ltr'><strong>sacramenta</strong></span> <span class='ocrx_word' id='word_1_294' title='bbox 991 3568 1060 3629; x_wconf 90' lang='lat' dir='ltr'><strong>per·</strong></span> 
     </span>
     <span class='ocr_line' id='line_1_41' title="bbox 133 3630 1062 3729; baseline 0.003 -40"><span class='ocrx_word' id='word_1_295' title='bbox 133 3649 297 3707; x_wconf 85' lang='lat' dir='ltr'><strong>censeam,</strong></span> <span class='ocrx_word' id='word_1_296' title='bbox 335 3649 390 3709; x_wconf 92' lang='lat' dir='ltr'><strong>pro</strong></span> <span class='ocrx_word' id='word_1_297' title='bbox 419 3631 480 3690; x_wconf 89' lang='lat' dir='ltr'><strong>alio</strong></span> <span class='ocrx_word' id='word_1_298' title='bbox 514 3630 627 3692; x_wconf 90' lang='lat' dir='ltr'><strong>ducere</strong></span> <span class='ocrx_word' id='word_1_299' title='bbox 654 3650 798 3709; x_wconf 88' lang='lat' dir='ltr'><strong>uxorem,</strong></span> <span class='ocrx_word' id='word_1_300' title='bbox 833 3652 888 3729; x_wconf 89' lang='lat' dir='ltr'><strong>pro</strong></span> <span class='ocrx_word' id='word_1_301' title='bbox 911 3635 973 3693; x_wconf 92' lang='lat' dir='ltr'><strong>alio</strong></span> <span class='ocrx_word' id='word_1_302' title='bbox 995 3632 1062 3692; x_wconf 87' lang='lat' dir='ltr'><strong>fieri</strong></span> 
     </span>
     <span class='ocr_line' id='line_1_42' title="bbox 132 3712 955 3797; baseline 0 -21"><span class='ocrx_word' id='word_1_303' title='bbox 132 3712 292 3793; x_wconf 84' lang='lat' dir='ltr'><strong>sacerdos,</strong></span> <span class='ocrx_word' id='word_1_304' title='bbox 310 3732 368 3793; x_wconf 90' lang='lat' dir='ltr'><strong>prc</strong></span> <span class='ocrx_word' id='word_1_305' title='bbox 388 3713 449 3773; x_wconf 84' lang='lat' dir='ltr'><strong>atio</strong></span> <span class='ocrx_word' id='word_1_306' title='bbox 472 3714 656 3795; x_wconf 87' lang='lat' dir='ltr'><strong>confirmari,</strong></span> <span class='ocrx_word' id='word_1_307' title='bbox 677 3735 734 3796; x_wconf 92' lang='lat' dir='ltr'><strong>pro</strong></span> <span class='ocrx_word' id='word_1_308' title='bbox 756 3717 846 3776; x_wconf 87' lang='lat' dir='ltr'><strong>alio</strong></span> <span class='ocrx_word' id='word_1_309' title='bbox 838 3718 955 3797; x_wconf 80' lang='lat' dir='ltr'><strong>inungi</strong></span> 
     </span>
    </p>
   </div>
   <div class='ocr_carea' id='block_1_3' title="bbox 0 0 1200 4170">
    <p class='ocr_par' dir='ltr' id='par_1_4' title="bbox 0 0 1200 4170">
     <span class='ocr_line' id='line_1_43' title="bbox 0 0 1200 4170; baseline 0 1"><span class='ocrx_word' id='word_1_310' title='bbox 0 0 1200 4170; x_wconf 95' lang='lat' dir='ltr'><strong> </strong></span> 
     </span>
    </p>
   </div>
  </div>
 </body>
</html>
