2392 4170
457 263 588 324 ministris
606 241 750 325 amictiae.
1008 264 1070 335 509

145 437 260 520 alioqui
282 440 402 521 cogeris
424 439 520 521 lateri,
542 459 643 520 neque
656 439 809 502 Christum
832 444 1068 522 nequeapcstu-
1181 436 1184 441 ’

145 522 192 582 los
212 523 308 583 tuisse
330 523 516 588 sacerdotes.
879 578 880 582 ,

107 645 115 659 ι
228 606 269 667 Ut
290 605 403 686 ubique
420 606 536 689 videas,
559 624 649 686 quam
674 627 744 667 vere
756 606 896 686 dixerim,
918 624 1069 688 nusquam

146 689 244 750 miuus
268 709 337 750 esse
359 690 553 766 sacerdotes,
583 708 674 769 quam
704 690 755 750 ubi
778 690 957 750 ordinantur
976 690 1070 751 hodie

144 773 333 835 sacerdotes.
376 773 454 833 Nam
478 775 583 834 omnia
603 772 658 832 illa
680 774 832 850 omittunt,
857 771 966 852 quibus
987 773 1069 841 Chri·

144 862 207 915 stus
231 864 261 916 et
282 857 414 936 apostoli
440 857 486 917 sui
514 857 586 917 facti
616 862 686 916 sunt
707 855 894 933 sacerdotes,
917 863 948 917 et
969 857 1068 917 solum

144 938 196 999 illa
219 941 458 1021 amplectuutur,
491 941 557 999 sine
593 938 701 1018 quibus
725 939 861 999 Christus
884 947 916 999 et
936 941 1070 1019 apostoli

144 1022 322 1084 sacerdotes
357 1023 428 1083 iacti
455 1032 543 1102 sunt,
577 1040 657 1101 quae
680 1029 710 1082 et
731 1023 922 1084 sacerdotem
945 1042 1006 1084 non
1029 1024 1070 1084 fa·

144 1107 242 1184 ciunt,
277 1106 333 1164 nisi
357 1106 439 1185 quod
462 1107 520 1187 ipsi
549 1124 566 1166 e
590 1105 716 1166 cerebro
739 1105 907 1186 proprt01)
933 1113 1068 1167 statuunt

145 1189 337 1249 mendacium
360 1190 434 1249 hoc:
480 1189 538 1248 Per
554 1188 632 1248 haec
652 1187 707 1248 fies
729 1189 885 1266 sacerdos,
908 1189 983 1250 alias
1005 1209 1067 1250 non
1175 1233 1179 1241 ·

144 1269 214 1350 lies3
236 1272 296 1332 huc
318 1280 365 1332 est
387 1279 503 1332 tantum
526 1271 644 1333 dicere:
661 1269 807 1334 Christus
831 1291 892 1334 uon
916 1279 962 1332 est
983 1292 1067 1334 ano·

144 1355 190 1415 bis
214 1374 301 1414 rasus
325 1366 355 1414 et
378 1366 497 1435 unctus,
520 1374 594 1435 ergo
618 1374 679 1415 non
704 1364 749 1415 est
772 1356 927 1418 sacerdos.

186 1497 189 1502 .
227 1437 288 1498 Sed
311 1457 492 1519 pergarnus,
521 1446 552 1498 et
572 1437 652 1497 idern
676 1458 715 1497 ex
739 1438 846 1498 officiis
869 1437 1069 1500 sacerdotali-

143 1521 199 1580 bus
226 1530 324 1600 (quae
346 1530 472 1597 vocant)
495 1521 671 1602 probemus,
694 1539 801 1582 omues
824 1521 1015 1584 Christianos
1029 1541 1068 1582 ax

143 1621 243 1682 aequo
267 1622 335 1664 esse
357 1604 544 1665 sacerdotes.
587 1605 664 1664 Nam
693 1604 765 1664 illud
790 1606 899 1668 aret.
924 1607 958 1668 2:
1002 1606 1067 1666 Vos

143 1688 216 1746 estis
237 1686 341 1766 regale
377 1687 599 1770 sacerdotium,
623 1694 653 1747 et
675 1689 774 1767 Apoc.
798 1694 831 1753 5:
874 1688 987 1749 Fecisti
1011 1708 1067 1750 uos

144 1770 211 1829 Deo
234 1788 361 1848 regnum
385 1778 416 1830 et
437 1771 624 1849 sacerdotes,
647 1771 720 1830 satis
742 1772 803 1831 iarn
827 1771 894 1831 aliis
918 1772 1002 1833 libris
1025 1774 1068 1832 iu·
1128 1782 1130 1787 '
1191 1817 1194 1825 .

143 1852 271 1914 culeavi.
315 1851 393 1914 Sunt
414 1861 515 1913 autern
531 1853 733 1914 sacerdotalia
747 1854 848 1915 officia
868 1855 964 1915 terme
980 1855 1068 1935 haec,

143 1935 263 2018 docere,
286 1935 474 2016 praedicare,
499 1938 746 2016 annunciareque
770 1937 893 1998 verbum
909 1938 978 2017 Dei,
995 1936 1069 2019 bap·

141 2021 250 2098 tisare,
284 2038 466 2081 consecrare
488 2040 543 2081 seu
565 2019 787 2081 Eucharistianr
812 2022 995 2100 ministrare,
1029 2022 1067 2081 li·

141 2121 215 2181 gnus
238 2111 269 2163 et
291 2104 411 2164 solvere
433 2114 576 2185 peccata,
600 2122 688 2164 orare
710 2122 765 2184 pro
788 2105 871 2182 aliis,
893 2103 1067 2166 sacrificare

141 2185 328 2246 et‘iudiuare
351 2187 389 2247 de
411 2189 546 2248 omniurn
570 2187 716 2249 doctrinis
739 2193 771 2248 et
792 2189 957 2269 spiritibus.
980 2188 1065 2269 Mag-

140 2266 230 2328 nifica
253 2269 344 2347 plane
365 2275 396 2329 et
417 2272 534 2350 regalia
556 2279 626 2331 suut
646 2272 734 2333 haec.

223 2351 355 2411 Primum
378 2371 451 2412 vero
474 2363 505 2413 et
526 2357 676 2414 summurn
696 2355 841 2433 omnium,
863 2356 894 2414 iu
917 2374 978 2436 quo
1002 2375 1066 2416 om·

139 2435 191 2494 nia
225 2434 360 2515 pendent
397 2436 474 2515 alia,
509 2443 556 2496 est
592 2438 704 2497 ducere
726 2436 851 2497 verbum
874 2439 943 2501 Dei.
985 2439 1064 2499 Nam
1145 2477 1147 2480 <

139 2517 233 2578 verbo
258 2517 423 2599 ducemus,
447 2519 541 2580 verbo
564 2537 796 2595 consecramus,
818 2521 912 2580 verbo
934 2522 1065 2602 ligamus

139 2611 170 2661 et
191 2601 353 2684 solvimus,
378 2602 470 2662 v'erbc
494 2603 698 2683 baptisaruus,
731 2603 825 2663 verbu
848 2603 1066 2685 sacrificamus,

138 2684 340 2765 perverbum
374 2685 411 2746 de
439 2686 579 2746 omuibus
603 2685 792 2764 iudicamus,
829 2693 862 2744 ut
895 2689 1066 2767 cuicunque

139 2767 263 2829 verbum
287 2770 486 2849 cesserimus,
522 2770 594 2829 huic
615 2770 707 2850 plane
735 2768 810 2829 nihil
832 2788 947 2850 negare
969 2773 1066 2851 pussi-
1112 2820 1114 2824 ,

138 2869 204 2910 mus
217 2849 261 2934 ²),
285 2852 368 2932 quod
383 2851 420 2913 ad
434 2852 626 2913 sacerdotem
639 2852 780 2933 pertinet.
824 2852 918 2913 Porro
939 2852 1064 2915 verbum

135 2932 215 2994 idem
240 2942 287 2995 est
308 2936 460 3016 omnibus,
483 2936 562 2997 sicut
584 2933 742 3011 Esaias*)
767 2935 856 2998 dicit:
890 2937 978 2998 Dabo
1002 2939 1064 2998 uui·
1153 2943 1174 2955 ““

139 3036 246 3078 versos
265 3017 347 3079 filios
386 3027 456 3080 tuos
489 3018 598 3081 doctos
621 3039 640 3081 a
661 3019 804 3079 Domino.
849 3019 940 3080 Docti
963 3028 1064 3081 autem

136 3120 154 3160 a
178 3101 311 3162 Domino
335 3109 415 3178 sunt,
438 3105 488 3182 qui
511 3103 638 3164 audiunt
660 3112 690 3164 et
713 3101 834 3163 discunt
855 3122 874 3163 a
895 3103 1004 3184 Patre,
1035 3111 1070 3165 ut

137 3183 273 3246 Christus
310 3187 526 3267 interpretatur
548 3186 657 3252 Iohan.
680 3190 708 3252 6.
752 3185 882 3248 Auditus
912 3187 1058 3270 antemi)

136 3274 183 3327 est
204 3271 404 3349 perverbum
428 3270 551 3349 Christi,
573 3271 661 3334 Rom.
686 3274 736 3350 10,
758 3277 864 3331 utstet
886 3273 1071 3331 encomium

135 3350 408 3417 illudPsal.149:
448 3353 556 3415 Gloria
587 3354 665 3416 haee
687 3348 747 3415 'est
775 3351 916 3415 omnibus
940 3354 1061 3416 Sanctis

134 3434 208 3500 eius.
252 3435 362 3512 Quae?
399 3436 630 3500 Exsultaticnes
648 3438 706 3499 Dei
739 3439 769 3498 in
801 3445 922 3518 gutture
944 3458 1060 3519 eurum,

133 3517 228 3599 gladii
250 3521 398 3600 ancipites
430 3523 460 3581 in
491 3523 632 3583 manibus
661 3541 784 3597 eorum,
820 3522 860 3583 ad
887 3522 1061 3585 faciendam

162 3754 166 3764 .
203 3705 235 3774 1)
257 3702 429 3762 inanima
447 3703 500 3772 ipsi
519 3703 634 3761 cerebro
653 3709 777 3774 proprio.
818 3709 846 3775 2)
865 3705 951 3761 lnad.
981 3704 1054 3776 orig.

96 3812 103 3825 ,
132 3789 287 3844 possumus.
327 3777 354 3847 *)
374 3777 449 3834 Esai
469 3779 512 3834 54.
550 3780 582 3845 3)
604 3781 635 3835 ln
654 3778 697 3834 sd.
717 3781 775 3837 len.
795 3778 893 3835 deestr
910 3785 1020 3833 autern.
