2392 4170
237 1101 471 1198 Axionata
500 1098 672 1195 Erasmi
691 1028 975 1194 'Roterodami
1004 1125 1111 1219 pro,

449 1265 581 1334 eausa
609 1238 659 1333 Μ.
688 1233 871 1332 Lnthori

645 1414 675 1467 et

198 1537 317 1612 Brevis
337 1536 599 1611 conmemoratio
619 1554 730 1609 rerum
748 1533 904 1609 tioloniae
921 1532 1123 1629 Agrippinae

389 1657 422 1731 in
449 1677 552 1732 rausa
576 1653 713 1731 intueri
740 1661 923 1750 gestarunt.

607 1790 713 1905 1520.

280 2189 408 2250 Carolus
430 2190 466 2254 V.
487 2189 674 2268 Imperator,
697 2210 787 2269 quum
812 2191 840 2250 d.
864 2188 913 2254 23.
937 2208 976 2248 m.
1000 2185 1067 2248 Oet.
1093 2205 1121 2247 a.

197 2273 276 2336 1520
301 2273 485 2352 Aquisgrani
505 2273 645 2335 sollemni
660 2292 745 2333 more
767 2280 931 2334 coronatus
949 2277 1040 2345 esset,
1064 2268 1122 2331 Co·

195 2354 309 2414 leniam
322 2356 523 2435 Agrippinam
547 2375 615 2415 oum
630 2357 817 2436 Principibus
841 2375 875 2417 se
897 2353 1034 2416 eontulit.
1077 2350 1121 2411 lbi

196 2437 349 2499 Friderioo
373 2439 517 2515 Eiectum,
540 2438 695 2500 Saxoniae
716 2440 804 2516 Duri,
829 2441 879 2518 qui
900 2439 1120 2516 Imperatorem

196 2527 318 2580 seoutus
343 2530 416 2601 erat,
440 2542 545 2583 mense
567 2523 734 2583 Novembri
758 2544 785 2585 a.
805 2524 881 2588 1520
903 2524 1027 2582 ineunte
1038 2518 1122 2578 Nun·

62 2606 66 2619 ’
196 2605 229 2664 tii
261 2604 410 2665 Pontiiioii
447 2606 580 2666 Marinus
617 2606 811 2667 Oaraoeiolus
851 2612 882 2666 et
915 2605 1120 2682 Hieronymus

196 2687 349 2748 Aleander
369 2689 479 2750 Brevia
501 2689 681 2769 Apostoiiea
709 2690 907 2751 reddiderunt
933 2687 1120 2766 flagitantes,

196 2778 229 2830 ut
250 2770 372 2831 Lutheri
400 2771 495 2832 libros
531 2772 669 2833 oomburi
700 2773 862 2854 ipsumque
894 2770 943 2831 vei
965 2767 1118 2848 supplinio

196 2852 277 2914 affini
299 2855 348 2914 vei
367 2856 435 2934 oapi
457 2856 588 2931 iuberet,
618 2865 803 2936 septumque
825 2862 879 2916 aut
899 2855 1044 2914 retineret
1066 2858 1120 2911 aut

195 2936 336 2997 Pontifici
358 2940 576 3000 transmitteret
601 2939 654 3016 (uf.
670 2939 868 3000 Seukendori.
891 2938 970 2998 Hist.
992 2933 1080 2996 Luth.
1098 2933 1121 3010 1,

196 3018 276 3082 Soet.
296 3021 345 3084 34.
370 3027 397 3094 §.
419 3021 484 3098 81.)
533 3020 612 3096 Quid
635 3022 744 3082 deinde
768 3021 947 3096 Faustinus,
970 3037 1032 3098 qua
1054 3023 1120 3077 erat

194 3104 362 3182 sapientia,
385 3123 456 3165 oum
478 3105 525 3165 his
548 3105 657 3184 legatis
681 3105 836 3166 Pontifieis
862 3105 992 3165 Romani
1014 3118 1118 3182 gesse·

194 3187 241 3263 rit,
264 3204 389 3248 eernere
409 3189 481 3248 lieet
492 3208 532 3248 ex
544 3188 649 3248 libello
672 3189 834 3250 Henriui
855 3185 1121 3266 Zutphanien-

195 3270 262 3348 sis,
285 3271 335 3349 qui
347 3271 425 3332 infra
436 3270 571 3332 redditus
594 3280 640 3331 est
662 3272 718 3332 sub
731 3272 833 3332 titulo:
856 3270 998 3330 Brevis
1020 3285 1121 3328 oom-

196 3355 430 3415 memoratio
465 3374 594 3414 rerum
630 3354 830 3415 Coloniae
861 3351 1121 3433 Aggripinae

194 3434 232 3494 in
255 3435 365 3496 Ubiis
387 3443 583 3516 gestarum
605 3438 639 3497 in
664 3457 780 3498 eausa
803 3436 964 3497 Lutheri
985 3453 1013 3496 a.
1029 3433 1120 3498 1520.

193 3518 355 3580 Praeterea
365 3519 535 3580 Frideriens
555 3521 678 3581 Elector
698 3521 738 3580 ibi
762 3540 830 3580 eum
847 3519 977 3579 Erasmo
994 3517 1121 3577 Rotero·

195 3601 286 3663 damu
314 3605 394 3683 egit,
428 3611 461 3662 ut
490 3606 553 3664 eius
587 3603 730 3664 iudicium
760 3603 798 3663 de
826 3603 957 3663 Lurharo
990 3599 1120 3661 audiret.

193 3683 354 3763 Erasmus,
387 3685 438 3747 ubi
461 3687 645 3749 Friderioum
668 3688 813 3748 eonvenit
836 3684 935 3766 (haud
958 3683 1049 3745 dubie
1071 3681 1122 3744 die
