2392 4170
181 238 244 307 234
350 241 479 301 Assertio
498 261 573 301 omn.
603 248 679 302 artic.
698 246 730 300 D.
751 247 785 301 li.
806 247 832 300 t.
850 263 900 317 per

263 397 295 460 ln
309 400 417 460 ceteris
439 407 541 463 autem
564 399 707 477 articulis,
732 399 770 460 de
791 406 916 482 papatu,
938 399 977 464 ds
999 403 1100 465 conoi-

182 479 239 559 liis,
260 480 471 563 indulgentiis,
494 483 621 563 aliisque
643 502 705 545 non
730 485 913 545 necessariis
935 485 1042 565 nugis,
1062 486 1104 546 le·

181 563 277 625 reuda
299 575 345 625 est
369 566 476 626 levitas
499 573 530 626 et
550 569 677 628 stultitia
699 587 799 647 papae
822 575 853 628 et
874 586 1015 647 suorum,
1048 568 1103 628 sed

180 648 210 707 in
233 647 294 708 hoc
316 650 460 728 articulo,
487 651 537 728 qui
562 653 852 729 omnium'optimus
875 659 906 712 et
926 670 1029 711 rerum
1052 670 1104 712 nc·
1136 689 1140 692 -

180 737 308 791 stratum
332 741 533 814 summast,
556 733 721 794 dolendum
744 752 781 793 ac
802 733 935 794 flendum
958 741 1024 811 est,
1049 734 1103 794 rni-

114 855 117 861 ·
180 833 265 875 seros
288 817 332 875 sic
353 817 496 876 insanire.
538 817 668 877 Tantum
691 815 779 876 abest
800 819 897 892 euim,
922 826 955 878 ut
975 835 1057 897 pape
1074 824 1105 878 et

180 898 226 958 sui
250 897 389 979 discipuli
418 901 595 979 mysterium
629 901 689 960 hcc
720 901 837 979 gratiae
867 901 923 960 Dei
956 900 1004 960 vel
1041 919 1104 961 uuo

179 981 244 1042 iota
277 982 449 1062 intelligant
477 992 529 1042 aut
559 981 725 1062 aliquando
748 992 933 1061 agnoscant,
968 991 1001 1043 ut
1031 990 1105 1043 aute

180 1082 321 1125 casurum
344 1065 463 1125 coelum
488 1064 620 1127 credam.
662 1065 731 1125 Non
760 1065 852 1126 stabit
874 1066 962 1126 buius
985 1065 1104 1126 articuli
1185 1068 1186 1071 ’

179 1148 290 1208 ventas
314 1167 382 1208 curn
411 1150 542 1209 ecclesia
564 1168 681 1228 papae,
715 1167 775 1209 uon
800 1151 897 1227 magis
920 1167 1010 1228 qnam
1033 1167 1103 1209 cum

181 1229 301 1291 Obristo
327 1231 440 1307 Belial,
468 1238 589 1292 etcum
613 1232 680 1292 luce
702 1231 855 1292 tenebrae.
897 1231 1000 1312 Papae
1022 1233 1104 1293 euim

180 1312 312 1374 ecclesia
341 1316 399 1375 nisi
421 1334 516 1395 opera
537 1314 621 1376 bona
649 1314 775 1376 doceret
801 1334 839 1375 ac
862 1315 1022 1391 venderet,
1051 1323 1105 1377 aut

179 1396 247 1456 sola
267 1399 365 1477 gratia
389 1417 446 1458 nos
469 1399 624 1459 iustificari
648 1400 767 1457 sincere
789 1398 928 1476 doceret,
951 1400 1103 1478 usquein

178 1479 258 1540 hanc
279 1500 424 1562 pompam
455 1483 616 1556 crevisset,
644 1499 744 1561 neque
773 1481 811 1540 ad
839 1481 964 1558 horam,
993 1482 1018 1540 si
1041 1500 1103 1562 quo

179 1581 251 1623 casu
275 1568 432 1638 crevisset,
454 1566 598 1625 stetisset.
642 1564 748 1624 Crucis
762 1574 809 1623 est
830 1565 912 1624 enim
930 1564 1104 1626 haecthec·

179 1645 272 1725 logia,
296 1666 375 1726 quae
398 1644 533 1723 damnat,
557 1646 704 1728 quidquid
727 1666 808 1726 papa
831 1647 952 1727 probat,
974 1656 1003 1706 et
1028 1667 1105 1708 mar·

179 1736 261 1809 tyres
283 1730 365 1794 facit.
410 1730 498 1791 Unde
520 1739 550 1791 et
572 1731 714 1806 ecclesia,
737 1728 823 1789 finito
843 1738 1007 1810 martyrum
1031 1739 1104 1791 tern-

179 1830 263 1892 pore,
286 1815 402 1893 optima
424 1833 461 1874 ac
483 1833 562 1894 pene
583 1821 649 1873 tota
669 1815 716 1872 sui
738 1822 825 1892 parte
847 1812 986 1876 effloruit.
1030 1813 1104 1875 Mox

177 1913 234 1975 pro
258 1914 347 1956 cruce
370 1898 518 1957 successit
539 1896 691 1976 voluptas,
713 1914 768 1975 pro
792 1895 1106 1975 penuriacpnleutia,

180 1996 237 2058 pro
260 1979 428 2057 ignominia
450 1979 559 2058 gloria,
582 1980 682 2039 donec
701 1998 748 2056 ea,
771 1998 850 2057 quae
872 1997 953 2038 nune
974 1979 1108 2040 ecclesia

179 2067 323 2135 vocatur,
344 2064 413 2141 ipso
436 2061 567 2137 mundo,
590 2069 622 2120 ut
644 2062 689 2121 sic
711 2060 827 2138 dicam,
851 2061 1051 2138 mundanicr,
1074 2073 1105 2122 et

179 2144 247 2223 ipsa
269 2162 360 2204 carne
383 2144 534 2204 carnalior
556 2144 637 2204 facta
660 2145 707 2207 sit.
752 2144 791 2204 Et
825 2164 882 2225 ego
912 2163 972 2205 non
1002 2144 1103 2206 babeo

180 2224 261 2286 aliud
286 2234 394 2286 contra
417 2247 517 2307 papae
548 2246 674 2307 regnum
704 2226 857 2288 robustius
880 2235 1104 2307 argumentum,

180 2328 274 2391 quarn
297 2309 378 2388 quod
403 2312 468 2369 sina
490 2329 582 2370 cruce
603 2321 721 2390 regnat.
772 2311 898 2370 Prorsus
929 2310 1001 2370 nibil
1029 2312 1104 2392 pati,

180 2391 322 2451 omnibus
345 2400 445 2453 autem
469 2392 625 2454 abundare
648 2401 676 2452 et
701 2393 853 2454 excellere
864 2393 975 2467 studet,
998 2402 1028 2454 et
1042 2413 1103 2455 non

181 2486 228 2534 est
252 2474 423 2535 fraudatum
457 2474 607 2537 desiderio
637 2496 702 2538 suo.
759 2476 858 2536 Habet
887 2475 968 2554 qnod
998 2476 1105 2552 voluit,

98 2602 101 2609 .
180 2556 321 2637 factaque
345 2566 391 2619 est
413 2561 556 2619 meretrix
578 2560 684 2619 civitas
700 2558 809 2635 fidelis,
832 2578 964 2638 vereque
977 2579 1104 2640 reguum

180 2641 243 2699 veri
267 2640 345 2701 illius
368 2643 545 2704 antichristi.

264 2724 420 2785 Verbosus
442 2727 471 2785 in
495 2727 553 2786 bac
573 2732 661 2805 perte
683 2725 734 2802 lui,
757 2725 924 2786 necesitate
945 2726 1004 2801 rei,
1027 2743 1106 2804 quae

182 2825 243 2867 uon
267 2807 359 2868 modo
383 2828 437 2889 per
465 2808 545 2870 banc
567 2807 684 2868 Bullam
718 2806 818 2887 (quod
840 2827 878 2867 ne
907 2809 960 2888 pili
983 2808 1104 2886 quidem

181 2888 298 2970 iccio),
327 2882 380 2950 sed
411 2911 465 2972 per
493 2910 600 2951 omnes
624 2910 711 2970 pene·
726 2889 934 2951 scholasticos
963 2889 1106 2952 doctores

182 2990 332 3052 oppressa
366 2983 396 3032 et
428 2976 580 3035 exstincta
614 2982 675 3048 est,
717 2973 785 3053 plus
826 2975 969 3034 trecentis
1006 2976 1103 3034 anuis.

180 3054 279 3115 Nemo
301 3057 381 3117 enim
403 3057 454 3118 bic
475 3077 537 3118 non
551 3064 658 3117 contra
679 3058 806 3136 gratiam
830 3076 885 3136 pro
898 3059 996 3137 gratis
1013 3059 1106 3137 scrip·

181 3139 233 3216 sit,
264 3139 308 3199 ita
330 3147 362 3198 ut
391 3159 450 3201 non
485 3143 524 3200 sit
557 3159 606 3200 res
629 3158 728 3216 aeque
761 3142 934 3200 necessaria
965 3148 1106 3215 tractatu,

181 3239 272 3301 quam
296 3231 325 3281 et
347 3225 470 3302 saepius
492 3224 608 3302 optavi,
631 3223 751 3281 omissis
774 3222 888 3282 frivolis
912 3223 970 3283 illis
993 3242 1106 3308 papen-

181 3302 264 3364 sibus
287 3306 376 3386 nugis
398 3313 429 3365 et
451 3306 594 3385 negotiis,
617 3305 780 3384 quacuibil
794 3304 832 3366 ad
855 3307 1016 3366 ecclesiam
1040 3324 1104 3387 per·

181 3387 286 3465 tinent,
309 3389 366 3448 nisi
379 3397 411 3449 ut
425 3396 555 3464 vastent,
578 3394 719 3460 tractare,
742 3388 794 3449 sed
817 3388 1008 3469 longitudine
1031 3398 1106 3449 tem-

180 3473 265 3550 poris
287 3479 317 3531 et
346 3471 555 3550 magnitudine
587 3490 658 3531 usus
688 3473 826 3551 operatio
849 3481 976 3532 satanae
998 3474 1044 3533 sic
1064 3473 1106 3531 in·

181 3552 269 3630 sedit,
290 3561 320 3614 et
342 3573 444 3615 errore
466 3556 525 3615 isto
555 3555 599 3614 sic
620 3553 775 3614 hebetavit
797 3556 916 3615 animos
939 3555 1106 3624 bominum,

180 3641 214 3696 ut
235 3636 336 3697 nullos
371 3636 508 3714 videam,
543 3638 592 3717 qui
621 3635 724 3697 idonei
747 3639 825 3713 sint,
861 3644 894 3698 ut
924 3638 1106 3718 intelligant,

181 3718 294 3785 nedum
317 3725 350 3782 ct
372 3719 530 3786 nobiscum
555 3725 681 3797 certent,
703 3719 796 3799 plena
819 3726 866 3781 est
887 3720 1105 3784 barumrerum
