2392 4170
149 233 215 303 624
498 238 542 295 De
559 236 736 295 instituendis

152 409 183 555 ii
197 410 279 556 timii
301 416 332 472 et
354 426 533 492 exsequere,
555 409 606 475 ubi
628 409 730 474 nullus
750 414 809 492 est,
832 409 885 491 qni
907 404 1010 472 simile
1029 407 1074 470 ius

177 514 196 556 s
219 515 278 556 ee.

238 597 349 656 Verum
385 595 462 656 haee
483 597 660 658 eommunis
689 597 764 656 iuris
797 597 905 676 nogit.,'
932 601 966 655 ut
989 612 1076 671 unus,
1173 626 1176 679 q

153 685 208 740 eut
229 686 380 759 quotquot
401 678 590 758 monuerint,
620 681 830 742 communitati
853 679 1009 760 eliguntur
1030 676 1076 737 sel
1173 682 1176 687 '

154 771 362 844 acceptentur,
385 764 434 842 qui
459 764 524 823 vine
546 771 577 823 et
598 766 722 825 nomine
744 765 897 840 omnium,
920 763 974 842 qui
995 759 1074 821 idem

155 847 230 907 iuris
264 845 394 921 babent,
426 855 610 926 exsequntur
642 846 743 910 officis
776 848 836 907 ists
864 846 1004 926 publice¹
1040 863 1076 905 ne

154 932 250 1009 turpis
272 932 311 990 sit
334 930 473 991 confusio
496 932 525 991 in
550 931 666 1012 populo
688 931 756 1010 Dei,
778 936 809 991 et
819 929 964 1011 Babylon
987 947 1076 1008 quse·

155 1013 224 1074 dam
249 1013 302 1073 liet
324 1013 514 1091 meneleus,
536 1013 590 1076 sed
614 1015 719 1076 omnis
744 1013 912 1075 seeundum
939 1011 1076 1079 ordinem

156 1097 241 1176 fiant,
265 1103 297 1157 ut
318 1096 488 1177 Apostolus
510 1098 626 1162 docuit.
669 1097 760 1159 Aliud
781 1098 862 1159 enim
887 1098 1005 1157 estius
1027 1115 1077 1177 pu·

156 1181 236 1242 blioe
258 1182 396 1261 exsequi,
418 1180 498 1249 uliud
521 1183 585 1242 iure
607 1183 638 1242 in
661 1181 846 1243 necessitate
866 1181 927 1259 uti,
957 1179 1077 1262 publius

156 1266 283 1344 exsequi
308 1284 368 1325 non
393 1264 486 1341 lieet,
519 1266 577 1325 nisi
606 1284 759 1328 consensu
792 1264 1003 1335 universitatis
1026 1282 1076 1323 seu

156 1347 316 1419 ecelesiae,
337 1349 367 1407 in
391 1349 575 1410 necessitate
605 1354 706 1425 utatur
737 1349 910 1427 quicunque
934 1347 1077 1409 voluerit.

21 1464 24 1471 '
126 1505 130 1510 .
239 1454 467 1515 conveniamus
511 1474 592 1515 nuno
629 1456 798 1537 papistioos
829 1452 1013 1514 esser-dotes
1043 1471 1078 1513 so

155 1557 310 1617 rogemus,
336 1544 367 1597 ut
389 1537 478 1598 nobis
502 1542 701 1616 monstrent,
729 1558 768 1599 sn
791 1536 853 1598 slis
874 1535 913 1597 sb
945 1537 1013 1599 istis
1036 1536 1077 1597 oi·

130 1622 232 1683 'liniis
276 1621 480 1703 sacerdotium
519 1641 606 1682 sunm
639 1620 760 1683 babent.
816 1620 847 1684 st
878 1620 944 1683 elia
976 1618 1077 1697 hebet,

155 1710 239 1768 certe
262 1705 465 1783 Christianum
490 1706 641 1767 nouerit.
685 1704 716 1766 si
739 1703 847 1766 eodem
868 1702 985 1779 hsbet,
1020 1705 1077 1764 sin·
1146 1708 1172 1781 ’-

155 1787 260 1868 gulare
283 1807 343 1848 non
367 1790 431 1851 erit.
461 1788 506 1849 lta
529 1787 839 1865 oonolndemnsiltos‚
862 1805 991 1867 quoquo
1013 1805 1078 1846 sese

155 1873 309 1951 verterint,
332 1878 366 1931 ut
389 1877 441 1931 sut
463 1870 669 1933 sacerdotium
692 1870 773 1932 sliud
796 1891 815 1931 s
836 1870 936 1933 Lsiois
950 1890 1015 1932 non
1030 1869 1076 1930 bs-

155 1954 258 2034 be'ont,
281 1962 333 2015 aut
355 1954 560 2016 sacerdotium
584 1954 718 2018 Somnos
745 1953 888 2017 habeant
932 1954 983 2015 Ex
1001 1955 1077 2017 fruo-

61 2073 64 2077 ·
156 2038 235 2099 tibus
258 2040 338 2098 enim
373 2038 476 2098 docuit
504 2057 612 2101 omnes
642 2038 770 2100 arbores
798 2037 938 2098 Christus
967 2054 1078 2118 eogno-
1123 2094 1129 2113 ,

156 2141 266 2199 soene,
301 2128 332 2181 at
359 2123 454 2183 nostri
485 2122 656 2183 eommunis
691 2121 856 2192 sacerdotii
890 2120 1009 2181 innotus
1040 2120 1079 2179 vi-
1166 2150 1170 2177 t

156 2204 264 2267 dimus.
1166 2182 1171 2229 ¹

242 2310 303 2369 Aut
326 2329 400 2390 ergo
424 2310 501 2370 alios
524 2310 562 2370 eb
585 2311 652 2370 istis
672 2308 1010 2383 iruotibnsostendsnt,
1033 2315 1081 2368 eut

158 2401 271 2473 negent
299 2413 367 2454 sese
397 2413 465 2453 esse
496 2394 682 2455 ssoerdotes.
726 2393 808 2453 Nam
836 2394 953 2453 fruetus
981 2393 1078 2453 huius·
1169 2408 1173 2455 t

158 2477 239 2537 modi
264 2477 385 2557 publice
415 2477 461 2536 vel
485 2479 625 2558 privatim
659 2477 737 2538 ferre
764 2495 824 2536 non
855 2475 967 2557 probet
997 2473 1076 2536 aliud

157 2571 187 2620 et
211 2561 292 2619 eliud
317 2560 533 2639 sacerdotium,
557 2560 726 2621 sedulium
751 2559 886 2620 stolium
899 2560 1076 2620 usumeius·

157 2645 225 2703 dem
256 2643 430 2704 sacerdotii.
481 2643 571 2719 Quod
605 2645 631 2703 si
659 2663 812 2717 rasuram,
841 2641 1022 2711 unotionem
1050 2648 1077 2701 et

159 2727 281 2807 longam
307 2728 439 2787 tunicam
464 2734 580 2788 tentum
604 2734 734 2806 possunt
756 2726 921 2786 ostendere
944 2744 1001 2807 pro
1021 2742 1077 2785 sno

157 2812 341 2883 sacerdotio,
365 2810 567 2890 permittimus
589 2809 649 2871 illis
668 2810 790 2889 gloriari
812 2812 844 2870 in
865 2809 913 2869 his
927 2808 1078 2883 sordibus,

157 2897 298 2973 seientes,
321 2893 410 2954 facile
432 2895 480 2952 nol
504 2912 631 2974 porcum
657 2893 705 2954 vel
720 2900 862 2955 trunsum
885 2911 982 2973 posse
1005 2891 1077 2965 redi,

159 2981 226 3059 ungi
252 2985 281 3038 et
303 2979 397 3057 longe
421 2979 520 3038 nmina
542 2977 635 3041 indui.

239 3084 302 3145 Nos
331 3086 361 3143 in
396 3082 456 3146 boc
483 3091 619 3161 siamus,
651 3103 712 3142 non
744 3102 811 3142 esse
839 3082 923 3144 aliud
952 3082 1075 3144 verbum
1167 3078 1171 3089 '

156 3166 242 3241 Dei,
282 3187 371 3245 quem
406 3166 487 3245 quod
524 3166 664 3227 omnibns
687 3164 866 3225 Christisnis
899 3167 1076 3226 annnnoisri

156 3252 350 3329 praecipitur,
375 3270 434 3309 uon
460 3270 528 3309 esse
543 3250 634 3309 elium
658 3250 853 3329 baptismum,
878 3268 971 3327 quum
988 3269 1076 3328 quem

158 3333 284 3410 quilibet
307 3334 496 3394 Christianus
512 3333 650 3392 conferre
672 3339 783 3412 potest,
807 3350 869 3392 non
892 3353 963 3393 esse
988 3334 1077 3393 aliem

158 3419 335 3475 memoriam
372 3418 497 3478 (ioenne
527 3417 716 3489 dominicae,
750 3434 839 3497 qusm
871 3415 923 3476 ubi
954 3416 1079 3495 quilibet

158 3498 342 3559 Christienne
370 3510 471 3560 tenere
495 3507 614 3578 potest,
645 3498 726 3577 quod
751 3497 887 3559 Christus
911 3499 1017 3560 inoere
1038 3501 1079 3558 in·

157 3583 261 3659 stituit,
285 3602 344 3642 non
369 3603 437 3642 esse
458 3581 539 3642 aliud
568 3589 746 3662 pennatum,
774 3599 864 3659 quam
888 3583 973 3663 quod
998 3583 1079 3644 Obri-

156 3667 274 3727 stisnus
298 3665 425 3748 quilibet
457 3666 553 3748 ligere
575 3671 606 3727 et
627 3665 749 3727 solvere
770 3662 883 3745 debet,
917 3686 982 3727 non
1013 3685 1080 3729 esse
