2392 4170
186 238 250 309 tlt
413 243 570 316 sappensis
589 245 617 301 ll.
636 245 672 302 Ι.
690 244 717 301 la
738 245 774 303 ud
791 245 896 305 librum

188 396 251 461 lus
273 398 309 460 in
333 418 444 462 muna
465 399 563 480 eius,
595 408 634 462 st
661 401 836 472 iulonrds
862 419 938 465 suo
955 399 1109 482 nug-uis

188 479 395 560 stanbilus,
423 491 457 543 et
487 485 522 545 in
552 503 736 553 rannessa
764 491 992 565 corrumpat
1013 480 1107 548 mul·

189 571 260 626 tos.
318 565 364 629 Et
398 566 591 629 adversus
625 569 843 649 prinoipem
884 567 1109 648 principum

188 647 331 728 stabit,
354 656 393 710 at
417 651 505 711 sine
526 670 636 712 manu
660 659 898 713 conteretur.

271 730 403 795 Primum
426 734 467 793 illi
489 741 764 814 suntneqnaquam
782 733 934 813 audiendi,
955 734 1008 814 qui
1027 732 1111 795 buon

189 819 221 878 st
241 815 356 877 similes
378 817 594 897 prophetarum
617 818 704 879 loom
725 818 899 898 intelligunt
920 816 958 877 de
980 835 1040 877 una
1054 815 1110 879 uli·

188 914 250 978 qua
278 917 411 977 persona
442 899 524 979 solu,
555 902 747 980 ignorantes,
779 900 863 981 quod
891 899 1109 980 prophetarunt

188 999 257 1043 mos
279 992 335 1057 est,
357 986 450 1044 totius
470 983 601 1044 alienius
623 986 708 1064 regni
732 1003 843 1065 eorpus
861 981 1035 1062 aignifloars
1055 1000 1111 1063 par

189 1083 281 1126 unam
304 1084 475 1144 personam.
519 1067 598 1128 Hine
619 1069 699 1129 euim
723 1076 755 1128 et
775 1066 996 1142 antichristum,
1018 1081 1110 1146 quen

189 1145 346 1228 Paulus*)
387 1149 542 1211 hominem
581 1152 701 1230 pensati
740 1157 770 1211 et
803 1149 897 1210 fllium
930 1147 1111 1230 perditionis

189 1230 341 1311 appellat,
370 1252 529 1314 perperam
560 1234 610 1292 uui
632 1252 784 1313 personae
807 1240 934 1313 aptam,
969 1250 1041 1293 oum
1060 1229 1112 1292 ille

188 1319 284 1376 totum
307 1333 419 1396 eorpus
442 1323 473 1376 et
494 1316 589 1378 ahaos
612 1316 769 1379 huminum
791 1317 972 1396 impiorum,
1000 1321 1112 1377 totam·

188 1414 248 1477 qus
276 1401 505 1462 successionem
538 1401 730 1479 regnantium
770 1397 842 1459 velit
872 1398 1002 1478 intelligi
1036 1397 1114 1459 anti·

188 1479 333 1542 ohristnm
362 1502 439 1545 ease.
489 1481 541 1544 Sia
568 1483 647 1543 enim
676 1484 755 1543 aries
779 1482 938 1543 Persarum
973 1499 1113 1562 regnum,

188 1562 290 1625 hirous
311 1563 500 1627 Graecorum
523 1584 649 1644 regnum
674 1566 782 1627 Daniel
802 1566 832 1630 8.
856 1563 1018 1644 signifieat.

272 1645 348 1710 (ium
371 1656 473 1710 autem
491 1648 583 1722 dieat,
606 1655 676 1729 post
689 1648 780 1710 linem
793 1656 925 1727 quatuor
934 1665 1113 1728 regnorum,

189 1747 318 1809 qnorum
342 1731 479 1792 ultimum
501 1739 549 1793 ast
569 1731 753 1809 Romamm,
774 1732 854 1793 lerro
876 1737 997 1810 puteas,
1019 1735 1114 1792 statu·

189 1831 254 1873 rum
278 1812 358 1876 huno
381 1833 505 1896 regem,
540 1815 632 1894 plane
660 1814 734 1876 illud
763 1815 875 1894 tangit,
910 1813 991 1894 quod
1013 1830 1115 1893 papae

190 1897 327 1958 trannin
354 1917 430 1960 mox
460 1900 577 1980 eoepit.
610 1898 776 1960 inelinanta
804 1898 933 1976 imperio
959 1896 1116 1957 Romanu.

213 1977 251 2040 ed
275 1986 307 2040 st
329 1980 367 2042 da
390 1982 530 2043 Romano
553 1982 692 2062 imperio,
715 1989 746 2042 et
767 1982 797 2041 in
820 1981 961 2042 Romano
984 1978 1115 2060 imperio

190 2068 265 2123 nata
285 2069 341 2138 est,
364 2064 454 2143 eique
475 2064 505 2123 in
528 2082 584 2124 sno
608 2064 678 2140 loeo
702 2065 865 2143 succressit,
896 2069 929 2123 ut
954 2082 995 2123 ax
1016 2061 1117 2123 omni·

190 2142 247 2204 bns
276 2144 409 2207 historiis
438 2145 548 2226 liquet,
582 2156 611 2205 et
639 2166 785 2225 praesens
814 2146 1004 2225 experientia
1030 2160 1117 2207 mun·

190 2233 276 2290 strat.
319 2228 408 2304 Quod
423 2229 590 2310 Apostolus
613 2229 766 2310 praedixit
788 2231 817 2293 2.
839 2229 946 2290 These.
969 2230 1010 2307 2„
1032 2226 1116 2307 quod

189 2308 252 2386 ille,
275 2312 325 2389 qni
350 2311 568 2392 tenebattnnn,
591 2320 716 2388 teneret,
730 2311 882 2374 doueode
904 2309 1116 2388 medlolieret,

190 2397 223 2454 ot
243 2399 316 2453 tuno
336 2395 522 2457 revelaretur
534 2397 655 2476 iniquus
676 2395 728 2456 ille
750 2404 808 2458 eto.
852 2394 1045 2456 Translatum
1068 2401 1118 2455 att

192 2480 295 2537 sutem
329 2478 368 2539 ad
401 2477 572 2541 Germanos
603 2478 735 2539 Romani
766 2478 884 2558 imperii
920 2475 1117 2552 voeabulum,

193 2575 262 2620 oum
286 2579 334 2622 res
356 2562 416 2622 iam
439 2561 521 2623 nulla
543 2562 660 2641 imperii
684 2561 815 2641 amplius
839 2568 930 2638 esset,
952 2567 1055 2622 tamen
1077 2579 1116 2620 ea

193 2643 316 2705 oooasio
334 2651 409 2724 erat,
431 2664 493 2724 qna
514 2645 683 2707 elevaretur
706 2646 799 2708 homo
821 2644 872 2706 ille
894 2643 987 2725 super
1009 2660 1118 2706 omues

192 2743 291 2805 reges,
313 2747 405 2808 super
426 2747 533 2790 omnes
557 2728 732 2808 episeopus,
752 2745 845 2808 snper
859 2727 978 2788 eoelum
1002 2732 1034 2787 et
1056 2733 1118 2787 tar·

191 2826 268 2888 ram,
290 2821 321 2873 et
342 2812 387 2872 sio
408 2810 577 2874 firmaretur
597 2829 725 2890 ragnum
747 2812 777 2870 in
801 2829 893 2872 manu
915 2810 990 2889 eins,
1014 2807 1117 2871 effluo

193 2891 283 2953 stiam
306 2894 336 2957 ln
358 2893 420 2956 lton
442 2894 632 2956 mendaoium
658 2892 840 2974 diplomate,
861 2911 924 2954 uon
946 2900 1009 2952 tum
1032 2910 1117 2961 men·

193 2970 261 3036 dani
291 2991 381 3056 quam
404 2976 619 3053 stolidissima,
651 2975 690 3037 ds
719 2977 887 3038 donatione
916 2973 1119 3039 coamantini.
1146 3039 1150 3048 ,

276 3057 518 3121 Obseurantibns
542 3079 595 3120 eos
619 3058 913 3140 transgressionibus
927 3058 1010 3130 didit,
1031 3055 1117 3137 quod

193 3135 399 3222 Hieronymus
422 3142 514 3204 dixit:
538 3142 615 3206 Cum
641 3143 791 3210 creverint
813 3142 999 3221 iniquitates,
1022 3141 1121 3200 mani·

193 3218 271 3285 leste
293 3224 409 3288 doeens
431 3242 558 3306 regnum
588 3225 649 3287 hoo
669 3225 778 3286 luroris
799 3224 857 3285 Dei
880 3243 964 3302 esse,
992 3231 1120 3305 propter

74 3360 84 3370 .
194 3314 324 3384 psaoats
355 3316 523 3370 venturum.
570 3308 611 3370 Et
632 3308 743 3369 Paulus
772 3307 879 3369 eadem
910 3326 1005 3371 oausu
1026 3308 1119 3368 iutro-

195 3384 280 3452 duuit
301 3388 394 3455 illium
417 3391 500 3452 illuu
524 3391 713 3471 perditionis,
735 3390 856 3453 diosus:
880 3389 1045 3453 caritatem
1067 3407 1119 3451 va·

196 3472 294 3536 sitatis
316 3493 378 3537 non
401 3482 596 3555 resaperunt,
620 3479 653 3536 ut
675 3474 751 3535 salvi
775 3473 898 3552 flerent,
927 3473 998 3534 ideo
1021 3471 1122 3537 uiuet

203 3640 621 3673 ...-....7..-.-

251 3739 284 3810 ⁶)
304 3739 329 3798 2.
348 3738 447 3800 lituus·
464 3741 490 3802 2.
