2392 4170
136 108 199 175 158
328 109 462 165 Assertio
487 118 562 164 olun.
582 112 659 166 arua.
677 106 712 163 D.
731 111 765 165 ι
783 110 811 164 ι.
830 110 882 179 poi

135 267 183 327 nis
204 263 247 327 X.
270 268 323 343 (ut
344 265 395 325 vel
415 264 539 345 fingitur
570 265 618 325 vel
646 265 756 339 fertur)
782 264 871 328 Bulla
895 265 1058 345 detinetis,

136 355 168 408 et
188 350 256 428 ipsi,
279 350 452 428 quiounque
472 356 598 409 autores
620 349 685 408 eius
706 348 827 425 fuerint,
849 349 1059 413 suaedaeue

140 432 233 492 tionis
256 448 382 511 prorsus
403 432 517 491 nullam
549 450 673 492 oausam
697 431 902 511 reddiderint,
925 448 966 494 ne
996 436 1060 495 iott

136 515 259 594 quidem
281 516 411 575 asseris
430 515 593 594 Seripturis
606 515 749 593 adducto,
773 516 863 576 video
875 523 981 577 tamen
992 526 1059 598 pee-

136 601 192 657 sim
216 618 235 658 o
258 599 359 657 multis
388 598 551 658 desiderari
585 598 711 657 alteram
740 606 771 658 et
790 602 948 680 propriam
969 608 1060 681 supet

135 680 260 741 eosdem
284 699 392 741 ornnes
414 688 445 740 et
462 682 600 761 singulos
612 681 862 763 declarationem,
884 682 966 743 torte
977 682 1058 765 qood

135 766 270 846 speeiem
291 764 375 824 illam
398 764 515 825 detrahi
536 782 664 824 neeesse
692 766 746 843 sit,
776 784 838 845 qua
858 784 913 847 per
941 765 1059 829 titulun

135 849 266 908 Romani
289 847 445 907 Pontiflois
468 857 498 908 et
520 849 647 908 nomina
659 849 777 927 aliquot
791 850 961 910 Dootorum
973 850 1060 913 udor

134 940 207 991 nata
228 931 316 995 Bulla
339 931 420 1011 apud
439 931 562 1010 vulgum
586 931 1058 995 nonnihilsutoritetisinveultli

135 1024 251 1098 posset,
273 1015 323 1093 qui
347 1015 512 1074 vanissima
534 1017 733 1094 persuasione
745 1016 901 1098 deeeptus,
912 1016 989 1095 quill
1009 1016 1059 1077 uid

136 1099 261 1159 nomine
288 1115 389 1178 papae
410 1097 522 1178 prodit,
546 1100 647 1158 statim
671 1097 768 1158 eredit
787 1120 807 1159 e
829 1098 895 1159 Deo
927 1117 985 1178 pro
1009 1100 1059 1161 ‘re

136 1183 258 1242 Frustra
268 1189 314 1240 tot
333 1183 364 1240 in
377 1182 562 1241 eontrarium
576 1181 724 1261 exemplis
736 1192 768 1241 et
776 1182 964 1262 quotidianis
976 1188 1059 1245 moll·

135 1267 204 1326 stris
226 1284 295 1324 eum
318 1263 495 1324 fidelissime
509 1265 711 1341 moventibus,
735 1265 916 1343 quibusdam
929 1272 962 1325 et
974 1280 1064 1327 meae

135 1348 266 1408 fldueiae
288 1349 387 1427 magis
408 1362 498 1427 quum
519 1347 678 1427 popularis
706 1348 785 1407 illius
808 1346 948 1407 ruditatis
969 1350 1062 1409 tello·

135 1452 204 1492 nem
227 1429 371 1491 habuisse
393 1429 508 1507 videor,
532 1430 601 1490 dum
630 1438 805 1511 contempta
818 1430 923 1491 Bullae
940 1430 1068 1493 instilla

135 1515 284 1596 pauculos
306 1532 404 1595 nuper
422 1514 567 1574 articulos
590 1513 729 1590 delendi,
751 1513 834 1593 quod
856 1514 914 1573 illls
946 1514 1064 1575 laetum

138 1598 232 1658 videri
255 1597 368 1678 possit,
391 1598 581 1657 conscientia
608 1597 776 1657 exhaustae
805 1596 851 1656 ve'l
881 1598 1066 1677 impetenda

133 1681 326 1744 eruditionis.

221 1763 396 1844 Aggredior
407 1781 482 1842 ergo
496 1762 616 1823 illorum
628 1765 709 1823 votis
720 1763 933 1839 obsecuturus,
957 1770 990 1824 et
1000 1776 1068 1825 non

136 1848 208 1928 quid
232 1846 315 1924 milri,
339 1846 392 1905 sed
416 1846 487 1925 quid
509 1846 568 1905 illis
582 1847 777 1907 commodum
790 1847 843 1923 sit,
866 1853 1065 1926 apeotaturus

136 1935 238 1992 denuo
255 1929 471 1990 Resolutionee
486 1929 628 2004 seribere,
640 1930 717 1989 forte
728 1946 789 1989 n'on
813 1929 969 2009 inutiliter,
992 1940 1064 1991 ouln

134 2014 185 2074 hio
205 2014 329 2074 traotari
354 2030 482 2072 neeesse
509 2013 549 2072 sit
579 2012 650 2072 fidei
684 2022 714 2072 et
745 2012 902 2093 religionis
936 2020 1062 2075 nostroe

133 2116 253 2157 summa
275 2103 477 2174 sacramenta,
498 2112 579 2176 quoe
601 2098 770 2176 utimplunt
793 2103 841 2156 est
852 2097 1007 2175 ignorare,
1016 2098 1058 2157 isa

133 2180 423 2242 Christianiesimum
446 2187 494 2239 est
512 2181 556 2238 sio
579 2196 680 2259 nosse,
702 2190 819 2239 utnon
843 2178 938 2240 modo
958 2178 1055 2241 oonss·

131 2266 198 2342 teri,
220 2263 275 2324 sed
296 2271 327 2323 et
348 2264 424 2323 tueri
446 2265 555 2342 possis.
588 2261 621 2322 ln
644 2274 736 2342 quam
758 2283 821 2322 rem
850 2263 896 2341 (si
914 2263 1051 2327 Christus

134 2348 265 2428 aspiret)
296 2346 434 2407 sedulam
462 2346 522 2405 hoo
540 2345 643 2406 libello
666 2346 747 2406 dabo
770 2360 913 2430 operam,
936 2346 1055 2427 quaudo

134 2431 196 2492 hoe
217 2432 380 2511 temporis,
403 2448 464 2509 quo
488 2429 656 2510 tyrannidis
676 2429 869 2509 Sophistiose
890 2430 1055 2491 novissimi

134 2516 334 2593 omniumque
355 2514 578 2574 nocentissima
600 2514 773 2591 persecutio
795 2513 904 2590 taevlt,
929 2530 992 2574 uon
1014 2531 1054 2574 se

135 2600 172 2658 tis
194 2606 241 2658 est
263 2615 356 2658 nosse
379 2597 542 2673 Christum,
564 2597 618 2655 sed
642 2595 803 2657 divenditis
819 2598 1054 2676 peraettuuiot,

134 2689 261 2763 propter
281 2680 416 2761 gladium
439 2680 601 2741 emendum
620 2681 773 2740 instructis
786 2680 947 2741 armaturis
968 2680 1055 2741 etium

135 2767 211 2826 tueri
233 2773 365 2845 oportet.
409 2763 499 2839 Quod
522 2772 553 2823 ut
576 2764 698 2823 liberius
726 2773 756 2824 et
777 2762 894 2824 felisius
916 2762 1056 2841 efficiam,

135 2850 234 2909 visum
266 2859 313 2909 est
342 2849 522 2929 praevenire
554 2847 745 2931 adversarios
783 2854 814 2907 et
846 2864 1056 2927 praemonere,

135 2952 196 3013 quo
220 2951 341 3014 eampo,
364 2932 473 3012 quibus
496 2934 588 2993 armis
610 2939 641 2992 et
662 2932 756 3012 signis
787 2931 859 2991 mihi
879 2930 974 2991 'velim
1003 2934 1054 2991 e'dt

134 3014 293 3097 congredi.

218 3100 349 3162 Primum
372 3103 451 3162 seire
474 3107 725 3181 contestatosque
748 3120 817 3160 esse
831 3119 886 3161 eos
899 3101 985 3182 volo,
1008 3120 1055 3163 me

134 3207 260 3270 prorsus
281 3187 393 3248 nullius
415 3184 638 3264 quantumlibet
657 3186 755 3245 saneti
778 3184 874 3245 Patris
895 3186 1059 3247 autoritate

136 3272 207 3352 eogi
227 3271 323 3350 velle,
345 3270 403 3330 nisi
425 3276 576 3349 quatenus
604 3267 718 3328 iudicio
741 3268 860 3328 divinae
883 3266 1059 3349 deripiunt

133 3356 224 3416 luerit
243 3354 401 3436 probatus,
422 3352 453 3412 id
470 3352 552 3431 quod
574 3352 639 3411 seio
660 3351 730 3412 illos
745 3351 942 3412 vehementer
962 3371 1056 3433 aegre

129 3441 257 3500 laturos.
280 3437 418 3498 Sentient
439 3437 530 3512 enim,
551 3434 611 3494 hoo
633 3436 751 3495 ratione
773 3455 841 3495 sese
864 3434 903 3495 ad
926 3435 1058 3516 primurn

131 3524 234 3584 statim
256 3538 456 3601 congressum
478 3519 620 3595 ruituros,
643 3520 742 3598 utqui
761 3518 950 3579 oonseiisibl
970 3524 1055 3597 sunl,

135 3605 313 3669 studiosus
340 3604 524 3683 contemptis
552 3603 647 3663 saeris
674 3602 769 3663 literis
793 3604 892 3662 solum
914 3602 946 3661 ln
969 3609 1059 3664 auto·
