2392 4170
135 239 199 307 440
427 240 585 296 confutatio
605 240 771 296 lanthertum

131 396 193 460 Gur
214 395 296 457 hoc?
319 395 389 475 qnia
411 414 498 457 snum
521 402 577 470 est,
599 415 640 457 ex
653 395 942 478 hominesumptum
959 406 1056 455 mere·

134 490 194 560 que
216 480 381 541 humanum
397 478 529 544 verbnm.
575 478 615 540 At
637 477 687 540 ubi
711 479 861 560 Scripuris
874 478 932 540 Dei
953 477 984 539 in
999 494 1055 539 eos

132 582 205 624 usus
227 563 329 642 tueris,
352 570 415 623 tum
433 562 557 623 infinitis
581 563 782 646 crisplregetis
799 562 966 638 abundant,
988 565 1053 622 tam

133 645 205 707 nihil
228 654 284 724 est,
306 645 389 726 qnod
413 647 550 724 cogitare
572 648 702 726 possint,
725 646 796 725 quin
820 646 900 707 idern
918 643 957 705 sit
980 663 1055 705 mox

131 729 277 790 articulos
300 728 387 805 ndei,
410 748 468 789 nec
489 735 591 790 tamen
615 731 753 809 cogitant
775 729 898 810 aliquod
921 724 1056 809 simplex

132 819 278 873 constans
296 818 327 874 et
340 831 444 873 unum.
468 811 579 891 Credo,
601 813 626 872 si
649 810 741 874 hodie
755 812 893 874 Christus
915 809 1056 873 docoelo

132 900 274 973 sonaret,
295 894 415 956 Lntheri
438 896 590 955 sententia
611 914 683 955 vera
707 902 772 972 est,
798 896 976 956 inventuros
1001 912 1056 954 eos

133 978 266 1057 aliquam
289 977 516 1040 distinctionem
540 980 618 1051 veri,
652 999 690 1038 oe
723 980 753 1038 in
780 979 862 1040 viam
884 977 983 1039 redire
1006 994 1057 1037 oo·

131 1068 282 1143 gerentur.
326 1060 386 1123 Sed
409 1069 451 1139 tu,
475 1062 589 1137 lector,
623 1062 699 1122 istos
734 1080 830 1142 vagos
859 1060 967 1122 oculos
998 1077 1056 1141 pro

131 1144 307 1205 testimonio
330 1144 444 1204 habeas
463 1144 620 1205 adulterae
643 1145 787 1222 mulieris,
810 1163 868 1206 nec
889 1162 958 1205 esse
972 1141 1056 1225 apud

134 1226 296 1308 Magistros
325 1234 447 1288 nostros
480 1228 613 1288 studium
646 1228 791 1308 simplicis
813 1227 963 1304 veritatis,
1001 1224 1057 1287 ssd

134 1309 237 1371 variae
259 1318 289 1372 ct
309 1311 512 1371 inconstantis
543 1311 700 1373 clusionis.
743 1309 774 1372 si
806 1310 878 1371 mihi
905 1311 950 1371 sic
971 1306 1057 1371 labo·

132 1392 261 1455 randum
285 1401 367 1454 esset
389 1392 602 1473 opinionibus,
625 1392 881 1473 similitudinibus,
904 1392 1057 1454 varianti·

133 1475 200 1554 bas,
221 1476 335 1538 nollem
350 1476 540 1538 Christianus
563 1496 642 1538 esse.
686 1475 851 1552 Quomodo
874 1477 955 1536 enim
980 1474 1056 1536 veri·

133 1564 227 1620 tatem
246 1559 380 1631 solidam
410 1559 440 1619 in
464 1559 510 1619 his
529 1559 671 1639 procellis
694 1568 725 1619 et
754 1559 895 1621 fluctibus
915 1559 1058 1619 invenire

132 1641 311 1705 aeranem?
353 1641 433 1718 Quid
457 1661 530 1724 ergo
554 1642 703 1722 reliquum
727 1643 799 1703 est?
827 1642 961 1723 Nempe,
984 1641 1058 1723 qaia

135 1660 270 1807 'Xgnram
295 1724 344 1786 hic
367 1744 519 1787 essenon
543 1731 646 1806 potest
667 1725 798 1806 probare
820 1725 983 1800 Latomus',
1007 1743 1058 1787 co·

136 1816 225 1888 gatus
248 1808 441 1870 autoritatem
466 1809 541 1870 citra
564 1808 692 1888 liguram
715 1809 845 1890 simplici
875 1815 906 1870 et
932 1808 1060 1905 propria

136 1888 361 1972 significatione
381 1891 552 1967 admittere,
575 1908 744 1971 omnesque
767 1893 903 1953 omnium
924 1891 1058 1952 iustitias

134 1992 204 2034 csse
247 1974 369 2052 ollulas,
393 1981 424 2035 et
446 1992 553 2035 omnes
576 1975 715 2035 homines
737 1973 993 2036 esseimmundos
1017 1974 1059 2033 ci·

134 2061 182 2115 tra
233 2055 265 2117 ei
285 2055 534 2118 misericordiam⁴

220 2138 320 2200 Alium
343 2138 445 2199 locum
468 2138 586 2203 Eccles.
610 2143 646 2203 7:
677 2140 745 2202 Non
776 2149 820 2200 est
845 2140 938 2201 homo
960 2140 1059 2199 iustus

134 2222 165 2281 in
187 2228 284 2297 terra,
316 2221 367 2301 qui
391 2222 584 2283 benefaciat
618 2231 648 2282 et
670 2243 731 2285 non
755 2231 879 2304 peccet,
911 2222 1058 2282 Latomns

133 2302 266 2381 invadit,
303 2306 394 2365 etiam
426 2306 557 2366 minatus
591 2305 662 2365 mihi
694 2308 723 2366 in
750 2305 827 2381 fine,
863 2312 895 2366 ut
917 2305 1057 2366 desinam

134 2405 250 2466 ponere
273 2386 424 2448 maculam
447 2389 477 2448 in
494 2389 624 2468 gloriam
643 2387 837 2468 Sanctorum,
862 2387 944 2468 quod
960 2387 1058 2468 gloria

133 2467 315 2530 Sanctorum
338 2470 419 2550 apud
442 2491 510 2531 eum
535 2471 575 2531 sit
596 2490 673 2551 opus
696 2491 801 2532 eorum
824 2471 892 2532 sine
914 2477 1056 2551 peccato.

134 2549 298 2626 Quomodo
322 2553 432 2614 Psalm.
456 2553 484 2620 3.
508 2553 625 2615 dicunt:
660 2554 705 2615 Tu
728 2574 761 2615 es
784 2555 883 2635 gloria
906 2573 997 2631 mea,
1027 2554 1056 2614 id

134 2643 191 2712 cst,
213 2640 243 2697 to
266 2656 300 2697 es
323 2654 401 2716 opus
425 2635 651 2697 meumbonum
668 2639 734 2699 sine
756 2645 902 2718 peccato,
926 2635 1056 2708 et89¹):

134 2713 285 2792 Quoniam
310 2719 409 2800 gloria
433 2721 550 2780 virtutis
574 2739 679 2781 eorum
703 2727 735 2781 tu
758 2739 808 2797 es,
831 2720 859 2780 id
883 2727 946 2794 est,
968 2727 1000 2781 tu
1024 2739 1057 2780 es

134 2818 212 2896 opus
236 2821 342 2863 eorum
366 2801 480 2863 bonnm
504 2803 569 2864 sine
593 2811 740 2882 peccato,
763 2803 890 2879 scilicet,
912 2810 945 2864 ut
967 2801 1056 2864 nobis

28 2958 36 2967 .
132 2885 206 2963 ipsis
229 2884 304 2945 deos
326 2884 493 2964 laniamus,
518 2886 595 2946 sicut
616 2885 657 2946 illi
682 2885 846 2966 dixerunt,
877 2885 977 2949 Exod.
999 2885 1055 2952 32:

135 2966 195 3026 Fac
215 2967 305 3028 nobis
328 2967 414 3043 deos,
437 2967 519 3046 qraod
542 2971 665 3049 proprie
689 2968 801 3029 dictum
825 2978 873 3030 ost
894 2968 933 3029 ds
955 2970 1055 3049 operi·

133 3047 189 3109 bus
212 3050 317 3122 bonis,
346 3052 376 3109 iu
400 3069 460 3129 quo
484 3051 656 3131 gloriantur
683 3053 780 3112 sancti
803 3053 852 3114 isti
873 3051 1056 3113 Latomiaoi.

134 3130 171 3191 Et
193 3141 345 3192 consonat
367 3132 465 3193 Isaiae
488 3135 523 3197 3:
552 3134 638 3214 Opus
668 3150 811 3195 manuum
835 3155 958 3196 suarum
982 3133 1057 3196 ado·

133 3220 286 3293 naverunt,
309 3215 391 3295 quod
414 3217 550 3276 fecerunt
578 3218 662 3296 digiti
692 3236 810 3278 sorum.
854 3217 932 3279 Nam
956 3219 1054 3279 sancti

133 3295 188 3357 Dei
212 3296 437 3359 contunduntur
467 3301 496 3359 in
531 3301 593 3359 suis
616 3298 760 3379 operibus
783 3320 886 3361 coram
910 3301 994 3376 Deo,
1027 3306 1057 3360 et

134 3381 162 3438 in
186 3380 254 3441 solo
276 3383 345 3460 ipso
368 3381 547 3461 gloriantur,
572 3391 604 3442 ut
625 3382 734 3444 larem.
758 3387 791 3449 9:
815 3383 883 3445 Non
907 3382 1055 3464 glorietur

131 3462 217 3523 tortis
239 3464 268 3524 in
292 3465 468 3524 fortitudine
490 3484 560 3542 sua,
592 3472 621 3526 et
644 3466 755 3528 Paulus
788 3470 813 3530 l.
838 3465 974 3528 Corinth.
1002 3468 1054 3533 10:

131 3543 192 3620 Qui
216 3547 382 3626 gloriatur,
415 3547 445 3606 in
470 3546 604 3608 Domino
629 3548 786 3630 glorietur.
831 3549 890 3611 sed
926 3556 959 3609 ut
980 3546 1055 3626 dixi,

187 3729 217 3796 1)
238 3727 268 3782 In
287 3729 330 3784 ad.
351 3731 434 3800 orig:
455 3729 498 3785 Pa.
518 3731 561 3786 88.
