2392 4170
400 258 485 315 lllssa
499 242 621 327 'privare
630 250 672 308 n·
685 234 719 305 lt.
739 247 768 302 h.
992 224 1054 306 lhb

132 407 184 502 sit
204 421 257 485 sa'd
279 421 393 507 gaudet
413 412 591 502 accepisse(
616 416 657 480 Ut·
679 415 796 490 videns,
818 430 925 476 ornnes
949 414 1053 495 apices

132 508 240 572 horum
263 507 425 569 verborum
439 522 602 586 pugnare,
630 522 670 563 ne
691 497 884 562 Eucharistia
905 500 943 562 sit
964 498 1055 560 sacri-

132 592 234 655 floium
264 589 334 654 Deo
363 589 546 667 exhibitum,
576 585 629 648 sed
666 585 847 648 beneficium
867 580 1056 648 hominibus

134 676 292 751 donatum,
315 674 397 754 qnod
420 672 572 753 accipiant
593 671 749 751 etgretias
774 671 876 748 agant,
900 664 1055 750 nonquod

133 757 352 822 commendent
373 764 403 818 et
425 755 579 836 acceptari
602 760 699 818 orent.

155 861 157 863 ’
218 842 275 904 Hic
296 860 369 902 vero
393 840 479 914 vide,
503 845 535 900 ut
556 839 727 913 uinearum,
750 836 958 900 universarum
982 835 1056 895 ritus

135 926 300 989 hodiernus
322 944 390 985 cum
413 922 585 1004 Evangelio
606 922 708 984 faciat.
742 917 857 984 Omnes
879 927 941 982 tres
957 919 1058 980 uvan-

137 1009 266 1091 gclistee
288 1028 349 1070 una
372 1007 546 1088 diligentia,
569 1004 708 1066 similiter
740 1010 770 1064 et
790 1005 919 1072 Paulus.
945 1020 1059 1064 memo·

134 1098 214 1167 rant,
235 1110 347 1173 panem
371 1111 440 1152 esse
461 1110 479 1151 a
503 1089 624 1151 Christo
646 1089 793 1163 tractum,
824 1095 854 1150 st
876 1089 979 1150 datum
1001 1085 1059 1146 dis·
1082 1080 1086 1090 '

137 1170 259 1259 cipalis,
283 1182 386 1237 tacent
407 1193 501 1249 vero,
533 1193 570 1233 en
600 1179 630 1234 et
662 1173 730 1253 ipse
760 1172 930 1234 comederit
964 1175 994 1231 et
1015 1169 1059 1231 bi·

137 1261 216 1322 berit
248 1279 317 1320 cum
340 1259 393 1320 eis.
438 1257 532 1333 Quid·
551 1258 631 1318 enim
666 1259 713 1317 est
744 1257 906 1339 frangere,
938 1254 995 1316 nisi
1029 1253 1060 1313 ln

138 1343 235 1405 multa
257 1341 389 1424 partiri?
411 1341 492 1417 Quid
523 1339 596 1400 dere
624 1338 797 1420 discipulis,
829 1340 887 1401 nisi
917 1339 1062 1419 partitum

138 1425 207 1488 aliis
229 1425 432 1488 distribuere?
464 1424 495 1486 si
519 1443 593 1502 ergo
616 1424 709 1485 llissn
730 1424 900 1486 institutum
914 1428 945 1484 et
961 1435 1062 1483 exemi

139 1511 223 1592 plum
248 1509 359 1572 Christi
383 1508 495 1570 referre
527 1506 635 1586 debet,
658 1526 788 1568 necesse
810 1513 876 1588 est,
908 1512 941 1567 ut
978 1503 1064 1566 nulla

141 1612 275 1674 nuquam
298 1592 368 1669 ilat,
395 1593 453 1652 nisi
481 1590 674 1652 Eucharistin
698 1591 870 1672 frangatur,
904 1596 935 1652 et
963 1588 1065 1650 multis

140 1677 339 1738 distribuetur
359 1696 415 1756 per
436 1674 639 1736 sacerdotem.
674 1673 704 1734 Si
727 1682 828 1736 autem
852 1674 955 1754 alique
976 1672 1065 1733 aliter

140 1760 305 1842 perficitur,
328 1779 389 1820 non
415 1765 460 1818 est
484 1759 655 1819 Christiana
676 1758 785 1834 Missa,
806 1779 865 1820 neo
887 1778 954 1819 cum
976 1754 1063 1829 insti·

139 1851 205 1904 tuto
229 1843 340 1906 Christi
364 1842 424 1904 ulla
449 1862 488 1902 ex
511 1850 597 1923 perte
618 1844 771 1904 convenit.
811 1841 890 1916 Quid
912 1842 964 1902 hic
985 1840 1064 1900 dice·

140 1928 178 1988 tis
208 1926 327 2007 privati,
351 1927 412 1986 imo
436 1933 467 1986 et
489 1924 602 2005 publici
627 1926 781 1986 blissarii?
809 1926 921 1987 Nonne
942 1924 994 1984 hie
1016 1940 1064 1983 so-

141 2011 187 2071 lns
210 2010 295 2071 locus
317 2009 427 2070 merito
448 2029 556 2070 omnes
576 2009 747 2071 absterrere
763 2007 897 2086 deberet,
919 2006 1064 2069 nenllnm

141 2093 265 2155 Missam
290 2093 368 2153 ullus
391 2112 525 2173 unquam
554 2092 744 2154 celebraret?
786 2091 900 2157 Nonne
932 2092 982 2151 hic
1005 2090 1065 2151 evi·

141 2177 319 2238 deotissime
342 2177 488 2256 sequitur,
510 2177 686 2257 exemplum
700 2175 809 2239 Christi
832 2176 953 2250 referre,
976 2173 1065 2235 etin·

140 2262 277 2321 stitutum
302 2261 366 2319 eius
389 2261 476 2339 sequi
499 2260 609 2340 nullos,
633 2260 690 2319 nisi
707 2278 773 2338 eos,
798 2262 848 2341 qui
870 2259 919 2320 vel
937 2257 1066 2338 infirmis

141 2342 189 2404 vel
222 2343 342 2425 publice
365 2342 582 2404 accedentibus
619 2341 797 2406 ministrant
829 2343 1067 2415 nuenarianam,

141 2427 199 2506 ipsi
226 2446 288 2487 non
318 2425 526 2507 accipientes?
576 2425 612 2485 Hi
643 2426 724 2486 enim
754 2428 894 2505 proxime
928 2426 1065 2486 omniurn

140 2511 221 2570 hanc
243 2528 373 2570 coenem
399 2509 509 2571 Christi
539 2513 786 2586 repraesentent,
809 2511 880 2589 quia
903 2508 1066 2587 accipiunt,

142 2595 256 2672 gratias
279 2600 389 2674 egunt,
411 2595 555 2671 frangunt
582 2598 612 2651 st
633 2590 716 2651 *dant
741 2593 825 2672 aliis,
855 2593 915 2672 ipsi
931 2588 1067 2651 ⁴ministri

142 2694 259 2757 eorum,
282 2677 362 2736 sicut
384 2674 521 2737 Christus
542 2675 641 2736 sactus
663 2675 801 2737 minister
822 2694 884 2736 non
908 2672 966 2735 sihi
987 2672 1066 2734 acei-

142 2760 205 2839 pit,
238 2758 292 2820 sed
322 2759 389 2819 eliis
419 2759 578 2822 ministrat.
629 2757 667 2817 lli
703 2779 777 2821 vero
796 2759 871 2839 'qni'
900 2755 1067 2835 celebrant,

143 2840 214 2921 quid
248 2842 385 2902 iaciunt?
422 2842 567 2903 simulant
593 2841 674 2901 hanc
704 2843 909 2920 fractionem,
936 2839 1008 2901 dnm
1035 2838 1067 2898 in

142 2933 205 2985 tres
227 2932 329 3004 partes
351 2925 483 2987 hostiam
505 2926 692 3005 partiuntur,
713 2932 745 2988 et
766 2945 858 2987 unam
883 2916 1067 3000 viventibus,

143 3027 235 3068 unam
260 3008 436 3085 defunctis,
465 3027 555 3068 unam
593 3007 691 3069 beatis
731 3008 888 3088 deputant.
944 3005 1072 3070 Scilicet

144 3093 259 3171 egregii
283 3090 502 3168 distributores,
526 3092 575 3172 qui
608 3092 706 3152 boetis
734 3092 834 3155 adhuc
861 3090 1068 3152 necessariam

143 3174 235 3235 fidem
259 3181 288 3234 et
311 3176 545 3254 promissionem
567 3175 692 3240 faciunt.
730 3175 790 3238 Sed
814 3175 885 3256 quid
908 3173 989 3235 aliud
1011 3192 1068 3233 nu·
1167 3232 1171 3242 ,

167 3264 313 3336 uruntur,
347 3265 510 3337 postquam
544 3277 633 3318 usum
661 3257 818 3321 fractionis
848 3254 1069 3319 aboleverunt?

144 3279 264 3402 bainus
289 3339 381 3401 nullis
408 3340 609 3420 distribuunt,
632 3341 686 3401 sed
716 3342 772 3403 sibi
805 3342 881 3403 solis
910 3341 1073 3402 universa·

143 3430 248 3503 partes
270 3431 402 3502 sumunt,
425 3424 492 3485 eliis
513 3423 664 3487 auferunt.

229 3507 343 3569 Confer
379 3525 472 3568 nuno·
489 3509 565 3568 istos
607 3507 812 3569 Antichristus
835 3525 911 3568 oum·
938 3504 1099 3568 Christo.¹
1183 3581 1186 3586 Ι

147 3590 201 3650 llle
224 3590 336 3671 frangit
357 3597 387 3650 et
409 3592 538 3670 partitur
558 3591 588 3650 in
613 3591 743 3670 multon·
758 3597 789 3652 et
809 3591 952 3671 partitum
974 3587 1072 3649 distri·

146 3674 226 3753 buit,
248 3675 297 3733 isti
321 3680 427 3734 contre
455 3693 510 3754 per
539 3674 642 3734 omnia
669 3674 762 3736 nullis
783 3674 929 3755 frangunt
954 3679 986 3733 et
1012 3668 1069 3731 sibi

144 3757 219 3823 solie
242 3761 386 3841 mmnnr,
409 3757 465 3817 nisi
489 3755 572 3840 quod
594 3757 741 3821 simulant
769 3755 923 3840 qnnndarn
945 3753 1070 3817 haedo-
