2392 4170
311 245 418 298 Bullam
439 245 524 300 Leon.
545 246 577 299 X.
597 244 719 300 damnat.
740 245 863 302 a.1ceo.
1003 244 1065 312 227

135 407 208 479 test,
230 399 282 459 sed
307 400 428 478 longius
451 397 483 458 fit
507 419 524 458 a
547 402 607 459 vite
630 406 660 459 et
683 400 780 480 magis
804 417 841 459 ac
864 402 1064 482 magilperit,

135 484 181 543 ita
204 491 234 543 et
255 482 383 542 liberum
408 482 573 562 arbitrium,
597 501 651 542 seu
674 485 784 562 impius
807 483 910 545 bomo.

222 566 318 627 Gerre.
345 569 363 630 6
386 574 417 625 et
438 568 466 630 8.
476 563 490 624 τ’
506 564 620 625 Sensus
644 573 674 626 et
695 574 805 627 cuncta
827 568 975 646 cogitatio
998 585 1063 628 cor·

137 649 184 708 dis
208 649 332 709 humani
355 648 539 731 adfflclum
562 668 661 729 prona
693 656 764 709 sunt
800 651 882 709 omni
915 657 1063 730 tempore.

135 731 287 810 Obsecro,
310 728 524 811 qui'ucbctam
559 733 778 812 cogitationem
813 732 914 792 cordis
948 734 1059 795 malam

133 814 220 893 facit,
243 816 337 893 idque
359 816 440 874 omui
463 822 617 894 tempore,
641 833 731 894 quam
760 815 911 895 relinquet
939 816 1062 896 bonam,

136 916 218 977 quae
240 905 403 978 praeparat
425 898 464 958 ad
484 898 635 978 gratiam?
658 898 841 958 rin-malum
866 897 1001 978 disponit
1023 901 1062 960 ad

136 979 276 1042 bonum?
319 981 384 1040 Nec
416 989 476 1058 est,
513 981 595 1059 quod
618 981 698 1040 hanc
731 982 925 1042 autoritatem
959 982 1063 1044 eludat
1128 1021 1141 1058 0

136 1066 311 1146 quisquam,
334 1065 420 1143 quasi
445 1065 662 1143 cogitationem
697 1084 783 1123 suam
819 1064 929 1125 malam
963 1067 1063 1145 possit

135 1147 231 1208 bcmc
255 1146 399 1207 cohibere
421 1147 596 1225 aliquando.
627 1145 715 1222 Quae
737 1148 817 1207 cuim
840 1149 987 1228 cogitatio
1002 1149 1063 1210 hcc

135 1230 211 1291 facit
234 1233 439 1310 ampetitur,
462 1237 591 1310 utraque
615 1230 697 1290 bona
718 1238 780 1307 est,
817 1230 870 1290 sed
897 1232 1061 1311 intereas,

136 1331 217 1392 qnae
251 1321 379 1373 cunctas
414 1312 561 1391 dicuntur,
593 1331 655 1374 non
690 1314 903 1377 numerabitur.
947 1314 977 1375 Si
1000 1333 1063 1375 uua

131 1397 221 1460 ‚bona
242 1396 272 1456 iu
295 1415 333 1457 ec
357 1415 425 1456 esse
446 1402 558 1476 potest,
579 1397 721 1456 mentitur
737 1393 852 1475 Moses,
867 1397 918 1475 qui
936 1405 1062 1460 cunctos

137 1479 235 1540 malae
259 1498 329 1539 esse
350 1478 490 1541 affirmat.

220 1563 347 1642 iusuper
369 1568 486 1622 textum
509 1559 661 1622 Ebraeum
686 1563 729 1620 eic
749 1562 860 1622 referre
883 1561 964 1643 licet,
987 1581 1062 1641 quc-

137 1648 230 1722 niam,
248 1645 394 1725 quidquid
417 1647 501 1725 cupit
522 1653 553 1704 et
574 1647 690 1724 cogitat
711 1663 764 1705 cor
785 1645 927 1721 hominis,
949 1645 1060 1706 solum·

136 1729 231 1790 modo
256 1729 369 1789 malum
392 1736 438 1788 est
460 1729 544 1789 omui
567 1728 633 1806 die,
667 1727 788 1788 additur
809 1730 888 1787 enim
912 1730 1060 1809 particula

136 1813 305 1890 exclusiva,
329 1811 368 1872 ad
391 1811 519 1889 malum,
553 1829 644 1889 quam
668 1819 773 1871 nostra
806 1811 965 1872 translatio
998 1831 1058 1873 non

135 1895 278 1956 reddidit.
311 1895 377 1955 Nec
399 1895 536 1969 verbum,
548 1896 641 1974 cupit,
654 1893 794 1972 reddidit,
807 1912 865 1953 uec
887 1894 977 1973 plene
992 1914 1058 1955 ver·

136 1979 209 2038 bum
237 1978 366 2058 cogitat,
401 1997 456 2038 eeu
485 1979 704 2057 cogitationem
737 1979 835 2038 vertit.
878 1975 951 2037 Vult
979 1979 1060 2038 euim

135 2063 240 2122 Moses
262 2081 324 2122 non
348 2060 441 2121 modo
464 2063 580 2121 otiosas
603 2070 632 2120 et
654 2074 859 2141 spontaneas,
889 2061 943 2120 ced
966 2063 1058 2121 etism

134 2146 313 2224 ingeniosae
334 2153 365 2205 et
387 2164 449 2222 cas,
473 2144 582 2223 quibus
603 2143 698 2204 homo
723 2145 760 2205 de
776 2143 924 2204 industria
942 2146 1059 2226 cogitat

133 2227 248 2307 aliquid
271 2228 387 2305 facere,
409 2236 501 2307 atque
522 2227 578 2288 has
601 2229 690 2287 etiam
715 2247 775 2288 non
805 2229 862 2287 nisi
890 2227 985 2287 malas
1016 2227 1057 2288 di·

133 2312 184 2391 cit,
207 2319 240 2370 ut
261 2311 336 2371 nihil
358 2310 473 2370 faciant
495 2311 651 2390 Pelagiani
674 2313 734 2387 isti,
757 2315 807 2390 qui
831 2311 958 2371 liberum
982 2310 1059 2371 arbi-

132 2395 224 2454 trium
246 2395 390 2471 tribuunt,
413 2396 438 2454 si
462 2393 597 2454 studiose
612 2395 740 2471 laboret,
762 2393 801 2454 ad
815 2394 927 2454 bonum
944 2393 1058 2473 aliquid

134 2477 247 2538 valere.

218 2563 326 2621 lterum
350 2558 447 2620 Gerre.
472 2562 517 2622 6.:
541 2560 609 2619 Non
627 2558 819 2639 permanebit
832 2561 954 2640 spiritus
973 2579 1058 2621 meua

131 2645 164 2704 in
189 2644 322 2722 homine,
345 2645 417 2722 quia
440 2662 513 2705 caro
537 2651 592 2703 est.
637 2641 668 2702 si
690 2641 784 2701 homo
806 2659 878 2703 caro
901 2649 963 2721 est,
985 2643 1057 2722 quid

132 2735 238 2808 potest
258 2729 288 2786 iu
313 2725 448 2787 bonum?
470 2727 518 2785 An
541 2728 719 2805 ignoramus
742 2742 837 2804 opere
859 2727 958 2785 cernis
989 2744 1059 2806 prc-
1114 2779 1116 2781 ,

134 2810 220 2891 pria?
244 2809 311 2872 Gal.
335 2814 381 2888 5.,
404 2829 483 2889 quae
506 2818 576 2868 sunt
598 2809 770 2886 fornicatio,
791 2808 995 2886 immunditia,
1018 2809 1057 2870 la-

132 2895 248 2971 scivia‚
280 2894 359 2971 irae,
399 2893 549 2973 invidiae,
583 2891 748 2966 homicidia
776 2898 833 2953 etc.
876 2892 962 2952 Haec
983 2910 1057 2972 ergo

133 2984 218 3052 sunt,
241 2995 319 3056 quae
342 2976 467 3036 liberum
492 2976 646 3035 arbitrium
671 2974 761 3055 lacit,
784 2974 855 3035 dum
878 2975 960 3055 facit,
974 2974 1057 3054 quod

131 3062 163 3121 in
186 3079 221 3120 se
243 3068 304 3138 est,
337 3060 414 3119 haec
435 3066 536 3120 autem
570 3060 672 3120 omnia
695 3066 765 3119 sunt
786 3059 936 3120 mortalia.
978 3059 1057 3119 Nam

131 3144 222 3207 Rom.
247 3145 276 3206 8.
300 3142 387 3202 dicit:
410 3143 573 3203 Prudentia
594 3145 693 3203 carnis
716 3161 798 3203 mors
821 3151 868 3202 est
889 3150 919 3202 et
936 3143 1060 3203 inimica

131 3227 211 3291 Deo.
256 3226 420 3302 Quomodo
444 3246 525 3287 mors
550 3225 727 3286 advitam?
772 3225 936 3301 Quomodo
962 3226 1058 3285 inimi·

131 3311 206 3370 citia
227 3310 266 3370 ad
285 3312 415 3390 gratiam
446 3330 479 3370 se
501 3309 666 3389 disponet?
711 3309 741 3370 Si
772 3312 852 3368 enim
882 3310 1004 3389 spiritus
1026 3311 1056 3368 in

132 3393 308 3454 hominibus
330 3411 391 3454 nou
414 3402 526 3471 manet,
550 3394 743 3453 mortuisunt
762 3411 865 3453 coram
879 3392 956 3453 Deo.
979 3392 1057 3452 Mor-

131 3485 201 3536 tuue
224 3485 325 3537 antem
351 3496 411 3537 uon
434 3478 532 3554 vitae,
558 3476 611 3535 sed
635 3477 740 3536 mortis
763 3494 858 3556 opera
879 3475 1056 3536 necessario

130 3560 240 3636 saciet,
271 3579 349 3640 opus
379 3568 479 3620 autem
509 3561 615 3620 mortis
644 3558 798 3619 advitam
822 3577 882 3619 nou
913 3558 1055 3638 disponit.
1104 3610 1108 3620 .

132 3643 293 3723 lligmenta
315 3663 389 3724 ergo
413 3651 483 3704 sunt
504 3644 624 3720 omnia,
647 3661 726 3721 quae
747 3642 792 3702 de
821 3643 1056 3723 praeparatione

132 3726 219 3787 liberi
242 3727 356 3788 arbitrii
380 3727 418 3787 ad
441 3728 569 3808 gratiam
593 3732 639 3787 tot
660 3726 743 3787 libris
765 3729 896 3787 tractata
916 3731 996 3785 suut.

847 3807 910 3874 15*
