2392 4170
394 254 518 309 nunonis
539 255 715 309 Lutomienss
733 260 784 310 etc.
855 298 858 303 .
993 250 1057 316 483

134 408 262 488 insanis,
285 415 317 467 et
336 410 481 469 etroeiter
504 426 552 468 me
574 409 757 484 crimineris,
779 426 847 468 eum
871 425 932 468 nou
955 407 1055 485 poesis

135 490 218 552 eliud
242 490 374 570 probare
394 512 436 552 ex
451 490 600 568 Patribus,
623 511 714 571 quum
738 491 768 551 id
791 490 874 571 quod
897 490 983 549 dixi?
1007 491 1053 549 Au

134 573 218 652 quod
242 580 326 634 tuum
349 583 442 654 eaput
468 593 529 634 non
558 593 688 655 sequor,
722 576 775 654 qui
808 580 880 634 unte
910 571 1054 633 iudieium

136 674 184 716 me
209 656 361 717 damnasti
385 663 416 718 et
436 657 601 717 extrusisti?
643 657 704 719 Sed
734 658 904 718 temeritate
932 662 963 716 et
983 657 1056 735 igne

134 757 196 818 ego
218 757 281 800 non
307 749 431 817 terreor,
453 760 512 800 nee
533 741 646 819 trahor,
668 741 805 802 Letome.

219 820 279 882 seu
302 828 387 901 esto,
415 824 455 883 sit
477 823 585 902 uliquis
607 824 746 902 Petrum,
777 841 869 903 quem
900 840 958 901 ego
981 839 1055 880 non·

133 903 207 966 dum
231 904 368 984 viderim,
390 925 460 966 nem
483 906 698 986 Augustinum,
720 907 960 985 Hieronymum,
985 906 1056 964 Arn-

135 987 287 1066 brosium,
321 987 521 1069 Gregorium,
551 989 738 1050 Bernerdum
769 991 856 1067 novi,
887 995 920 1048 ut
947 987 1057 1046 l'rustru

136 1069 209 1132 milri
231 1078 277 1131 tot
297 1072 395 1132 nubes
417 1073 577 1133 obieoerie.
620 1072 680 1132 Sed
703 1074 742 1133 eit
766 1072 893 1152 uliquis,
926 1072 979 1150 qui
1011 1089 1056 1129 es·

135 1159 219 1214 serat
240 1153 320 1214 istud
353 1155 502 1234 reliquum
536 1164 646 1215 ustura
673 1175 730 1216 sna
763 1173 832 1215 esee
855 1172 916 1215 non
950 1163 1057 1213 eontra

138 1235 256 1313 Deum,
289 1255 388 1316 neque
416 1245 523 1298 eontm
551 1237 650 1317 legem
677 1240 759 1316 eius,
793 1243 824 1297 et
845 1242 939 1315 neget
957 1237 1056 1316 ipsum

134 1318 204 1380 sole
235 1321 416 1399 ignoscente
446 1321 654 1381 miserieordis
676 1321 733 1381 Dei
761 1339 824 1381 nou
853 1338 922 1380 esse
950 1325 1058 1379 eontra

136 1402 234 1464 Deum
252 1412 289 1464 ¹et
311 1403 411 1483 legem
434 1405 515 1481 eius,
537 1401 588 1462 ubi
610 1404 702 1464 telem
724 1403 877 1483 inveneris
901 1399 1057 1483 (iuvenies

134 1491 237 1546 eutem
267 1487 353 1546 iuxta
382 1485 484 1546 mulne
515 1486 632 1547 foetum
655 1490 765 1566 spero)
797 1485 868 1567 quid
897 1493 960 1545 tum
988 1503 1057 1564 pro-

136 1567 285 1629 movisti?
307 1569 380 1646 quid
403 1567 550 1630 effecisti?
571 1569 642 1648 quid
667 1569 789 1630 vieisti?
823 1567 899 1645 Quis
922 1587 971 1626 me
993 1586 1056 1627 eer-

135 1659 199 1712 tum
222 1650 324 1726 laniet,
348 1651 434 1712 Puuli
457 1671 526 1713 esse
548 1671 617 1712 eum
631 1652 779 1713 sensum?
800 1651 849 1713 An
871 1669 932 1711 nun
957 1650 1058 1710 lieebit

136 1734 209 1794 mihi
232 1734 358 1795 deeius
380 1754 474 1796 sensu
503 1734 663 1795 dubitare?
705 1735 775 1796 Non
810 1735 882 1796 lieet
909 1734 982 1793 mihi
1012 1735 1057 1792 eie

133 1818 298 1878 mussitare
318 1837 454 1878 menum:
488 1817 619 1879 Sanetus
641 1825 688 1878 est
708 1819 760 1879 ille
781 1819 836 1896 vir,
860 1817 914 1878 sed
936 1815 1009 1896 quid
1031 1819 1056 1875 ei

135 1901 230 1961 homo
243 1901 282 1961 sit
303 1910 334 1961 st
347 1902 514 1962 humanum
528 1901 579 1960 hie
592 1901 716 1981 sapiet?
738 1900 815 1975 Quis
836 1902 904 1979 seit,
923 1901 951 1959 ‘si
974 1898 1055 1958 eliud

134 1984 165 2044 in
189 1983 343 2063 Apostolo
364 1983 475 2060 lsteet,
498 1983 582 2064 quod
601 1983 653 2044 ille
676 2001 737 2045 uon
761 1983 884 2045 videet?
920 2000 1057 2063 praeser-

135 2067 282 2143 timeum
304 2066 416 2127 Paulus
439 2074 500 2127 tum
523 2067 618 2129 libere
640 2074 673 2127 et
691 2074 806 2148 aperte?
819 2073 980 2148 peeeetum
1005 2084 1056 2145 ep-

135 2149 240 2229 uellst,
264 2167 334 2210 oum
357 2151 522 2229 potuisset,
555 2152 580 2209 si
603 2150 705 2224 vellet,
737 2152 782 2212 eie
805 2150 907 2229 loqui,
944 2157 977 2208 ut
998 2150 1056 2208 iste

135 2233 280 2312 loquitur.
323 2229 402 2314 Quis
434 2233 478 2293 illi
508 2235 554 2292 ius
574 2233 646 2293 feeit
667 2233 757 2294 nobie
780 2234 879 2314 legem
903 2232 1056 2292 sletuendi

135 2322 165 2376 et
188 2315 402 2394 intelligendi?
444 2316 544 2376 Nemo
566 2336 607 2376 ex
629 2317 718 2377 vobis
740 2317 839 2397 legem
863 2317 953 2394 feeit,
984 2315 1057 2375 dieit

134 2399 285 2461 Christus.
328 2399 413 2459 Velie
435 2407 477 2475 tu,
499 2399 637 2475 Lutome,
659 2417 730 2459 oum
753 2401 813 2461 tuis
827 2398 979 2478 sophistis
1002 2399 1057 2457 hus

134 2483 176 2561 pii
200 2480 303 2543 eordis
324 2483 529 2562 eogitstiunes
551 2481 694 2542 ineendio
716 2488 769 2542 eut
789 2481 957 2561 suspendio
975 2481 1057 2541 dem-

134 2564 232 2626 nere?
274 2562 402 2639 Quidni
425 2584 488 2624 non
520 2566 618 2645 possit
639 2565 749 2625 aliter?
782 2573 813 2625 et
842 2565 923 2624 iuste
949 2564 988 2623 sit
1016 2564 1058 2623 ibi

134 2667 248 2730 neuen,
269 2649 342 2727 quie
363 2649 393 2707 in
415 2648 511 2708 Paulo
533 2648 632 2708 Deum
656 2647 741 2726 loqui
762 2654 861 2708 eertus
885 2653 952 2725 est,
971 2648 1057 2706 euius

136 2731 233 2792 verbe
253 2739 325 2792 sunt
345 2731 523 2792 venerande
548 2751 607 2791 nee
630 2730 825 2807 temerenda,
857 2730 887 2789 in
910 2729 969 2790 isto
994 2748 1055 2789 nou

135 2824 184 2875 est
206 2821 317 2893 eertus,
339 2815 422 2875 Deus
445 2834 485 2874 en
506 2814 600 2875 homo
621 2813 774 2892 loquetur.

220 2896 299 2972 Quid
313 2897 364 2957 hie
380 2896 551 2958 feeiemus?
574 2897 674 2958 disee:
696 2897 745 2958 Ad
761 2898 913 2959 rationem
928 2903 958 2955 et
976 2913 1058 2954 eom·

136 2999 260 3042 munem
283 2999 406 3041 sensum
430 2999 546 3042 eemus.
577 2982 646 3060 Ago
669 2981 794 3061 gratiss.
836 2978 968 3040 Liberuti
983 2996 1057 3058 ergo

135 3072 241 3126 sumus
264 3064 303 3126 sb
326 3065 461 3125 omnium
482 3064 639 3124 hominum
653 3065 816 3124 autoritate
837 3063 867 3122 in
880 3062 940 3122 hee
953 3080 1058 3123 euusu.

135 3147 227 3210 Ratio
249 3166 324 3227 ergo
354 3158 406 3207 tue
433 3148 507 3224 erit,
542 3166 621 3225 quoe
655 3166 723 3207 sese
757 3166 797 3206 ex
829 3144 901 3205 fidei
929 3144 1058 3205 artinulo

134 3232 282 3310 glorietur
304 3229 418 3308 fluere,
439 3250 550 3310 nempe
572 3230 655 3310 quod
678 3230 829 3290 eredimus
852 3229 881 3287 in
906 3227 1058 3309 baptismo

135 3316 281 3376 omnium
303 3322 500 3393 pennatorum
522 3316 732 3376 remissionem
755 3312 873 3391 donari,
896 3311 1060 3372 eiontPen·

134 3397 184 3461 lue
213 3400 244 3459 in
279 3397 380 3458 multis
414 3398 492 3457 loeis
523 3397 624 3458 donet.
667 3397 746 3457 Nem
780 3395 859 3455 haee
885 3401 916 3454 et
936 3395 1059 3455 Petrum

135 3488 265 3544 tuorum
289 3481 366 3540 retis
389 3489 451 3557 est,
474 3487 504 3539 et
526 3481 597 3541 mihi
619 3480 730 3560 pleest.
772 3475 945 3555 seuquid,
977 3477 1060 3557 quod

133 3563 264 3626 Peulum
287 3566 346 3624 istu
367 3565 444 3623 retio
468 3563 540 3622 nihil
564 3565 704 3639 moverit,
727 3563 798 3640 quin
822 3567 984 3641 pennatum
1006 3580 1057 3640 ep·

134 3650 264 3727 pelleret
287 3647 434 3726 reliquum
468 3646 547 3706 istud
580 3646 771 3707 remissionis
794 3644 930 3705 omnium
951 3663 1059 3725 peuen-

134 3732 258 3794 torum?
280 3731 387 3792 Patres
409 3736 511 3791 nutem
535 3730 682 3808 moverit,
708 3736 740 3789 ut
760 3734 885 3809 negent,
906 3735 939 3787 ut
960 3736 991 3788 tu
1014 3725 1060 3786 di·

823 3811 893 3876 31·
