2392 4170
147 237 211 305 510
492 235 536 297 De
553 234 732 305 ustmsudia

148 401 313 463 vindictam
336 401 366 461 in
377 402 564 482 nationibus,
585 402 812 483 increpationes
824 401 856 461 in
879 399 1016 482 populis,
1037 397 1074 460 ad
1132 446 1147 485 ,
1169 458 1172 489 ,

149 485 322 566 alligandos
345 505 433 566 reges
456 505 562 547 corum
588 488 620 547 in
643 485 843 567 compedibus
867 492 898 546 et
919 485 1075 564 gloriosos

149 588 254 631 eornm
276 569 308 629 in
331 570 457 630 manicis
479 569 595 651 ferreis,
618 577 651 630 ut
671 569 786 632 faciant
807 570 837 629 in
861 569 905 629 eis
929 568 1075 635 iudicium
1169 598 1173 639 i

149 654 364 733 conscriptum.

233 735 364 795 Primum
387 736 479 815 igitur
501 734 651 817 officium,
689 753 800 814 nempe
832 733 918 794 verbi
942 734 1076 794 ministe·
1170 746 1173 757 '

148 819 236 898 rium,
259 819 483 879 esseomnibus
497 818 676 880 Christianis
699 836 872 900 commune,
893 825 1076 898 praeterea,
1169 864 1172 903 ,

151 921 231 981 quae
253 901 334 962 dicta
357 909 437 982 sunt,
458 901 568 982 probat
597 900 673 962 iliud
697 906 722 965 1.
747 901 810 962 Pet.
832 903 867 965 2:
913 901 980 961 Vos
1004 902 1076 962 estis
1169 906 1173 927 ¹

148 984 253 1065 regale
274 985 490 1066 sacerdotium,
513 992 546 1045 ut
567 988 692 1045 virtutes
708 985 899 1045 annunciatio
923 985 1002 1062 eius,
1027 985 1076 1063 qui
1170 1034 1173 1045 .

150 1086 207 1128 vos
230 1069 352 1128 vocavit
375 1067 413 1128 dc
436 1068 569 1131 tenebris
598 1071 627 1129 in
651 1066 829 1129 admirabile
851 1067 955 1127 lumen
978 1085 1074 1132 suum.
1170 1118 1173 1127 .

149 1148 298 1232 Obsecro,
322 1152 373 1230 qni
395 1158 465 1211 sunt
486 1151 528 1211 iili
551 1153 653 1212 vocati
676 1151 713 1211 dc
737 1151 868 1212 tenebris
890 1152 924 1210 in
947 1148 1075 1211 admira

149 1235 210 1295 bilc
240 1233 365 1295 lumeni
410 1234 459 1296 An
492 1234 579 1322 solpe
617 1254 706 1296 rasae
737 1242 768 1295 ct
803 1242 916 1293 unctae
949 1232 1074 1295 larvae?

147 1315 258 1377 Nonne
281 1335 388 1378 omncs
412 1317 596 1378 Christiani?
638 1318 681 1378 At
692 1317 798 1379 Petrus
811 1317 870 1377 iliis
893 1334 958 1377 non
982 1317 1074 1378 modo

148 1399 278 1481 datius,
301 1399 354 1461 sed
376 1408 574 1481 praeceptum
597 1419 730 1481 quoque,
752 1408 784 1462 ιιι
805 1402 997 1461 annuncient
1017 1402 1074 1461 vir·

148 1491 227 1544 tutes
249 1485 317 1561 Dei,
340 1483 423 1562 quod
447 1492 530 1545 carte
551 1493 597 1545 est
619 1483 700 1545 aliud
724 1483 808 1564 nihil,
830 1502 924 1563 quam
947 1482 1075 1547 verbum

148 1566 205 1627 Dei
227 1567 415 1647 praedicare.

231 1651 343 1712 Dicant
362 1651 455 1728 igitur
475 1650 536 1727 iili,
570 1650 621 1730 qui
643 1648 761 1731 duplex
788 1648 908 1730 fingunt
930 1649 1074 1711 sacerdo·
1171 1656 1174 1679 ¹

147 1734 238 1813 tium,
270 1753 364 1795 unum
385 1733 542 1814 spirituale
571 1741 600 1793 et
622 1752 801 1813 commune,
829 1733 913 1794 aliud
941 1733 1075 1815 speciale
1171 1764 1174 1769 ·

147 1824 179 1878 ct
200 1820 369 1897 externum,
394 1825 425 1877 et
446 1817 567 1877 Petrum
589 1817 640 1877 hic
660 1815 699 1877 de
721 1816 869 1897 spirituali
890 1817 1012 1885 iaciunt
1032 1818 1074 1878 io·
1164 1830 1175 1879 ,ἱ

148 1908 309 1981 quantem,
341 1900 423 1980 quod
446 1900 485 1960 sit
507 1899 641 1961 cilicium
669 1900 715 1960 sui
738 1899 880 1981 specialis
903 1909 938 1961 ct
958 1901 1074 1962 externi

147 1983 332 2045 sacerdotii?
373 1983 423 2043 An
459 2002 522 2043 non
561 1993 607 2045 est
634 1984 759 2044 virtutes
780 1984 838 2044 Dei
865 1982 1074 2045 annunciare?
1173 2048 1176 2059 ¹

147 2067 188 2128 At
219 2067 281 2129 hoc
302 2067 408 2128 Petrus
438 2067 489 2126 hic
516 2069 642 2127 mandat
668 2066 817 2148 spirituali
852 2076 882 2127 et
919 2068 1075 2128 communi
1173 2074 1176 2123 ;

143 2151 187 2210 iili
210 2150 394 2213 sacerdotio.
438 2148 497 2211 Sed
520 2170 629 2211 revera
652 2149 765 2210 habent
775 2151 918 2230 sacrilegi
932 2151 975 2211 illi
994 2148 1072 2211 aliud

143 2236 348 2296 sacerdotium
372 2239 542 2313 externum,
565 2253 626 2313 quo
649 2235 836 2294 annunciant
858 2254 920 2295 non
948 2235 1006 2294 Dei
1020 2236 1072 2294 vir·

145 2325 236 2395 tutes,
273 2317 327 2377 sed
352 2318 455 2397 Papae
477 2327 507 2378 et
528 2337 599 2377 suas
621 2319 804 2397 impietates.
849 2317 1013 2399 Ceterum,
1042 2325 1073 2377 ut

143 2420 206 2461 non
230 2409 276 2460 est
297 2400 358 2461 alia
379 2402 576 2462 annunciatio
599 2402 629 2460 in
653 2402 820 2462 ministerio
843 2402 946 2481 verbi,
981 2420 1072 2481 quam

144 2485 315 2545 communis
351 2483 404 2543 illa
434 2485 575 2544 omnibns
615 2486 731 2545 virtutis
755 2485 826 2562 Dei,
864 2486 908 2544 ita
942 2491 1073 2546 nonest
1177 2496 1180 2547 ἷ

144 2567 225 2628 aliud
249 2568 465 2646 sacerdotium,
489 2586 580 2647 quam
603 2569 760 2648 spirituale
781 2567 856 2628 iilud
880 2576 911 2629 ει
928 2568 1070 2629 omnibus
1177 2578 1180 2627 ἓ

143 2670 316 2731 commune,
339 2650 422 2730 quod
444 2652 551 2711 Petrus
574 2652 624 2711 hio
646 2649 793 2712 definivit.
1176 2638 1180 2683 ⁵

225 2735 310 2795 idem
333 2733 444 2815 probat
465 2734 601 2795 Christus
625 2754 679 2814 per
696 2735 901 2813 Matthaeum‚
924 2735 1071 2814 Marcum,

143 2818 256 2878 Lucam
273 2817 321 2900 1),
355 2818 405 2878 ubi
439 2821 468 2877 in
498 2837 598 2879 coena
622 2819 791 2879 novissima
812 2819 957 2878 omnibus
981 2818 1070 2883 dicit:

142 2902 210 2963 Hoc
242 2901 334 2962 facite
364 2902 394 2961 in
430 2921 529 2962 meam
565 2903 889 2963 commemorationem
901 2901 948 2979 ²).
998 2899 1071 2964 Non

143 2987 224 3047 enim
248 2986 321 3045 solis
344 2985 375 3045 id
397 2986 474 3045 rasis
497 2992 529 3045 et
550 2987 648 3045 unctis
671 2985 757 3064 dixit,
780 2985 896 3064 alioqui
918 2984 1006 3046 solos
1028 3005 1071 3046 ra·
1178 3042 1181 3049 .

142 3088 194 3130 sos
217 3075 247 3129 et
269 3076 377 3129 unctos
401 3075 525 3148 oportet
546 3087 658 3149 corpus
687 3076 718 3130 et
739 3072 921 3149 sanguinem
945 3068 1070 3130 Domini
1180 3132 1183 3143 ,

142 3154 291 3232 accipere.
334 3153 377 3213 At
399 3171 436 3211 ea
447 3152 699 3213 commemoratio
713 3152 796 3212 aliud
812 3152 885 3213 nibil
899 3161 956 3231 est,
978 3170 1068 3231 quam
1181 3150 1184 3217 ἶ

141 3236 320 3315 praedicare
345 3235 487 3312 verbum,
522 3236 779 3315 quemadmodum
802 3236 914 3297 Paulus
941 3238 1072 3317 exponit

143 3326 170 3380 1.
195 3318 266 3380 Cor.
291 3323 343 3381 11:
385 3318 635 3399 Quotiescunque
667 3322 747 3380 enim
771 3319 995 3379 manducabitis
1020 3339 1071 3400 pa-

141 3419 211 3460 nem
233 3402 315 3461 bunc
349 3411 380 3463 ει
407 3404 513 3464 bibetis
542 3406 685 3484 calicem,
717 3412 845 3463 mortem
869 3403 996 3467 Domini
1020 3423 1070 3464 an·

140 3485 334 3565 nunciabitis,
357 3486 456 3548 donee
484 3489 596 3552 veniat.
638 3488 769 3549 Mortem
799 3504 872 3548 vero
896 3486 1025 3549 Domini
1037 3485 1069 3571 ³)

146 3605 336 3614 m-..—

193 3679 221 3747 1)
241 3676 360 3734 Ibidem:
382 3694 432 3750 par
449 3680 553 3736 Lucam
572 3687 600 3736 et
617 3680 741 3736 Paulum.
777 3681 810 3748 2)
831 3678 953 3736 ibidemr
973 3680 1002 3736 in
1019 3679 1072 3736 mei

139 3751 434 3809 commemorationem.
455 3754 486 3824 3)
501 3754 531 3809 In
542 3753 672 3825 adoria:
687 3751 736 3808 Ad
744 3757 860 3810 ιιοιιειιι
870 3767 940 3810 vcro
951 3753 1072 3811 Domini.
