2392 4170
134 242 198 308 tto
427 243 588 315 Gsuftmfit·
606 245 781 317 botharis-a,

135 399 235 460 Deum
257 416 352 478 posse
374 406 489 461 tantam
518 401 648 479 gratiam
678 400 770 467 alicui
791 399 947 474 dare‚=1ut
969 397 1063 478 piene

133 480 272 562 impleat,
293 481 374 541 sicut
395 480 433 543 de
456 482 548 543 beata
570 484 695 562 Virgine
713 481 895 550 sentimus?
927 482 1000 541 iiset
1027 480 1059 541 io

133 584 196 627 non
225 563 326 629 iaciat,
348 565 498 626 omnibus.
543 564 633 640 Quod
667 568 693 625 si
722 564 921 625 decreteiiuur
931 563 964 642 ,1)
987 565 1060 639 huic

134 656 296 729 repugnat,
318 646 411 707 abeat
431 651 461 707 in
486 649 596 725 malam
619 655 808 726 crucem-et
827 649 867 709 sit
881 647 1058 723 anathema

217 729 278 793 sed
301 740 332 790 et
353 730 415 792 aiio
437 749 494 792 suo
517 733 591 792 vitio
605 732 654 791 hic
677 731 806 810 laborat,
828 748 1058 809 quocunquanr

135 832 196 874 non
218 812 360 873 laborant
381 812 560 894 sophistae,
597 815 681 893 quod
708 823 756 874 εει
776 815 885 894 petitio
905 812 1058 893 principii,

135 896 217 977 quod
239 904 287 957 est
309 896 539 959 vitiosissimum
562 897 737 976 disputandi
759 916 868 977 genus,
890 896 921 957 in
941 915 1006 975 quo
1029 904 1060 955 et

135 986 219 1041 totus
240 978 291 1039 hic
312 978 390 1039 liber
411 979 530 1041 Latomi
553 981 783 1059 sophisticatur.
824 979 979 1058 Perpetua
1000 979 1057 1047 sair

134 1063 205 1123 iicet
220 1070 267 1123 est
278 1062 634 1142 insaniaflopbistarum‚
658 1072 692 1123 ut
706 1063 749 1138 id,
770 1063 853 1141 quod
866 1070 938 1123 ante
953 1062 1059 1129 omnir

136 1148 181 1208 eis
203 1144 396 1227 probandum
419 1146 753 1225 demonstrandumque
774 1155 838 1221 est,
861 1147 1060 1224 arripiente

136 1237 399 1309 praesupponunt,
422 1237 568 1307 tanquam
591 1230 774 1309 principium
797 1227 877 1289 fidei.
890 1227 1058 1301 infatuatis,

137 1320 169 1372 ut
192 1313 252 1373 hoo
285 1311 366 1373 loco.
410 1310 501 1387 Quod
535 1310 662 1392 iniplere
689 1312 748 1372 Dei
783 1313 928 1379 mandata
956 1311 1057 1390 plene,

135 1393 289 1476 significet
310 1395 352 1473 id,
375 1395 527 1474 quodest
549 1395 702 1469 mandatis
724 1396 781 1456 Dei
802 1395 980 1463 satisfacere
1002 1413 1057 1474 per

135 1479 250 1555 omnia,
273 1486 306 1537 ut
317 1478 438 1558 ignosci
452 1478 527 1538 nihii
543 1480 584 1539 sit
594 1497 684 1558 opus,
705 1479 843 1558 inprimis
857 1478 913 1549 fuit
925 1476 1056 1547 Latonia

133 1560 418 1624 demonstrandum.
460 1560 540 1621 Nam
568 1561 628 1629 hoc
649 1562 841 1640 Augustinus
868 1570 900 1620 et
920 1579 985 1639 ego
1005 1578 1055 1621 ne·

132 1663 253 1724 gaurus,
276 1652 307 1704 ct
330 1642 486 1723 Scriptura
515 1653 615 1724 negat.
658 1644 701 1705 At
721 1646 788 1725 ipss
810 1644 884 1705 nihil
910 1649 1057 1719 moratus,

155 1728 250 1789 roruit
271 1744 416 1804 securus,
448 1730 536 1806 quasi
569 1729 752 1808 principium
780 1725 1054 1797 indemonstrabiie

132 1747 208 1875 gnei
227 1810 354 1882 habeat,
388 1817 419 1871 et
440 1809 512 1871 dum
543 1811 648 1891 gladio
680 1812 803 1890 spiritus
836 1829 906 1871 sese
935 1817 1056 1880 vastare

134 1895 238 1955 omnis
260 1889 372 1972 credit,
403 1893 550 1954 ridiculus
573 1894 681 1960 culmis
701 1904 733 1957 et
755 1892 1055 1973 stipulisopinionis

134 1996 207 2037 suae
231 1995 335 2037 coram
358 1975 447 2037 nobis
464 1976 550 2040 ludit.
594 1977 672 2038 Nam
687 1996 745 2041 neo
768 1976 966 2049 decretalium
989 1975 1055 2035 eius

134 2060 214 2121 hano
234 2059 417 2119 sententiam
447 2058 556 2136 habet,
588 2079 658 2121 cum
685 2078 745 2131 uos
766 2061 920 2134 dicamus,
950 2058 1056 2127 omnia

134 2141 190 2203 Dei
206 2141 350 2202 mundata
372 2141 507 2221 impleri,
535 2162 597 2203 nou
621 2143 817 2224 operantibus
842 2143 932 2222 plene
954 2142 1055 2219 nobis,

133 2225 189 2285 sed
212 2226 394 2304 ignoscente
421 2227 549 2305 copiose
584 2229 682 2307 gratia
703 2227 772 2288 Dei.
813 2226 872 2285 Hic
904 2224 977 2285 nihii
1001 2227 1054 2285 im·

133 2308 291 2389 possibile,
313 2309 375 2368 imo
398 2307 577 2388 plenissima
600 2312 713 2388 omnia,
736 2319 766 2368 ει
783 2309 890 2369 melius
914 2310 1055 2381 dicimus,

134 2411 226 2473 quam
250 2393 273 2451 si
296 2394 364 2452 sine
386 2393 595 2465 misericordia
609 2396 788 2471 ignoscente
811 2392 885 2453 solis
909 2391 1054 2470 operibus

133 2475 253 2555 impleri
276 2476 381 2535 omnia
404 2494 624 2538 assereremus.
641 2530 644 2535 .
664 2477 704 2537 Et
726 2475 917 2555 probandum
940 2475 982 2534 illi
1003 2481 1055 2552 (ut

133 2557 216 2634 dixi]
240 2559 304 2636 tuit,
322 2578 409 2619 suum
433 2560 624 2639 impossibile
639 2561 668 2620 id
682 2559 865 2639 siguificare,
887 2558 970 2638 quod
987 2559 1055 2637 ipse

133 2644 260 2722 cogitat.
304 2641 365 2703 Sed
395 2643 505 2723 stipsi
528 2642 712 2717 confitentur
743 2644 773 2701 in
809 2642 868 2703 hac
894 2643 958 2701 vita
979 2641 1054 2703 uuili

131 2727 261 2805 gratiam
285 2736 528 2787 consummatam
541 2726 616 2804 dari,
638 2726 693 2786 sed
708 2746 829 2806 semper
845 2727 964 2804 augeri,
984 2744 1054 2785 oum

132 2817 234 2871 tamen
256 2810 356 2889 gratia
378 2829 440 2871 non
464 2809 560 2888 detur,
584 2812 640 2871 nisi
665 2811 702 2870 ad
718 2809 874 2887 implenda
889 2808 946 2867 Dei
971 2827 1055 2867 uran-

133 2891 215 2969 data,
237 2902 268 2952 et
288 2892 362 2963 hinc
384 2900 539 2971 sequatur,
561 2900 678 2955 tantum
691 2913 752 2961 non
769 2893 886 2972 impleri
910 2909 1053 2969 eaqueu-

133 2983 196 3037 tum
219 2994 281 3037 non
304 2985 533 3037 consummatur
548 2978 657 3056 gratia,
679 2977 732 3038 sed
755 2977 827 3056 quia
840 2976 978 3054 Magistri
1002 2992 1053 3034 no-

132 3059 241 3120 strates
254 3058 315 3119 hoc
330 3058 444 3136 dicunt,
465 3059 535 3120 ideo
550 3079 612 3127 non
636 3068 683 3121 est
696 3060 880 3136 damnabile,
903 3061 928 3118 si
941 3057 1053 3121 Luthe·

131 3163 182 3217 rus
207 3142 338 3223 dicaret,
359 3150 444 3203 error
466 3150 557 3205 esset.

496 3230 504 3265 r
550 3227 552 3231 .

133 3310 219 3374 atius
256 3310 418 3383 articulus:
467 3310 631 3371 Peccatum
677 3320 747 3390 post
790 3311 975 3391 baptismum
1001 3333 1053 3375 re

510 3401 612 3454 manet
622 3392 666 3475 ²).

214 3528 301 3588 Hunc
334 3524 492 3589 articulum
537 3528 663 3589 damnat
698 3529 861 3589 autoritate
901 3528 1055 3610 Gregorii,

167 3735 199 3803 1)
220 3735 250 3787 ln
269 3735 405 3806 ed.orig.:
427 3735 586 3790 dacrelium.
611 3735 643 3804 2)
666 3734 696 3788 ln
707 3734 748 3787 ed.
759 3735 832 3791 ian:
851 3749 908 3795 non
920 3741 1052 3797 romanet.
