2392 4170
157 252 223 322 484
423 250 515 311 Breve
530 252 651 309 Adriani
667 246 765 322 Papae
782 248 821 310 v1

76 488 88 513 x
161 429 257 508 mino,
278 427 362 487 utin
384 427 512 486 cantate
523 425 720 486 fraternitatis
741 444 775 486 se
792 414 932 504 diligant,
953 423 1087 484 invicem
1184 468 1187 507 ,

159 516 330 590 sectentur,
362 529 442 590 quae
468 517 540 569 sunt
570 511 656 590 pacis
695 517 727 569 et
760 527 840 588 qnae
861 506 1088 568 aedificationis

159 593 349 671 custodiant,
373 592 538 655 Corinthiis
565 612 604 653 an
627 611 689 652 non
711 600 840 653 testatur
862 609 897 651 se
918 589 1038 652 docere
1058 591 1088 651 in

159 677 317 757 ecclesiis,
348 677 447 737 Deum
470 695 532 737 non
559 674 776 754 dissensionis,
807 674 862 736 sed
880 674 968 755 pacis
989 675 1088 735 Deum

160 760 254 822 esse?
296 760 336 820 Et
367 760 517 841 breviter,
550 758 686 840 nunquid
724 777 787 821 non
815 758 930 837 ubique
965 757 1089 839 elamat,

140 843 273 923 'ubique
296 844 389 907 docet
416 841 598 922 evangelica
619 842 672 903 illa
694 841 786 923 tuba,
813 850 846 903 ut
868 839 964 921 digne
985 840 1089 903 ambu-

160 927 256 987 lemus
278 945 348 987 cum
370 927 454 988 omni
475 926 646 987 humilitate
673 944 711 988 ao
732 925 985 1007 mansuetudine,
1020 943 1088 985 cum
1178 970 1182 997 ,

159 1011 309 1090 patientia
341 1016 558 1090 supportantes
578 1010 710 1069 invicem
731 1009 763 1069 in
785 1010 932 1087 caritate,
966 1007 1088 1083 solliciti

160 1112 285 1155 servare
318 1095 466 1154 unitatem
489 1092 619 1175 Spiritus
653 1094 684 1153 in
708 1082 830 1153 vinculo
852 1092 962 1172 pacis,
996 1098 1089 1172 utque
1177 1166 1180 1173 Ι

160 1176 352 1258 deponamus
373 1195 495 1238 omnem
518 1179 611 1254 iram,
640 1175 899 1255 indignationem,
928 1175 1088 1254 malitiam,

160 1260 393 1340 blasphemiam,
415 1267 532 1341 turpem
555 1259 751 1320 sermonem?
1175 1334 1178 1339 Ι

244 1342 313 1419 Quo
334 1345 425 1422 igitur
445 1351 538 1423 pacto
561 1343 816 1422 maledicentiam,
839 1341 1088 1419 amaritudinem,
1174 1418 1177 1425 Ι

160 1427 246 1504 iram,
268 1425 521 1507 indignationem,
544 1427 783 1507 blasphemiam,
803 1424 1011 1506 inflationem,
1032 1425 1089 1488 iac-
1173 1440 1178 1491 ἔ

160 1510 319 1585 tationem,
342 1527 421 1588 quae
442 1511 484 1569 ita
497 1510 567 1569 hnic
581 1510 747 1589 peculiaria
769 1516 848 1587 sunt,
870 1515 904 1568 ut
924 1508 1087 1570 illaPaulo
1173 1528 1177 1569 ε

160 1610 197 1654 ac
218 1592 298 1652 illius
318 1591 476 1674 discipulis
497 1593 664 1674 universis,
685 1594 737 1671 qni
760 1593 841 1652 mitis
863 1599 911 1653 est
933 1610 973 1654 ac
994 1591 1088 1652 humi·
1171 1598 1176 1623 ⁴

161 1675 198 1736 lis
220 1674 324 1754 corde,
345 1695 407 1736 uon
430 1675 559 1754 Paulini,
582 1696 644 1737 non
667 1675 846 1753 Christiani,
866 1673 923 1738 scd
946 1673 1089 1737 diabolici

159 1759 282 1839 spiritus
304 1777 374 1820 esse
397 1760 566 1820 certissima
586 1759 699 1820 indicia
712 1759 761 1821 vel
782 1776 876 1820 caeco
899 1776 965 1819 non
989 1757 1089 1819 claris·

160 1844 237 1903 sima
258 1850 416 1924 appareat.
459 1843 507 1903 Ex
531 1844 633 1904 verbis
654 1842 735 1904 illius
757 1841 915 1922 quomodo
939 1841 1089 1903 intellexi·

160 1925 210 2006 sti,
233 1924 384 1987 Christum
413 1927 444 1986 in
467 1924 561 1988 corde
589 1946 665 2005 suo,
697 1945 737 1990 an
769 1944 842 1987 vero
867 1925 1088 1986 Antichristum
1170 1998 1173 2007 Ι

160 2007 308 2086 haberet,
342 2009 509 2070 secundum
533 2009 615 2089 quod
638 2012 707 2091 ipsa
729 2011 841 2071 veritas
863 2009 894 2070 in
917 2008 1087 2089 Evangelio
1170 2020 1173 2067 ἓ

160 2093 217 2152 ait:
253 2091 421 2172 Progenies
450 2094 638 2175 viperarum,
671 2091 828 2173 quomodo
851 2093 986 2173 potestis
1010 2092 1088 2153 bona
1170 2090 1173 2097 '

159 2174 265 2254 loqui,
299 2195 368 2235 oum
390 2177 455 2236 sitis
478 2176 560 2238 mali.
605 2177 650 2236 De
671 2175 860 2237 abundantia
882 2177 965 2237 enim
990 2174 1086 2238 cordis

160 2276 195 2318 os
215 2258 358 2336 loquitor.

242 2340 281 2400 Et
314 2361 382 2402 cnm
412 2343 557 2423 scriptum
586 2343 641 2418 sit,
660 2343 756 2422 'quod
788 2341 932 2402 maledici
960 2359 1085 2423 regnum
1172 2346 1175 2385 ἲ

161 2424 216 2483 Dei
239 2443 302 2484 non
325 2425 537 2504 possidebunt,
559 2428 668 2487 iterum
690 2429 721 2486 in
740 2425 912 2506 Evangelio
938 2425 1014 2486 dicit
1027 2426 1086 2486 Do·
1173 2494 1176 2505 Ι

160 2509 252 2566 mins:
277 2506 458 2588 Quicunque
481 2508 592 2569 dixerit
613 2510 696 2571 fratri
719 2529 786 2590 suo,
810 2509 913 2589 racha,
939 2528 1011 2570 reus
1034 2509 1086 2570 erit

160 2591 301 2670 oonsilio,
324 2594 375 2670 qui
400 2602 500 2653 autem
524 2593 650 2672 dixerit,
673 2595 776 2672 fatue,
803 2611 874 2652 reus
895 2595 955 2653 erit
976 2594 1086 2673 gehen·
1171 2626 1174 2677 3

159 2693 218 2734 nae
239 2676 398 2735 incendio:
430 2675 556 2736 illumne
591 2697 660 2737 esse
688 2676 866 2737 Antichristi
899 2677 1086 2757 apostolum,

159 2759 209 2817 cui
231 2776 322 2837 quam
350 2758 512 2819 obscurum
540 2779 609 2820 esse
641 2760 775 2840 poterit?
817 2761 868 2839 qui
898 2779 963 2820 non
996 2758 1086 2820 modo

159 2840 277 2919 fratres,
299 2841 354 2902 sed
377 2843 554 2903 sacerdotes
578 2843 653 2923 Dei,
676 2844 731 2905 sed
753 2843 922 2925 principem
947 2843 1088 2904 sacerdo·

158 2931 221 2984 turn
243 2925 324 2986 Petri
346 2944 579 3003 successorem,
616 2926 687 2989 Iesu
710 2926 822 2988 Christi
846 2928 987 2988 interris
1012 2929 1088 2989 vica·

158 3010 246 3087 rium,
269 3016 329 3069 tam
353 3009 492 3069 nefandis
515 3011 738 3090 infamibusque
754 3009 941 3090 nominibus,
966 3019 1031 3071 tam
1045 3012 1087 3072 in·

158 3093 268 3151 auditis
279 3092 483 3168 coutumeliis,
498 3095 646 3154 conviciis
661 3113 698 3154 ao
711 3094 908 3174 blasphemiis
936 3112 1087 3174 nusquam

159 3192 220 3233 nou
244 3175 375 3253 lacerat,
400 3176 546 3257 discerpit
567 3185 596 3237 et
618 3180 799 3256 insectatur,
838 3184 871 3237 ut
893 3196 932 3238 ea
955 3197 1088 3239 comma

158 3275 279 3318 morare
309 3259 423 3339 pudica
452 3261 582 3341 refugiat
609 3262 712 3340 lingua
741 3268 773 3322 et
804 3260 911 3321 audire
944 3260 1089 3322 horreant
1174 3252 1178 3277 ¹

159 3359 249 3400 aures
272 3349 387 3404 castae.

242 3423 300 3499 Qui
323 3425 526 3506 apostolicam
549 3426 741 3504 cathedram,
774 3428 803 3487 in
838 3447 901 3508 qua
934 3428 1089 3508 praesedit

158 3513 251 3586 caput
272 3509 483 3589 apostolorum
495 3511 612 3587 Petrus,
635 3513 683 3572 cui
701 3511 898 3590 praefuerunt
919 3518 968 3572 tot
989 3512 1088 3573 sancti

156 3588 336 3670 Pontifices,
369 3612 460 3673 quam
495 3595 659 3656 ecclesiam
690 3595 909 3676 principalem,
947 3596 1032 3657 unde
1053 3597 1091 3656 sit

156 3680 262 3734 exorta
286 3678 387 3735 unitas
411 3677 628 3756 sacerdotalis,
660 3682 785 3739 sanctus
806 3679 859 3740 ille
881 3685 913 3740 et
935 3680 1090 3760 gloriosus

157 3766 271 3847 martyr
292 3758 464 3846 Cyprianus
489 3779 550 3824 non
575 3762 693 3824 dubitat
713 3762 832 3845 afferre,
855 3764 954 3847 impio
976 3784 1017 3828 ao
1037 3784 1089 3849 pe·
1174 3800 1180 3871 Ι
