2392 4170
142 247 206 317 tea
489 248 719 323 snm

144 420 238 483 rubo
261 416 322 481 Dei
343 420 512 499 ordinatur,
533 438 597 481 non
618 422 659 481 ab
681 421 837 495 ecelesia,
856 419 912 479 sed
933 438 955 479 a
974 439 1068 501 φι-

142 522 229 585 gogo
249 502 383 563 manae
404 503 463 564 sub
485 503 637 565 ecclesiae
659 506 783 564 nomine
804 502 974 563 ordinatur.

228 586 314 647 llaec
334 590 409 647 satis
429 592 492 647 sint
512 588 552 646 ad
568 592 699 668 primum
720 592 878 667 impetum.
917 585 1068 647 Paremna

143 682 176 731 et
196 670 325 730 alterum
347 689 446 749 aeque
471 670 602 747 fortem,
635 684 666 731 et
696 690 862 751 pergamus
889 670 1068 730 testimonia

143 752 298 815 addacem
334 756 373 813 de
405 760 579 814 sacerdotio
614 756 687 814 nori
724 754 914 813 Testamenti
941 766 973 812 et
999 755 1067 813 eins

141 834 258 901 officio.
299 836 412 898 Paulus
434 838 523 898 llum.
548 839 601 900 12:
623 840 761 898 Obsecro
790 857 847 897 ros
874 856 931 917 per
953 838 1068 897 miseri-

141 924 279 981 cordiam
302 920 379 999 llei,
412 934 444 981 ut
465 922 637 984 exhibeatis
658 939 790 1001 corpora
807 934 910 979 restra
930 919 1066 981 bostiam

141 1018 291 1083 numam,
312 1008 482 1081 virentem,
503 1005 677 1084 placentem
697 1005 782 1082 beo,
803 1003 987 1063 rationabile
1009 1004 1066 1064 ob-

141 1092 280 1165 sequium
304 1102 448 1148 restrum.
489 1087 547 1146 llic
580 1108 692 1168 negare
727 1106 819 1147 nemo
841 1100 959 1166 potest,
991 1088 1064 1166 quin

141 1170 336 1230 sacerdotale
359 1173 496 1231 olllcium
509 1172 673 1245 describat,
695 1170 778 1250 quod
801 1186 858 1246 est,
881 1170 993 1229 oli'erre
1009 1190 1065 1231 seu

141 1254 289 1315 exhibere
316 1254 451 1314 hostiam
472 1268 503 1313 et
522 1256 736 1314 rationabilem
764 1254 898 1331 cultum,
927 1254 988 1313 hoc
1009 1266 1066 1327 est,

141 1346 175 1397 nl
195 1357 258 1397 non
280 1355 395 1417 pecora
422 1339 625 1411 irrationalia,
652 1339 731 1397 sicut
759 1336 836 1416 legis
871 1338 1063 1417 sacerdotes,

140 1419 197 1479 sed
218 1440 254 1481 ae
275 1426 362 1501 ipsos
384 1421 534 1497 offerant,
555 1439 662 1503 ,quare
684 1421 735 1480 hic
767 1420 855 1480 locus
887 1419 1066 1481 sacerdotes

139 1502 222 1567 lactc
264 1510 308 1565 At
333 1510 536 1565 communiter
564 1507 706 1564 omnibns
732 1504 914 1564 Christianis
943 1504 1063 1585 dicitnr,

140 1604 249 1649 omnes
271 1589 353 1648 euim
374 1607 431 1648 sua
452 1606 585 1668 corpora
607 1586 718 1648 offerre
731 1590 844 1647 dehent
865 1586 934 1646 Deo
957 1589 987 1646 in
1007 1586 1062 1647 lto

139 1672 230 1730 stiam
258 1686 397 1733 sanctam
424 1680 457 1731 et
484 1671 635 1732 rationale
661 1672 855 1731 sacrificium.
897 1670 991 1731 Potes
1011 1669 1065 1731 bio

139 1754 341 1835 obstrepere,
368 1756 480 1814 misera
505 1755 608 1834 Papae
641 1753 748 1814 secta?
796 1753 953 1814 Habemus
986 1772 1063 1835 ergo

139 1834 303 1915 hocloco,
325 1838 412 1899 l'auli
432 1840 606 1916 autoritate,
628 1857 690 1899 non
712 1837 824 1915 solunt,
846 1837 930 1916 quod
951 1839 991 1896 sit
1013 1857 1062 1897 aa·

138 1922 309 1982 oerdotiutu
336 1924 444 1999 etqui
476 1924 654 1981 sacerdotes
680 1925 753 1981 nori
775 1920 984 2001 Testamenti,
1006 1920 1063 1982 sed

138 2014 171 2065 el
190 2005 274 2085 quod
306 2006 346 2064 sit
367 2023 473 2064 eorum
495 2005 631 2065 officium
662 2018 693 2064 et
713 2004 918 2081 sacrificium,
949 2023 1063 2086 nempe

138 2104 174 2148 se
194 2091 281 2167 ipsos
303 2085 487 2148 mortificare
509 2100 540 2148 et
563 2087 673 2148 offerre
694 2089 725 2147 in
752 2088 883 2148 hostiam
910 2098 1060 2170 sanctam,

138 2188 200 2249 quo
226 2172 320 2230 verbo
351 2172 441 2229 simul
469 2174 611 2232 universa
643 2172 719 2251 legis
752 2170 903 2231 sacrificia
932 2173 1062 2252 mystice

137 2252 364 2333 interpretatur.
407 2254 458 2315 Sic
479 2258 560 2315 enim
589 2266 620 2315 et
642 2255 780 2315 Christus
801 2274 937 2314 summus
960 2274 1062 2316 saeer-

138 2334 196 2395 dos
219 2338 302 2416 prior
324 2355 392 2397 sese
414 2340 607 2418 sacrificavit,
630 2340 727 2398 lactus
741 2339 883 2399 omnibus
906 2340 975 2397 liliis
997 2341 1060 2398 auis

137 2421 349 2481 sacerdotibus
371 2426 563 2503 exemplum,
593 2434 624 2482 ut
645 2434 813 2502 sequantur
835 2423 964 2502 vestigia
985 2424 1062 2499 eius,

136 2506 311 2565 sacerdotio
332 2506 409 2585 legis
437 2525 506 2566 curn
536 2508 620 2566 omni
641 2525 697 2566 suo
730 2508 813 2565 cultu
840 2507 1062 2586 perfectissime

137 2588 275 2668 impleto,
297 2608 353 2669 per
369 2598 430 2649 hoc
451 2610 565 2650 norum
577 2591 786 2650 sacerdotium
808 2601 839 2649 et
855 2591 970 2648 cultum
984 2591 1061 2652 eius.

220 2688 298 2749 Huic
319 2692 474 2750 consentit
496 2691 613 2765 Petrus,
638 2696 664 2755 l.
687 2691 766 2749 Petr.
790 2694 824 2752 2:
853 2690 893 2748 Et
914 2690 973 2769 ipsi
997 2703 1060 2752 tan·

136 2789 227 2852 quam
252 2774 313 2832 rivi
336 2776 453 2853 lapides
482 2774 780 2854 superaedificamini
802 2774 832 2833 in
854 2774 1059 2834 sacerdotium

135 2870 286 2933 sanctum,
309 2856 474 2916 oflerentes
496 2857 611 2917 hostias
640 2858 829 2937 spirituales,
852 2858 1059 2936 acceptabiles

136 2937 206 2999 Deo
230 2959 285 3019 per
306 2937 408 3000 lesum
431 2940 594 3004 Christum.
627 2940 744 3002 Nonne
765 2950 796 2999 et
818 2940 896 2999 lraeo
917 2940 1060 3002 omnibus

135 3020 316 3082 Christianis
350 3028 553 3084 oomnruniter
583 3024 748 3084 dicuntur?
805 3023 915 3083 Nonne
950 3043 1059 3088 omnes

44 3142 49 3149 ·
135 3112 280 3185 tanquam
304 3108 363 3166 rivi
394 3110 510 3188 lapides
538 3128 630 3189 super
652 3107 805 3167 Christum
834 3106 1059 3169 aedificantur?

136 3189 244 3249 Ateio
265 3190 465 3250 acdrlicantur
487 3212 579 3272 super
601 3211 692 3269 euin,
722 3204 753 3249 ut
785 3192 843 3249 siut
867 3192 1056 3268 sacerdotes,

135 3270 298 3333 offerentes
328 3294 389 3333 non
427 3277 605 3355 corporales
641 3277 796 3354 pecudes,
831 3275 885 3332 sed
907 3293 941 3332 sc
963 3277 1059 3354 ipsos,

135 3357 282 3435 exemplo
304 3358 437 3438 Christi,
470 3360 643 3438 spirituales
674 3360 811 3436 hostias,
846 3358 917 3416 dum
952 3360 1058 3436 spiritu

133 3437 216 3499 laeta
245 3443 344 3499 carnis
374 3443 576 3519 mortificant,
600 3442 688 3506 Rom.
710 3444 739 3505 8.
782 3442 863 3514 Quid
885 3442 935 3500 liic
957 3442 1060 3501 dicent

135 3522 304 3583 miserrima
324 3525 427 3585 idola?
470 3525 614 3606 Nunquid
637 3527 687 3585 hic
708 3525 815 3585 Petrus
837 3524 992 3603 duplicem
1004 3524 1058 3583 ho·

134 3606 223 3665 aliam
251 3608 348 3668 lacit?
381 3611 460 3669 sicul
495 3611 631 3689 duplices
665 3611 692 3669 ei
720 3609 898 3668 sacerdotes
937 3607 1058 3669 affinxit

134 3691 266 3753 utillud
289 3692 449 3757 mendacii.
472 3692 586 3757 Omnes
611 3694 720 3757 offerre
752 3694 807 3754 has
829 3692 947 3753 hostias
971 3690 1056 3753 iubo-
