2392 4170
443 240 613 301 wormatiae
631 240 737 301 habita.
786 277 789 283 ·
1013 240 1055 316 21

135 411 284 479 Martinus
307 413 489 494 nequidem
524 417 689 499 cogitarat,
727 426 760 480 ut
781 418 833 501 qui
862 420 960 500 neque
990 437 1055 482 mo·

135 496 207 560 nitis
230 513 289 558 nec
310 498 601 561 comminationibus
622 499 692 562 ullis
715 501 816 564 induci
839 522 973 582 unquam
997 522 1054 584 po·

133 581 201 658 tuit,
223 588 255 641 ut
277 579 325 641 rel
348 601 473 662 negare,
495 583 543 644 vel
566 585 723 647 hominum
746 585 858 649 iudicio
877 585 1056 650 submittere

134 663 227 726 vellet
249 661 369 726 libellos
391 685 480 746 suos,
503 686 580 747 quos
603 668 693 729 claris
722 676 753 730 et
779 670 892 750 apertis
919 667 1053 750 Scriptu-

132 766 188 811 rae
210 748 392 810 testimoniis
415 751 584 829 muniisset,
606 753 663 813 nisi
686 753 919 830 convinceretur
941 772 981 814 ex
1005 773 1055 815 sa·

133 832 193 893 cris
215 831 309 893 literis
330 837 362 894 et
383 831 574 895 evidentibus
596 835 767 897 rationibus
790 855 920 899 errasse.

219 914 340 976 Accidit
362 934 437 998 ergo
459 917 605 997 singulari
634 919 691 979 Dei
720 939 861 998 munere,
891 927 924 980 ut
952 919 1055 981 Trevi-

132 997 232 1082 rensis
250 999 509 1081 Arobiepisaopus
532 999 699 1077 Ductorem
716 1003 876 1064 Martinam
900 1010 1055 1082 evocaret,

135 1101 205 1143 earn
237 1100 341 1143 coram
375 1084 544 1146 auditurus.
587 1084 645 1147 Ubi
670 1105 738 1146 cum
771 1086 927 1148 diversum
965 1087 1053 1148 intel·

134 1166 274 1241 lexisset,
308 1185 399 1246 quam
422 1167 621 1250 Peutingerus
654 1175 685 1231 et
713 1169 860 1230 Badeneia
891 1169 1053 1248 dixissent,

135 1248 314 1326 affirmavit,
336 1268 398 1311 non
421 1270 534 1332 magno
562 1250 804 1333 redempturum,
831 1253 894 1314 nisi
921 1251 1053 1313 audivis-

134 1340 184 1394 set
205 1352 285 1409 eum,
308 1333 423 1414 alioqui
446 1336 526 1396 enirn
550 1353 584 1397 sa
602 1337 704 1397 statim
724 1334 887 1396 Caesarem
903 1336 1052 1397 aditurum

132 1416 238 1492 fuisse,
260 1414 471 1498 dicturumque
492 1437 572 1499 quae
592 1419 769 1480 retulissent
790 1419 951 1481 Doctores.

218 1498 292 1581 Egit
318 1517 392 1562 vero
418 1501 609 1566 Trevireuais
632 1502 892 1582 Arcbiepiseopus
922 1501 1054 1563 clemen·

135 1583 253 1644 tissime
275 1601 344 1644 cum
367 1583 503 1647 Doctore
524 1586 673 1667 martino,
707 1587 805 1666 primo
835 1586 958 1646 remotis
994 1604 1057 1647 om·

136 1666 227 1729 uibus
250 1665 380 1748 arbitris,
403 1687 472 1729 cum
497 1668 535 1730 de
558 1669 699 1730 Caesaris
721 1677 752 1731 et
772 1668 908 1750 Imperii,
930 1675 993 1729 turn
1018 1668 1056 1730 de

136 1750 265 1814 Consilii
285 1750 408 1814 iudicio.
450 1749 487 1814 Iu
510 1770 571 1837 quo
594 1753 750 1832 colloquio
776 1753 892 1814 Ductor
909 1752 1056 1815 Martinus

135 1833 210 1894 nibil
237 1833 350 1896 celavit
374 1835 601 1916 lbevirsuasm,
626 1836 795 1911 affirmans,
828 1855 934 1916 parurn
958 1842 1056 1896 tutum

135 1918 213 1996 lore,
235 1922 351 1979 tautam
372 1938 437 1981 rem
459 1919 517 1980 illis
540 1921 727 2002 permittere,
751 1920 802 2000 qui
824 1919 881 1980 sub
909 1916 972 1979 lide
1002 1938 1054 1998 pu·

135 2000 217 2062 blica
237 2008 399 2063 evocatum
423 2005 511 2066 novis
534 2002 686 2065 mandatis
708 2003 845 2084 aggressi
861 2001 1061 2063 damnassent

134 2103 221 2146 suam
244 2085 426 2157 seutentiam
448 2092 480 2147 et
501 2087 620 2149 Bullsm
642 2087 748 2167 Papae
769 2086 1003 2168 approbassent.

219 2165 339 2230 Deinde
374 2167 509 2232 admisso
548 2171 642 2233 ctiam
674 2171 774 2232 amico
817 2171 940 2251 petivit·
956 2167 1058 2229 Trevi-

137 2253 236 2313 reusis
258 2251 519 2333 Archiepiscopus
549 2274 567 2314 a
589 2253 727 2316 Doctora
747 2253 879 2316 Martius
908 2250 1059 2327 remedia,

136 2333 246 2415 quibus
266 2334 337 2398 huie
357 2353 469 2396 causae
503 2338 621 2398 occurri
653 2337 760 2416 possit.
802 2334 974 2416 Respondit
1004 2334 1058 2394 Lu·

136 2418 251 2495 therua,
272 2417 402 2479 meliora
424 2438 485 2480 uon
509 2439 578 2480 esse
598 2420 751 2500 remedia,
774 2438 864 2499 quam
888 2418 927 2480 de
949 2416 1058 2498 quibus

136 2499 288 2563 Camaliel
321 2497 389 2562 Act.
419 2505 446 2569 5,
473 2501 610 2582 dixisset,
642 2506 721 2564 teste
753 2500 783 2564 8,
811 2501 908 2562 Luem
949 2501 981 2561 si
1020 2520 1060 2561 ex

137 2582 313 2648 bominibus
344 2586 506 2647 consilium
537 2592 590 2648 aut
634 2604 711 2666 opus
750 2584 811 2645 hoc
847 2591 909 2662 est,
953 2582 1060 2643 dissol-

137 2673 240 2748 vetur,
273 2669 300 2730 si
327 2687 403 2730 vero
438 2689 479 2730 ex
508 2668 575 2730 Deo
602 2675 668 2746 est,
705 2667 877 2728 dissolvere
909 2685 971 2727 nou
1005 2684 1060 2744 pc-

139 2751 245 2815 teritis.
297 2750 367 2812 Huc
401 2770 494 2833 posse
523 2752 688 2815 Caesarem
722 2758 756 2812 et
778 2749 899 2830 imperii
929 2747 1060 2811 Ordines

137 2831 272 2895 scribere
300 2833 339 2895 ad
369 2834 548 2896 Pontificem
578 2835 769 2911 Romanum,
796 2853 830 2895 se
859 2839 943 2893 certo
971 2832 1060 2909 scire,

137 2917 163 2978 si
185 2916 247 2977 hoc
267 2936 354 2978 suum
374 2920 565 3000 propositum
585 2918 708 2980 exDeo
727 2919 853 2994 nonsit,
875 2918 954 2977 intra
970 2915 1059 2975 trien·

136 3001 239 3081 nium,
260 3001 323 3062 imo
346 2999 501 3063 biennium
523 3009 633 3082 sponte
655 3020 711 3062 sua
732 3002 909 3080 periturum.

223 3083 343 3145 Dicenti
364 3084 547 3165 Trevireusi,
570 3083 642 3166 quid
660 3091 744 3145 esset
755 3083 900 3157 lactarus,
914 3083 940 3142 ai
956 3080 1056 3142 decer·

128 3172 283 3247 ,parentur
316 3167 435 3229 articuli
471 3169 610 3230 Concilio
645 3165 866 3229 submittendi?
882 3207 884 3211 «
900 3164 1059 3246 respondit

136 3249 307 3312 Lutherus:
331 3248 424 3312 blodo
447 3268 509 3312 non
532 3253 593 3312 sint
614 3251 655 3328 hi,
678 3269 755 3330 quos
778 3249 949 3311 Concilium
979 3249 1059 3310 Con·

138 3336 307 3394 stantiause
339 3332 537 3396 damnaverit.
587 3335 640 3395 Ait
674 3333 884 3411 Trevireusis,
916 3351 967 3393 se
988 3351 1060 3392 vero

136 3417 255 3496 timere,
279 3434 334 3477 eos
356 3417 443 3498 ipsos
464 3414 593 3481 futuros.
637 3418 748 3497 Atqui,
776 3410 873 3496 iuquit
901 3414 1061 3491 Lutherus,

137 3496 352 3560 de'eiusmodi
374 3505 478 3562 tacere
499 3519 600 3582 oeque
621 3519 749 3583 possum
781 3518 881 3580 neque
911 3496 1000 3580 volo,
1029 3505 1068 3559 ut-

137 3582 190 3664 qui
211 3587 312 3644 certus
335 3602 413 3664 sum,
436 3584 473 3645 iis
496 3583 626 3646 decretis
649 3582 775 3644 verbum
790 3583 850 3649 Dei
873 3581 1079 3663 damnatum,‘

135 3664 221 3744 ideo,
233 3673 265 3745 et
282 3667 379 3729 vitam
401 3673 433 3729 et
454 3677 552 3749 caput,
566 3668 669 3750 potius
690 3667 856 3735 amissurus
870 3684 1064 3747 sumnam

138 3756 201 3811 tam
223 3748 340 3812 alarum
363 3750 488 3812 verbum
513 3750 636 3818 Domini
659 3748 845 3817 deserturus.
869 3754 871 3759 ’
