2392 4170
388 224 443 290 Per
458 229 607 302 Magistros
623 229 800 289 Parisienacs.
1020 228 1063 299 47

217 403 260 480 2)
285 401 445 464 Sententia
473 410 520 463 est
542 402 705 484 Apostoli,
732 421 866 484 posnam
888 409 920 463 et
940 401 1062 484 culpam

139 483 227 554 simul
250 483 340 547 finiri.

222 565 259 650 3)
282 568 483 629 Deindustria
494 568 618 629 damnat
627 568 780 649 Propheta
795 569 979 630 sententiam
992 587 1061 650 prc-

138 651 274 712 bantium
292 652 541 722 satisfactionem,
555 652 676 732 ,dicenst
699 649 851 726 Quoniam
868 652 894 712 si
910 652 1061 714 voluisses

139 734 321 794 sacrificinm
345 735 509 815 dedissem,
531 735 720 795 holocaustis
742 753 804 795 non
828 733 1040 800 delectaberis.

220 819 258 896 4)
281 815 394 880 Irridet
415 819 548 878 Micheas
564 818 719 898 Propheta
736 837 801 898 eos,
825 819 944 899 quiper
965 835 1061 900 opera

136 900 314 962 satisfacere
336 903 452 963 volunt.

221 984 323 1044 Prima
344 985 448 1044 harum
473 984 720 1064 Propositiouum
735 993 781 1044 ost
802 984 832 1044 in
855 984 999 1063 Paulum,
1014 1004 1061 1046 se·

137 1067 239 1127 cunda
259 1069 290 1126 in
303 1068 497 1148 Prophetam,
521 1070 609 1127 tertia
621 1070 651 1127 in
663 1067 813 1127 Micheam
827 1068 1060 1146 contumeliosa,

137 1158 168 1210 et
190 1168 297 1211 omnes
326 1151 444 1231 falsae,
471 1152 584 1231 impiae
627 1157 658 1211 et
686 1152 716 1210 in
743 1149 887 1231 Spiritum
921 1159 1059 1212 sanctum

136 1232 345 1313 blasphemae.
1067 1231 1069 1234 ’

220 1319 255 1395 5)
281 1317 398 1378 Virtute
411 1317 542 1376 clavium
564 1318 680 1376 iactant
696 1315 820 1395 quidam
839 1315 919 1377 solvi
940 1335 1058 1398 poenas

136 1418 191 1478 per
223 1399 356 1460 divinam
386 1401 532 1460 iustitiam
564 1400 739 1478 requisitas,
774 1399 857 1480 quod
880 1419 942 1461 non
965 1399 1058 1462 credo

136 1501 251 1562 verum,
273 1502 331 1543 nec
353 1484 540 1564 probabitur.

219 1565 307 1628 Haeo
337 1567 532 1646 Propositio,
567 1584 628 1644 qua
655 1572 749 1644 negat
781 1565 893 1626 virtute
926 1564 1057 1626 clavium

134 1666 253 1727 poenas
286 1669 340 1730 par
370 1649 503 1709 divinam
532 1649 676 1708 iustitiam
698 1648 860 1727 requisitas
894 1648 989 1729 solvi,
1012 1654 1060 1709 est

135 1731 227 1810 falsa,
250 1733 451 1815 scandaloso,
474 1733 619 1812 potestati
642 1731 773 1790 clavium
806 1729 1005 1812 derogativa,
1028 1741 1058 1793 et

134 1816 164 1873 in
187 1814 257 1894 hoc,
276 1817 358 1895 quod
373 1816 455 1895 dicit,
479 1814 568 1890 Quod
584 1833 643 1875 non
668 1814 759 1873 oredo
773 1833 888 1893 verum,
911 1833 968 1874 neo
989 1830 1057 1896 prc-

136 1898 265 1977 babitur,
288 1908 335 1958 est
356 1901 449 1958 animi
462 1900 613 1959 temerarii
634 1897 800 1957 indicativa
823 1907 853 1958 et
874 1899 1057 1977 arrogantis.

218 1984 255 2061 6)
281 1982 496 2042 Commeatum
521 1987 552 2041 et
580 1980 665 2041 futile
695 1979 838 2041 cavillum
875 1987 922 2041 est
945 1981 1057 2060 dicere,

134 2064 217 2144 quod
240 2065 345 2125 dicunt
357 2066 572 2144 quidam„quia
589 2063 735 2125 sacerdos
750 2065 872 2143 ignorat
884 2083 1057 2125 mensuram

133 2150 326 2209 contritionis
349 2149 550 2226 absolvendi,
573 2148 706 2227 ideoque
727 2147 806 2209 forto
828 2166 892 2209 non
925 2149 1057 2228 imponit

112 2238 249 2309 ,aaran
284 2232 539 2312 satisfactionem,
567 2241 711 2311 quantam
741 2230 844 2292 divina
876 2232 992 2293 iustitia
1012 2251 1057 2292 re·

134 2315 239 2394 quirit,
262 2316 344 2395 quod
366 2323 531 2396 propterea
554 2333 682 2374 necesse
709 2315 748 2374 sit
779 2315 901 2376 divinae
922 2316 1057 2377 iustitiae

133 2397 275 2472 satisfieri
297 2399 346 2458 vel
369 2399 495 2478 proprio
518 2416 611 2478 opere
635 2397 682 2458 vel
704 2395 910 2477 indulgentiis.

196 2481 280 2543 Haeo
302 2482 475 2562 Propositio
497 2491 544 2541 est
565 2480 653 2559 falsa,
676 2481 746 2540 ritui
766 2481 917 2541 ecclesiae
939 2488 970 2542 et
991 2482 1056 2543 cius

133 2564 292 2625 doctrinae
327 2567 474 2643 adversa,
512 2572 543 2625 et
578 2564 804 2644 poenitentialis
838 2564 1054 2626 satisfactionis

133 2650 320 2711 enervativa.

215 2731 253 2816 7)
280 2732 394 2811 Poena,
418 2750 478 2811 qua
497 2731 578 2792 Deus
602 2729 666 2790 vult
680 2731 970 2811 peccatnmpunire,
992 2749 1054 2792 non

133 2824 237 2898 potest
257 2816 368 2876 auferri
389 2834 444 2897 per
464 2815 619 2875 hominem
643 2814 691 2873 vel
713 2832 768 2894 psr
789 2814 913 2894 Papam.

217 2898 303 2961 Haec
319 2900 493 2979 Propositio
506 2906 552 2958 est
564 2899 719 2958 autoritati
731 2896 881 2959 ecelesiae
903 2916 922 2958 a
933 2897 1054 2960 Christo

132 3000 303 3045 concessae
334 2983 429 3062 impie
461 2988 492 3042 et
520 2981 714 3042 schismatico
741 2982 998 3062 contravenicns,
1024 2988 1056 3044 et

132 3067 257 3148 sapiens
280 3065 441 3128 haeresim.
1010 3136 1012 3141 Ι

216 3149 292 3209 Huic
327 3151 474 3210 ruateriae
506 3151 678 3210 annectitur
709 3167 771 3209 una
803 3147 980 3231 Propositio
1015 3148 1053 3210 de

131 3235 331 3294 sacramentis
354 3236 383 3292 in
406 3253 538 3314 genere:

214 3315 252 3398 8)
276 3317 598 3377 Haeretioasententia
611 3322 667 3385 est,
681 3334 741 3394 qua
752 3324 1054 3379 sacramentanovac

131 3399 209 3480 legis
231 3402 360 3481 gratiam
397 3399 611 3461 iustificantem
636 3398 708 3458 darc
741 3397 882 3459 dicuntur
902 3399 977 3480 illis,
1001 3402 1053 3481 qui

131 3503 193 3544 non
217 3494 337 3564 ponunt
359 3483 489 3561 obicem,
511 3502 579 3543 oum
609 3484 647 3541 sit
667 3481 860 3562 impossibile
881 3502 1053 3545 sacramen·

131 3574 194 3628 tum
218 3567 359 3647 conferri,
383 3569 440 3627 nisi
461 3569 520 3627 iam
544 3566 738 3629 credentibus
761 3573 792 3627 ot
813 3566 923 3647 dignis.

213 3653 300 3715 Haec
322 3653 496 3733 Propositio
523 3659 571 3713 est
596 3651 689 3730 falsa,
724 3652 886 3713 temeraria
911 3660 943 3714 et
963 3671 1050 3734 prae·

131 3744 311 3819 sumptuose
334 3746 460 3804 asserta.
552 3810 557 3818 ι
