2392 4170
409 272 493 335 ussa
510 242 674 348 suaso.
693 270 727 332 n.
747 272 774 332 ι.
993 270 1057 340 sor

136 447 192 509 toti
216 448 308 509 divini
329 449 414 514 fiant.
453 449 555 513 Credit
568 451 648 511 euim
670 448 853 529 vulgusnon
876 467 945 509 esse
956 447 1058 508 locum

136 531 191 592 sub
215 532 315 614 coelo,
348 536 378 594 in
406 553 467 613 quo
492 535 590 614 possit
615 537 756 594 iuventus
788 532 900 592 rectius
931 533 1066 610 institui,

137 614 215 675 adeo
239 623 324 676 utet
360 618 497 696 religiosi
529 618 589 677 huc
622 617 796 677 convolent.
847 615 943 675 Extra
976 615 1057 675 euim

138 697 323 759 Academias
346 699 488 761 didicisse
510 700 642 760 estnihil
661 697 814 774 didicisse,
836 700 865 757 in
884 696 1060 758 Academiis

138 800 211 840 vero
235 783 388 843 studuisse
411 793 458 842 est
486 785 589 843 omnia
612 802 714 843 nosse.
757 779 803 842 lbi
826 780 931 840 divina
953 787 984 841 et
1005 780 1059 841 hu-

138 884 227 923 mana
251 867 355 927 omnia
383 866 486 926 doceri
518 873 671 962 put.autur
714 862 815 927 Nemo
844 865 924 924 euim
946 863 1007 924 huc
1027 860 1060 924 fi·

136 947 208 1006 lium
233 951 323 1008 mittit
353 949 411 1009 alia
446 951 612 1045 opinione,
643 948 735 1028 quam
766 947 849 1026 quod
876 966 940 1007 uon
962 947 1061 1027 possit

137 1049 263 1108 usquam
302 1032 409 1091 melius
445 1033 531 1095 ιιιιιιι
587 1031 744 1094 Summum
773 1031 842 1091 Deo
878 1029 1059 1108 obsequium

135 1121 305 1210 praestant,
329 1106 410 1193 quod
435 1115 514 1174 lilios
538 1115 669 1174 offerunt
696 1114 875 1187 formandos
898 1112 938 1174 ad
960 1111 1058 1172 erudi-

136 1197 251 1257 tionem
275 1198 413 1339 pitetatis,
437 1197 525 1258 utiles
548 1198 664 1258 futuros
687 1195 862 1256 sacerdotes
870 1196 1059 1276 ,praedica-

136 1286 229 1358 tores,
251 1287 398 1359 recures,
421 1279 820 1359 quitottotiiiautpeoulium
844 1243 912 1356 D'ei,
934 1276 1003 1339 Deo
1027 1285 1057 1339 et

135 1362 310 1422 hominibus
333 1363 508 1426 necessarii.
552 1363 620 1422 Huc
641 1365 774 1443 pertinet
795 1381 907 1421 nomeu
922 1359 1057 1442 Moloch,

137 1434 218 1524 quod
243 1465 345 1525 regem
370 1447 418 1506 vel
441 1448 557 1526 regium
580 1445 746 1526 significat,
763 1443 856 1523 ,quod
877 1443 938 1504 hoc
960 1463 1058 1524 genus

106 1528 107 1531 ’
136 1526 227 1588 studii
257 1529 350 1589 faciat
382 1530 544 1611 insignitos
573 1529 725 1590 Gradibus
751 1526 1058 1607 promotionibusque

135 1617 166 1670 et
188 1611 318 1672 idoneos
340 1612 379 1671 ad
403 1611 569 1692 regendum
592 1621 735 1675 ceteros·
753 1611 898 1669 Videmus
921 1612 1000 1670 euim
1018 1629 1059 1671 ex

137 1693 313 1754 Academiis
336 1697 413 1754 sumi
437 1715 561 1774 omnes,
588 1698 636 1776 qui
661 1695 698 1755 ad
722 1693 929 1774 gubernacula
952 1692 1058 1755 admo·

137 1783 256 1838 ventur.
300 1778 340 1837 m
363 1780 412 1857 qui
444 1785 575 1837 nonest
607 1777 772 1857 graduatus
806 1784 858 1837 aut
889 1777 1057 1838 membrum

135 1859 358 1941 Universitats,
380 1881 440 1921 nou
466 1869 513 1920 est
533 1860 724 1940 qualificatus
754 1860 793 1920 ad
815 1859 996 1938 ambonem,
1018 1860 1057 1920 ad

133 1942 296 2039 plebanum
311 1954 365 2005 etc
392 1947 442 2026 (ut
459 1943 652 2027 loquuntur),
668 1952 831 2006 coronetur
842 1962 915 2003 vero
928 1945 1058 2022 primum

136 2029 249 2103 asinus,
273 2035 302 2086 et
323 2029 367 2088 sic
388 2030 527 2108 imperet.

222 2109 260 2168 Ει
282 2130 343 2170 non
366 2111 470 2171 vident
489 2118 642 2191 parentes,
663 2128 721 2170 nec
742 2110 793 2188 qui
816 2108 921 2169 vident
942 2077 1059 2188 curant,

137 2192 317 2252 adolescent
306 2201 352 2253 tes
375 2195 425 2254 hic
447 2197 589 2273 pessimis
616 2194 751 2255 moribus
774 2192 859 2274 perdi
882 2193 965 2252 nullo
988 2211 1059 2290 prq-

134 2275 271 2337 hibente.
316 2277 378 2336 lam
403 2279 567 2354 scortatio,
591 2279 797 2357 comessatio,
827 2283 857 2337 et
878 2276 939 2336 alia
961 2277 1057 2336 mani-

135 2359 214 2418 festa
245 2359 360 2440 flagitia
394 2361 494 2419 mitius
517 2361 655 2440 perdunt
699 2359 741 2421 At
729 2325 858 2456 tqhod
883 2359 1058 2421 imbuuntur

135 2441 369 2522 philosophicis,
391 2441 570 2522 gentilibus,
592 2442 783 2519 humanis,
776 2444 876 2522 impiis
908 2449 938 2503 et
966 2444 1057 2503 sacri-

135 2526 211 2604 legis
235 2526 452 2605 opinionibus,
474 2526 523 2585 hic
546 2531 592 2585 est
614 2526 666 2586 ille
693 2525 772 2605 iguis
795 2525 937 2606 Moloch,
966 2525 1056 2587 nullis

135 2609 266 2668 lacrimis
291 2612 364 2669 satis
399 2609 606 2689 deplorabilis,
631 2627 698 2669 cum
712 2628 767 2687 per
789 2626 857 2667 eum
880 2609 901 2667 ii
924 2611 1057 2670 maxime

133 2691 317 2752 devorentur
340 2699 370 2752 et
391 2699 529 2772 pereant,
553 2694 603 2770 qui
626 2699 696 2752 suut
713 2689 928 2752 studiosissimi
952 2698 983 2751 et
1003 2712 1056 2772 pu-

136 2774 282 2835 dicissimi
303 2777 333 2835 iu
367 2775 541 2836 Academiis
569 2778 704 2840 iuvenes.
762 2774 879 2835 Tantus
907 2781 954 2834 est
974 2775 1057 2837 furor

133 2859 189 2918 Dei
213 2877 306 2939 super
336 2860 427 2920 istam
449 2859 561 2919 vallem
590 2858 712 2938 Tophet
739 2856 946 2938 etHiunam,
982 2852 1055 2918 ulii

133 2945 221 3022 peius
246 2950 388 3023 pereant,
411 2945 461 3022 qui
491 2943 620 3022 plurima
642 2941 821 3002 discuntet
849 2904 988 3001 modeste
1010 2941 1055 3002 vi·

131 3031 214 3103 vunt,
238 3044 328 3104 quam
350 3027 381 3100 ii,
404 3027 456 3106 qui
477 3026 551 3085 nihil
584 3025 704 3085 discunt
732 3031 763 3086 et
793 3022 967 3085 libidinibus
991 3043 1055 3086 cor·

133 3116 321 3190 rumpuntur.
355 3109 393 3169 Ηι
416 3110 495 3170 enim
519 3109 592 3169 nihil
604 3109 725 3168 discunt
735 3108 817 3188 quod
837 3099 1055 3170 dediscendum

132 3193 180 3266 sit,
204 3194 304 3252 sciunt
332 3195 412 3252 enim
433 3213 502 3254 sese
524 3192 719 3272 malefacere,
741 3192 784 3252 illi
806 3211 880 3253 vero
904 3212 1055 3262 venenum

57 3281 59 3286 ’
133 3277 288 3352 hauriunt,
318 3276 399 3354 quod
426 3276 505 3336 forte
533 3295 687 3355 nunquam
724 3282 883 3356 evoment,
916 3282 1055 3336 tenentes

131 3378 187 3438 pro
212 3362 293 3419 bono
323 3359 405 3438 quod
432 3360 544 3419 malum
573 3369 629 3436 est,
656 3357 798 3437 imbuturi
827 3366 858 3418 et
879 3377 954 3434 eos,
976 3358 1053 3439 quos

135 3442 294 3503 docendos
317 3441 486 3522 suscipiunt
508 3441 656 3502 similibus
678 3440 883 3521 opinionibus.

217 3525 255 3585 Et
277 3526 313 3584 iis
335 3527 435 3604 puteis
458 3525 560 3606 abyssi
581 3524 792 3605 imputandum
816 3531 872 3606 est,
894 3524 976 3605 quod
1006 3527 1053 3586 sol

132 3606 296 3690 Evangelii
319 3609 499 3668 obscuratus
523 3621 569 3668 est
591 3608 675 3669 fumo
698 3608 792 3688 putei.
825 3607 873 3667 Ex
894 3609 954 3672 isto
971 3611 1052 3670 enim

133 3690 216 3752 fumo
238 3690 392 3773 prodeunt
413 3692 553 3755 locustae
574 3692 669 3768 istae,
702 3710 782 3771 quae
809 3709 917 3753 omnes
951 3691 1052 3761 cathe-

133 3773 203 3836 dras
226 3781 389 3859 occupant,
414 3776 518 3839 omnia
539 3774 747 3858 gubernacula
760 3773 991 3860 administrant,
1021 3783 1052 3840 ut
