<?xml version="1.0" encoding="UTF-8"?>
<!DOCTYPE html PUBLIC "-//W3C//DTD XHTML 1.0 Transitional//EN"
    "http://www.w3.org/TR/xhtml1/DTD/xhtml1-transitional.dtd">
<html xmlns="http://www.w3.org/1999/xhtml" xml:lang="en" lang="en">
 <head>
  <title>
</title>
<meta http-equiv="Content-Type" content="text/html;charset=utf-8" />
  <meta name='ocr-system' content='tesseract 3.04.00' />
  <meta name='ocr-capabilities' content='ocr_page ocr_carea ocr_par ocr_line ocrx_word'/>
</head>
<body>
  <div class='ocr_page' id='page_1' title='image "./dmartinilutheri03luthgoog_0799.png"; bbox 0 0 2392 4170; ppageno 0'>
   <div class='ocr_carea' id='block_1_1' title="bbox 161 218 743 292">
    <p class='ocr_par' dir='ltr' id='par_1_1' title="bbox 161 218 743 292">
     <span class='ocr_line' id='line_1_1' title="bbox 161 218 743 292; baseline 0 -9"><span class='ocrx_word' id='word_1_1' title='bbox 161 218 226 292; x_wconf 72' lang='grc'>256</span> <span class='ocrx_word' id='word_1_2' title='bbox 431 224 473 285; x_wconf 86' lang='lat' dir='ltr'>De</span> <span class='ocrx_word' id='word_1_3' title='bbox 491 224 565 285; x_wconf 82' lang='lat' dir='ltr'>votis</span> <span class='ocrx_word' id='word_1_4' title='bbox 583 219 743 285; x_wconf 83' lang='lat' dir='ltr'>monasticis</span> 
     </span>
    </p>
   </div>
   <div class='ocr_carea' id='block_1_2' title="bbox 154 386 1088 1636">
    <p class='ocr_par' dir='ltr' id='par_1_2' title="bbox 154 386 1088 1636">
     <span class='ocr_line' id='line_1_2' title="bbox 162 386 1084 471; baseline -0.001 -20"><span class='ocrx_word' id='word_1_5' title='bbox 162 395 209 451; x_wconf 87' lang='lat' dir='ltr'>ter</span> <span class='ocrx_word' id='word_1_6' title='bbox 240 390 405 450; x_wconf 77' lang='lat' dir='ltr'>instantem</span> <span class='ocrx_word' id='word_1_7' title='bbox 435 391 660 467; x_wconf 87' lang='lat' dir='ltr'>necessitatem,</span> <span class='ocrx_word' id='word_1_8' title='bbox 693 409 755 450; x_wconf 94' lang='lat' dir='ltr'>non</span> <span class='ocrx_word' id='word_1_9' title='bbox 779 397 905 471; x_wconf 90' lang='lat' dir='ltr'>propter</span> <span class='ocrx_word' id='word_1_10' title='bbox 926 386 1084 451; x_wconf 83' lang='lat' dir='ltr'>aureolam</span> 
     </span>
     <span class='ocr_line' id='line_1_3' title="bbox 162 472 1082 556; baseline 0.001 -23"><span class='ocrx_word' id='word_1_11' title='bbox 162 474 194 533; x_wconf 90' lang='lat' dir='ltr'>in</span> <span class='ocrx_word' id='word_1_12' title='bbox 216 472 325 553; x_wconf 84' lang='lat' dir='ltr'>coelis,</span> <span class='ocrx_word' id='word_1_13' title='bbox 354 473 486 556; x_wconf 86' lang='lat' dir='ltr'>scilicet,</span> <span class='ocrx_word' id='word_1_14' title='bbox 521 475 592 554; x_wconf 89' lang='lat' dir='ltr'>quia</span> <span class='ocrx_word' id='word_1_15' title='bbox 625 474 713 533; x_wconf 88' lang='lat' dir='ltr'>buius</span> <span class='ocrx_word' id='word_1_16' title='bbox 736 473 819 534; x_wconf 85' lang='lat' dir='ltr'>vitae</span> <span class='ocrx_word' id='word_1_17' title='bbox 856 474 1082 551; x_wconf 80' lang='lat' dir='ltr'>necessitatem,</span> 
     </span>
     <span class='ocr_line' id='line_1_4' title="bbox 185 555 1085 637; baseline 0.001 -22"><span class='ocrx_word' id='word_1_18' title='bbox 185 555 341 616; x_wconf 88' lang='lat' dir='ltr'>reesertim</span> <span class='ocrx_word' id='word_1_19' title='bbox 354 556 553 637; x_wconf 81' lang='lat' dir='ltr'>Christianae,</span> <span class='ocrx_word' id='word_1_20' title='bbox 575 556 768 618; x_wconf 74' lang='lat' dir='ltr'>commodius</span> <span class='ocrx_word' id='word_1_21' title='bbox 781 555 880 617; x_wconf 77' lang='lat' dir='ltr'>t&#39;erunt</span> <span class='ocrx_word' id='word_1_22' title='bbox 895 555 981 618; x_wconf 87' lang='lat' dir='ltr'>liberi</span> <span class='ocrx_word' id='word_1_23' title='bbox 992 555 1085 617; x_wconf 85' lang='lat' dir='ltr'>coeii-</span> 
     </span>
     <span class='ocr_line' id='line_1_5' title="bbox 162 575 1085 721; baseline 0 -21"><span class='ocrx_word' id='word_1_24' title='bbox 162 575 227 718; x_wconf 75' lang='lat' dir='ltr'>bes,</span> <span class='ocrx_word' id='word_1_25' title='bbox 240 657 330 719; x_wconf 88' lang='lat' dir='ltr'>quern</span> <span class='ocrx_word' id='word_1_26' title='bbox 343 640 426 719; x_wconf 83' lang='lat' dir='ltr'>ligati</span> <span class='ocrx_word' id='word_1_27' title='bbox 434 641 593 721; x_wconf 87' lang='lat' dir='ltr'>coniuges.</span> <span class='ocrx_word' id='word_1_28' title='bbox 615 639 655 700; x_wconf 80' lang='lat' dir='ltr'>Et</span> <span class='ocrx_word' id='word_1_29' title='bbox 666 659 769 700; x_wconf 90' lang='lat' dir='ltr'>rursus</span> <span class='ocrx_word' id='word_1_30' title='bbox 780 640 860 701; x_wconf 88' lang='lat' dir='ltr'>idem</span> <span class='ocrx_word' id='word_1_31' title='bbox 874 639 962 701; x_wconf 89' lang='lat' dir='ltr'>dicit:</span> <span class='ocrx_word' id='word_1_32' title='bbox 984 638 1085 720; x_wconf 81' lang='lat' dir='ltr'>Virgo</span> 
     </span>
     <span class='ocr_line' id='line_1_6' title="bbox 163 722 1086 805; baseline 0.002 -24"><span class='ocrx_word' id='word_1_33' title='bbox 163 730 195 782; x_wconf 90' lang='lat' dir='ltr'>et</span> <span class='ocrx_word' id='word_1_34' title='bbox 224 731 320 802; x_wconf 90' lang='lat' dir='ltr'>nupta</span> <span class='ocrx_word' id='word_1_35' title='bbox 353 725 469 802; x_wconf 75' lang='lat' dir='ltr'><strong>cogitat</strong></span> <span class='ocrx_word' id='word_1_36' title='bbox 505 742 584 805; x_wconf 91' lang='lat' dir='ltr'>quae</span> <span class='ocrx_word' id='word_1_37' title='bbox 606 724 815 803; x_wconf 89' lang='lat' dir='ltr'>suntdomiui,</span> <span class='ocrx_word' id='word_1_38' title='bbox 838 722 994 805; x_wconf 87' lang='lat' dir='ltr'>quomodo</span> <span class='ocrx_word' id='word_1_39' title='bbox 1016 723 1086 802; x_wconf 86' lang='lat' dir='ltr'>pta·</span> 
     </span>
     <span class='ocr_line' id='line_1_7' title="bbox 162 805 1088 887; baseline 0 -20"><span class='ocrx_word' id='word_1_40' title='bbox 162 814 232 867; x_wconf 84' lang='lat' dir='ltr'>cest</span> <span class='ocrx_word' id='word_1_41' title='bbox 254 805 331 884; x_wconf 81' lang='lat' dir='ltr'>Dee,</span> <span class='ocrx_word' id='word_1_42' title='bbox 355 814 387 867; x_wconf 91' lang='lat' dir='ltr'>ut</span> <span class='ocrx_word' id='word_1_43' title='bbox 408 809 448 866; x_wconf 90' lang='lat' dir='ltr'>sit</span> <span class='ocrx_word' id='word_1_44' title='bbox 469 816 576 868; x_wconf 90' lang='lat' dir='ltr'>sancta</span> <span class='ocrx_word' id='word_1_45' title='bbox 589 821 718 886; x_wconf 87' lang='lat' dir='ltr'>corpore</span> <span class='ocrx_word' id='word_1_46' title='bbox 740 816 770 865; x_wconf 88' lang='lat' dir='ltr'>et</span> <span class='ocrx_word' id='word_1_47' title='bbox 792 809 908 887; x_wconf 89' lang='lat' dir='ltr'>spiritu.</span> <span class='ocrx_word' id='word_1_48' title='bbox 935 805 1015 882; x_wconf 75' lang='lat' dir='ltr'>Quid</span> <span class='ocrx_word' id='word_1_49' title='bbox 1038 813 1088 867; x_wconf 89' lang='lat' dir='ltr'>est</span> 
     </span>
     <span class='ocr_line' id='line_1_8' title="bbox 163 887 1086 969; baseline 0.001 -21"><span class='ocrx_word' id='word_1_50' title='bbox 163 889 300 968; x_wconf 86' lang='lat' dir='ltr'>cogitare</span> <span class='ocrx_word' id='word_1_51' title='bbox 322 907 400 969; x_wconf 91' lang='lat' dir='ltr'>quae</span> <span class='ocrx_word' id='word_1_52' title='bbox 423 898 493 950; x_wconf 92' lang='lat' dir='ltr'>sunt</span> <span class='ocrx_word' id='word_1_53' title='bbox 515 887 658 951; x_wconf 83' lang='lat' dir='ltr'><strong>Domini?</strong></span> <span class='ocrx_word' id='word_1_54' title='bbox 680 889 926 969; x_wconf 88' lang='lat' dir='ltr'>nunquidsolam</span> <span class='ocrx_word' id='word_1_55' title='bbox 949 897 979 950; x_wconf 90' lang='lat' dir='ltr'>et</span> <span class='ocrx_word' id='word_1_56' title='bbox 1002 889 1086 950; x_wconf 92' lang='lat' dir='ltr'>otio·</span> 
     </span>
     <span class='ocr_line' id='line_1_9' title="bbox 163 970 1086 1053; baseline -0.001 -21"><span class='ocrx_word' id='word_1_57' title='bbox 163 991 229 1032; x_wconf 88' lang='lat' dir='ltr'>sam</span> <span class='ocrx_word' id='word_1_58' title='bbox 268 971 380 1033; x_wconf 90' lang='lat' dir='ltr'>habere</span> <span class='ocrx_word' id='word_1_59' title='bbox 411 973 603 1034; x_wconf 83' lang='lat' dir='ltr'>castitatem?</span> <span class='ocrx_word' id='word_1_60' title='bbox 625 975 687 1034; x_wconf 93' lang='lat' dir='ltr'>imo</span> <span class='ocrx_word' id='word_1_61' title='bbox 718 970 878 1053; x_wconf 89' lang='lat' dir='ltr'>meditari,</span> <span class='ocrx_word' id='word_1_62' title='bbox 908 972 1023 1034; x_wconf 89' lang='lat' dir='ltr'>servire</span> <span class='ocrx_word' id='word_1_63' title='bbox 1054 974 1086 1032; x_wconf 91' lang='lat' dir='ltr'>in</span> 
     </span>
     <span class='ocr_line' id='line_1_10' title="bbox 167 1055 1087 1136; baseline 0.002 -21"><span class='ocrx_word' id='word_1_64' title='bbox 167 1056 261 1116; x_wconf 85' lang='lat' dir='ltr'>verbo</span> <span class='ocrx_word' id='word_1_65' title='bbox 286 1057 348 1131; x_wconf 80' lang='lat' dir='ltr'>bei,</span> <span class='ocrx_word' id='word_1_66' title='bbox 373 1055 560 1136; x_wconf 89' lang='lat' dir='ltr'>praedicare,</span> <span class='ocrx_word' id='word_1_67' title='bbox 596 1055 761 1134; x_wconf 86' lang='lat' dir='ltr'>testificari,</span> <span class='ocrx_word' id='word_1_68' title='bbox 790 1062 822 1115; x_wconf 89' lang='lat' dir='ltr'>et</span> <span class='ocrx_word' id='word_1_69' title='bbox 852 1061 991 1136; x_wconf 86' lang='lat' dir='ltr'>paratum</span> <span class='ocrx_word' id='word_1_70' title='bbox 1014 1074 1087 1117; x_wconf 88' lang='lat' dir='ltr'>sese</span> 
     </span>
     <span class='ocr_line' id='line_1_11' title="bbox 166 1137 1087 1220; baseline 0.002 -22"><span class='ocrx_word' id='word_1_71' title='bbox 166 1157 222 1219; x_wconf 92' lang='lat' dir='ltr'>pro</span> <span class='ocrx_word' id='word_1_72' title='bbox 245 1139 297 1198; x_wconf 85' lang='lat' dir='ltr'>iiio</span> <span class='ocrx_word' id='word_1_73' title='bbox 321 1137 439 1217; x_wconf 79' lang='lat' dir='ltr'>offerre,</span> <span class='ocrx_word' id='word_1_74' title='bbox 471 1160 488 1199; x_wconf 87' lang='lat' dir='ltr'>a</span> <span class='ocrx_word' id='word_1_75' title='bbox 513 1159 573 1220; x_wconf 86' lang='lat' dir='ltr'>quo</span> <span class='ocrx_word' id='word_1_76' title='bbox 597 1159 653 1199; x_wconf 88' lang='lat' dir='ltr'>usu</span> <span class='ocrx_word' id='word_1_77' title='bbox 676 1140 824 1199; x_wconf 84' lang='lat' dir='ltr'>eastitatis</span> <span class='ocrx_word' id='word_1_78' title='bbox 847 1137 918 1220; x_wconf 91' lang='lat' dir='ltr'>quid</span> <span class='ocrx_word' id='word_1_79' title='bbox 940 1145 988 1199; x_wconf 91' lang='lat' dir='ltr'>est</span> <span class='ocrx_word' id='word_1_80' title='bbox 1008 1137 1087 1200; x_wconf 87' lang='lat' dir='ltr'>aiie·</span> 
     </span>
     <span class='ocr_line' id='line_1_12' title="bbox 164 1221 1087 1302; baseline -0.003 -19"><span class='ocrx_word' id='word_1_81' title='bbox 164 1224 230 1283; x_wconf 91' lang='lat' dir='ltr'>nius</span> <span class='ocrx_word' id='word_1_82' title='bbox 252 1231 282 1283; x_wconf 93' lang='lat' dir='ltr'>et</span> <span class='ocrx_word' id='word_1_83' title='bbox 304 1221 424 1301; x_wconf 82' lang='lat' dir='ltr'>longius</span> <span class='ocrx_word' id='word_1_84' title='bbox 452 1225 628 1284; x_wconf 87' lang='lat' dir='ltr'>monasticis</span> <span class='ocrx_word' id='word_1_85' title='bbox 648 1221 736 1282; x_wconf 84' lang='lat' dir='ltr'>istis?</span> <span class='ocrx_word' id='word_1_86' title='bbox 757 1223 808 1300; x_wconf 88' lang='lat' dir='ltr'>qui</span> <span class='ocrx_word' id='word_1_87' title='bbox 831 1230 861 1283; x_wconf 92' lang='lat' dir='ltr'>et</span> <span class='ocrx_word' id='word_1_88' title='bbox 883 1224 1018 1283; x_wconf 89' lang='lat' dir='ltr'>omnium</span> <span class='ocrx_word' id='word_1_89' title='bbox 1042 1222 1087 1302; x_wconf 82' lang='lat' dir='ltr'>ig-</span> 
     </span>
     <span class='ocr_line' id='line_1_13' title="bbox 163 1304 1087 1386; baseline -0.002 -20"><span class='ocrx_word' id='word_1_90' title='bbox 163 1306 370 1366; x_wconf 87' lang='lat' dir='ltr'>norantissimi</span> <span class='ocrx_word' id='word_1_91' title='bbox 392 1313 463 1366; x_wconf 90' lang='lat' dir='ltr'>sunt</span> <span class='ocrx_word' id='word_1_92' title='bbox 487 1307 552 1367; x_wconf 90' lang='lat' dir='ltr'>eius</span> <span class='ocrx_word' id='word_1_93' title='bbox 567 1325 649 1383; x_wconf 89' lang='lat' dir='ltr'>usus,</span> <span class='ocrx_word' id='word_1_94' title='bbox 671 1324 739 1364; x_wconf 91' lang='lat' dir='ltr'>cum</span> <span class='ocrx_word' id='word_1_95' title='bbox 765 1324 826 1366; x_wconf 95' lang='lat' dir='ltr'>non</span> <span class='ocrx_word' id='word_1_96' title='bbox 850 1306 906 1365; x_wconf 91' lang='lat' dir='ltr'>nisi</span> <span class='ocrx_word' id='word_1_97' title='bbox 929 1304 1087 1386; x_wconf 91' lang='lat' dir='ltr'>sibiipsis</span> 
     </span>
     <span class='ocr_line' id='line_1_14' title="bbox 166 1388 1087 1469; baseline -0.002 -19"><span class='ocrx_word' id='word_1_98' title='bbox 166 1388 301 1451; x_wconf 83' lang='lat' dir='ltr'>coelibes</span> <span class='ocrx_word' id='word_1_99' title='bbox 324 1389 521 1469; x_wconf 88' lang='lat' dir='ltr'>siut‚tantum</span> <span class='ocrx_word' id='word_1_100' title='bbox 537 1389 720 1450; x_wconf 88' lang='lat' dir='ltr'>clamoribus</span> <span class='ocrx_word' id='word_1_101' title='bbox 743 1397 773 1449; x_wconf 90' lang='lat' dir='ltr'>et</span> <span class='ocrx_word' id='word_1_102' title='bbox 792 1391 934 1449; x_wconf 89' lang='lat' dir='ltr'>murmuri</span> <span class='ocrx_word' id='word_1_103' title='bbox 956 1391 987 1448; x_wconf 90' lang='lat' dir='ltr'>in</span> <span class='ocrx_word' id='word_1_104' title='bbox 1010 1395 1087 1448; x_wconf 76' lang='lat' dir='ltr'>tem</span> 
     </span>
     <span class='ocr_line' id='line_1_15' title="bbox 165 1471 1086 1554; baseline 0.002 -23"><span class='ocrx_word' id='word_1_105' title='bbox 165 1471 224 1552; x_wconf 82' lang='lat' dir='ltr'>plis</span> <span class='ocrx_word' id='word_1_106' title='bbox 246 1474 424 1554; x_wconf 79' lang='lat' dir='ltr'>servientes,</span> <span class='ocrx_word' id='word_1_107' title='bbox 447 1480 478 1533; x_wconf 90' lang='lat' dir='ltr'>et</span> <span class='ocrx_word' id='word_1_108' title='bbox 500 1473 641 1534; x_wconf 77' lang='lat' dir='ltr'>aureolas</span> <span class='ocrx_word' id='word_1_109' title='bbox 674 1472 729 1532; x_wconf 90' lang='lat' dir='ltr'>sibi</span> <span class='ocrx_word' id='word_1_110' title='bbox 752 1473 826 1552; x_wconf 90' lang='lat' dir='ltr'>ipsis</span> <span class='ocrx_word' id='word_1_111' title='bbox 847 1473 877 1532; x_wconf 93' lang='lat' dir='ltr'>in</span> <span class='ocrx_word' id='word_1_112' title='bbox 900 1471 989 1533; x_wconf 86' lang='lat' dir='ltr'>coeio</span> <span class='ocrx_word' id='word_1_113' title='bbox 1013 1490 1086 1551; x_wconf 92' lang='lat' dir='ltr'>pro·</span> 
     </span>
     <span class='ocr_line' id='line_1_16' title="bbox 154 1555 809 1636; baseline 0.008 -21"><span class='ocrx_word' id='word_1_114' title='bbox 154 1557 326 1633; x_wconf 79' lang='lat' dir='ltr'>mittentes,</span> <span class='ocrx_word' id='word_1_115' title='bbox 348 1575 403 1636; x_wconf 91' lang='lat' dir='ltr'>pro</span> <span class='ocrx_word' id='word_1_116' title='bbox 426 1555 487 1617; x_wconf 85' lang='lat' dir='ltr'>fide</span> <span class='ocrx_word' id='word_1_117' title='bbox 508 1557 626 1616; x_wconf 89' lang='lat' dir='ltr'>scilieet</span> <span class='ocrx_word' id='word_1_118' title='bbox 648 1558 809 1620; x_wconf 89' lang='lat' dir='ltr'>exstincta.</span> 
     </span>
    </p>
   </div>
   <div class='ocr_carea' id='block_1_3' title="bbox 155 1671 1087 3258">
    <p class='ocr_par' dir='ltr' id='par_1_3' title="bbox 155 1671 1087 3258">
     <span class='ocr_line' id='line_1_17' title="bbox 209 1671 1086 1754; baseline 0 -21"><span class='ocrx_word' id='word_1_119' title='bbox 209 1675 298 1734; x_wconf 80' lang='lat' dir='ltr'>Certe</span> <span class='ocrx_word' id='word_1_120' title='bbox 320 1674 345 1733; x_wconf 91' lang='lat' dir='ltr'>si</span> <span class='ocrx_word' id='word_1_121' title='bbox 367 1694 430 1736; x_wconf 88' lang='lat' dir='ltr'>rem</span> <span class='ocrx_word' id='word_1_122' title='bbox 453 1681 554 1735; x_wconf 91' lang='lat' dir='ltr'>tecum</span> <span class='ocrx_word' id='word_1_123' title='bbox 565 1673 710 1754; x_wconf 82' lang='lat' dir='ltr'>pensitas,</span> <span class='ocrx_word' id='word_1_124' title='bbox 731 1672 828 1733; x_wconf 87' lang='lat' dir='ltr'>videri</span> <span class='ocrx_word' id='word_1_125' title='bbox 841 1678 942 1752; x_wconf 84' lang='lat' dir='ltr'>potest</span> <span class='ocrx_word' id='word_1_126' title='bbox 952 1671 1086 1733; x_wconf 81' lang='lat' dir='ltr'>Satanae</span> 
     </span>
     <span class='ocr_line' id='line_1_18' title="bbox 166 1755 1087 1837; baseline 0 -21"><span class='ocrx_word' id='word_1_127' title='bbox 166 1757 196 1816; x_wconf 89' lang='lat' dir='ltr'>in</span> <span class='ocrx_word' id='word_1_128' title='bbox 221 1757 280 1816; x_wconf 91' lang='lat' dir='ltr'>hoc</span> <span class='ocrx_word' id='word_1_129' title='bbox 301 1759 497 1837; x_wconf 77' lang='lat' dir='ltr'>excogitasse</span> <span class='ocrx_word' id='word_1_130' title='bbox 520 1757 698 1837; x_wconf 86' lang='lat' dir='ltr'>figmentum</span> <span class='ocrx_word' id='word_1_131' title='bbox 721 1755 760 1816; x_wconf 91' lang='lat' dir='ltr'>de</span> <span class='ocrx_word' id='word_1_132' title='bbox 792 1755 927 1816; x_wconf 90' lang='lat' dir='ltr'>consiliis</span> <span class='ocrx_word' id='word_1_133' title='bbox 950 1759 981 1816; x_wconf 91' lang='lat' dir='ltr'>et</span> <span class='ocrx_word' id='word_1_134' title='bbox 1002 1762 1087 1816; x_wconf 88' lang='lat' dir='ltr'>statu</span> 
     </span>
     <span class='ocr_line' id='line_1_19' title="bbox 160 1840 1085 1921; baseline 0.001 -21"><span class='ocrx_word' id='word_1_135' title='bbox 160 1840 366 1921; x_wconf 80' lang='lat' dir='ltr'>perfectionis,</span> <span class='ocrx_word' id='word_1_136' title='bbox 388 1850 421 1902; x_wconf 92' lang='lat' dir='ltr'>ut</span> <span class='ocrx_word' id='word_1_137' title='bbox 443 1841 607 1902; x_wconf 87' lang='lat' dir='ltr'>adornaret</span> <span class='ocrx_word' id='word_1_138' title='bbox 628 1841 717 1900; x_wconf 89' lang='lat' dir='ltr'>istam</span> <span class='ocrx_word' id='word_1_139' title='bbox 739 1859 914 1920; x_wconf 81' lang='lat' dir='ltr'>perversam</span> <span class='ocrx_word' id='word_1_140' title='bbox 938 1840 1085 1900; x_wconf 88' lang='lat' dir='ltr'>monasti·</span> 
     </span>
     <span class='ocr_line' id='line_1_20' title="bbox 161 1917 1085 2001; baseline -0.001 -17"><span class='ocrx_word' id='word_1_141' title='bbox 161 1941 233 1999; x_wconf 87' lang='lat' dir='ltr'>ceu;</span> <span class='ocrx_word' id='word_1_142' title='bbox 257 1943 325 1984; x_wconf 87' lang='lat' dir='ltr'>curn</span> <span class='ocrx_word' id='word_1_143' title='bbox 349 1926 428 1985; x_wconf 90' lang='lat' dir='ltr'>enim</span> <span class='ocrx_word' id='word_1_144' title='bbox 443 1925 569 2001; x_wconf 87' lang='lat' dir='ltr'>videret,</span> <span class='ocrx_word' id='word_1_145' title='bbox 591 1923 663 1983; x_wconf 89' lang='lat' dir='ltr'>nibil</span> <span class='ocrx_word' id='word_1_146' title='bbox 685 1923 726 1983; x_wconf 91' lang='lat' dir='ltr'>ibi</span> <span class='ocrx_word' id='word_1_147' title='bbox 739 1924 853 2000; x_wconf 85' lang='lat' dir='ltr'>voveri,</span> <span class='ocrx_word' id='word_1_148' title='bbox 876 1917 933 1984; x_wconf 82' lang='lat' dir='ltr'>sed</span> <span class='ocrx_word' id='word_1_149' title='bbox 954 1939 1014 1982; x_wconf 89' lang='lat' dir='ltr'>nee</span> <span class='ocrx_word' id='word_1_150' title='bbox 1032 1940 1085 1983; x_wconf 84' lang='lat' dir='ltr'>vo·</span> 
     </span>
     <span class='ocr_line' id='line_1_21' title="bbox 159 2006 1085 2088; baseline 0.001 -22"><span class='ocrx_word' id='word_1_151' title='bbox 159 2009 222 2068; x_wconf 82' lang='lat' dir='ltr'>veri</span> <span class='ocrx_word' id='word_1_152' title='bbox 235 2026 337 2088; x_wconf 86' lang='lat' dir='ltr'>posse,</span> <span class='ocrx_word' id='word_1_153' title='bbox 360 2008 443 2087; x_wconf 88' lang='lat' dir='ltr'>quod</span> <span class='ocrx_word' id='word_1_154' title='bbox 464 2027 526 2069; x_wconf 91' lang='lat' dir='ltr'>non</span> <span class='ocrx_word' id='word_1_155' title='bbox 542 2016 633 2069; x_wconf 91' lang='lat' dir='ltr'>antea</span> <span class='ocrx_word' id='word_1_156' title='bbox 648 2009 679 2066; x_wconf 93' lang='lat' dir='ltr'>in</span> <span class='ocrx_word' id='word_1_157' title='bbox 693 2006 845 2087; x_wconf 89' lang='lat' dir='ltr'>baptismo</span> <span class='ocrx_word' id='word_1_158' title='bbox 859 2011 1085 2067; x_wconf 86' lang='lat' dir='ltr'>voveruntom·</span> 
     </span>
     <span class='ocr_line' id='line_1_22' title="bbox 160 2087 1084 2173; baseline -0.001 -24"><span class='ocrx_word' id='word_1_159' title='bbox 160 2108 215 2150; x_wconf 92' lang='lat' dir='ltr'>nes</span> <span class='ocrx_word' id='word_1_160' title='bbox 230 2093 609 2173; x_wconf 32' lang='lat' dir='ltr'>(exceptalcontinentiap</span> <span class='ocrx_word' id='word_1_161' title='bbox 632 2089 860 2171; x_wconf 84' lang='lat' dir='ltr'>coepitfingere</span> <span class='ocrx_word' id='word_1_162' title='bbox 876 2087 1084 2168; x_wconf 73' lang='lat' dir='ltr'>perfectiones</span> 
     </span>
     <span class='ocr_line' id='line_1_23' title="bbox 160 2172 1082 2253; baseline -0.002 -20"><span class='ocrx_word' id='word_1_163' title='bbox 160 2180 192 2233; x_wconf 90' lang='lat' dir='ltr'>et</span> <span class='ocrx_word' id='word_1_164' title='bbox 202 2175 340 2253; x_wconf 89' lang='lat' dir='ltr'>consilia,</span> <span class='ocrx_word' id='word_1_165' title='bbox 363 2185 394 2234; x_wconf 91' lang='lat' dir='ltr'>ut</span> <span class='ocrx_word' id='word_1_166' title='bbox 406 2195 597 2236; x_wconf 90' lang='lat' dir='ltr'>communem</span> <span class='ocrx_word' id='word_1_167' title='bbox 615 2176 692 2234; x_wconf 87' lang='lat' dir='ltr'>viam</span> <span class='ocrx_word' id='word_1_168' title='bbox 708 2180 913 2253; x_wconf 79' lang='lat' dir='ltr'>contemptam</span> <span class='ocrx_word' id='word_1_169' title='bbox 937 2180 968 2232; x_wconf 92' lang='lat' dir='ltr'>et</span> <span class='ocrx_word' id='word_1_170' title='bbox 979 2172 1082 2252; x_wconf 87' lang='lat' dir='ltr'>singn-</span> 
     </span>
     <span class='ocr_line' id='line_1_24' title="bbox 159 2256 1083 2341; baseline 0 -25"><span class='ocrx_word' id='word_1_171' title='bbox 159 2257 252 2318; x_wconf 86' lang='lat' dir='ltr'>larem</span> <span class='ocrx_word' id='word_1_172' title='bbox 260 2259 347 2318; x_wconf 87' lang='lat' dir='ltr'>istam</span> <span class='ocrx_word' id='word_1_173' title='bbox 355 2259 543 2341; x_wconf 87' lang='lat' dir='ltr'>falsaspecie</span> <span class='ocrx_word' id='word_1_174' title='bbox 552 2257 750 2339; x_wconf 81' lang='lat' dir='ltr'>spectabilem</span> <span class='ocrx_word' id='word_1_175' title='bbox 758 2256 909 2336; x_wconf 89' lang='lat' dir='ltr'>redderet,</span> <span class='ocrx_word' id='word_1_176' title='bbox 921 2273 960 2315; x_wconf 98' lang='lat' dir='ltr'>ne</span> <span class='ocrx_word' id='word_1_177' title='bbox 969 2275 1083 2335; x_wconf 83' lang='lat' dir='ltr'>parvas</span> 
     </span>
     <span class='ocr_line' id='line_1_25' title="bbox 159 2339 1083 2421; baseline 0 -21"><span class='ocrx_word' id='word_1_178' title='bbox 159 2360 207 2401; x_wconf 91' lang='lat' dir='ltr'>res</span> <span class='ocrx_word' id='word_1_179' title='bbox 230 2342 402 2402; x_wconf 87' lang='lat' dir='ltr'>viderentur</span> <span class='ocrx_word' id='word_1_180' title='bbox 424 2361 553 2421; x_wconf 87' lang='lat' dir='ltr'>vovere,</span> <span class='ocrx_word' id='word_1_181' title='bbox 583 2350 613 2402; x_wconf 90' lang='lat' dir='ltr'>et</span> <span class='ocrx_word' id='word_1_182' title='bbox 643 2341 814 2421; x_wconf 86' lang='lat' dir='ltr'>praevaluit</span> <span class='ocrx_word' id='word_1_183' title='bbox 840 2340 870 2399; x_wconf 93' lang='lat' dir='ltr'>in</span> <span class='ocrx_word' id='word_1_184' title='bbox 900 2339 1083 2418; x_wconf 80' lang='lat' dir='ltr'>operatione</span> 
     </span>
     <span class='ocr_line' id='line_1_26' title="bbox 159 2421 1082 2505; baseline -0.001 -22"><span class='ocrx_word' id='word_1_185' title='bbox 159 2426 278 2488; x_wconf 81' lang='lat' dir='ltr'>erroris.</span> <span class='ocrx_word' id='word_1_186' title='bbox 301 2424 435 2505; x_wconf 81' lang='lat' dir='ltr'>thuod</span> <span class='ocrx_word' id='word_1_187' title='bbox 449 2426 544 2486; x_wconf 91' lang='lat' dir='ltr'>multo</span> <span class='ocrx_word' id='word_1_188' title='bbox 567 2434 613 2485; x_wconf 89' lang='lat' dir='ltr'>est</span> <span class='ocrx_word' id='word_1_189' title='bbox 626 2425 814 2496; x_wconf 79' lang='lat' dir='ltr'>sceleratius,</span> <span class='ocrx_word' id='word_1_190' title='bbox 836 2443 876 2484; x_wconf 86' lang='lat' dir='ltr'>ex</span> <span class='ocrx_word' id='word_1_191' title='bbox 899 2422 999 2482; x_wconf 90' lang='lat' dir='ltr'>multis</span> <span class='ocrx_word' id='word_1_192' title='bbox 1022 2421 1082 2482; x_wconf 89' lang='lat' dir='ltr'>illis</span> 
     </span>
     <span class='ocr_line' id='line_1_27' title="bbox 158 2505 1082 2588; baseline -0.003 -19"><span class='ocrx_word' id='word_1_193' title='bbox 158 2508 323 2588; x_wconf 86' lang='lat' dir='ltr'>praedietis</span> <span class='ocrx_word' id='word_1_194' title='bbox 354 2509 489 2570; x_wconf 88' lang='lat' dir='ltr'>consiliis</span> <span class='ocrx_word' id='word_1_195' title='bbox 518 2528 537 2568; x_wconf 91' lang='lat' dir='ltr'>a</span> <span class='ocrx_word' id='word_1_196' title='bbox 564 2527 598 2568; x_wconf 90' lang='lat' dir='ltr'>se</span> <span class='ocrx_word' id='word_1_197' title='bbox 626 2507 765 2568; x_wconf 86' lang='lat' dir='ltr'>confictis</span> <span class='ocrx_word' id='word_1_198' title='bbox 798 2515 915 2568; x_wconf 91' lang='lat' dir='ltr'>tantum</span> <span class='ocrx_word' id='word_1_199' title='bbox 939 2506 996 2566; x_wconf 91' lang='lat' dir='ltr'>tria</span> <span class='ocrx_word' id='word_1_200' title='bbox 1018 2505 1082 2566; x_wconf 87' lang='lat' dir='ltr'>ele·</span> 
     </span>
     <span class='ocr_line' id='line_1_28' title="bbox 158 2590 1082 2673; baseline -0.004 -20"><span class='ocrx_word' id='word_1_201' title='bbox 158 2599 283 2673; x_wconf 81' lang='lat' dir='ltr'>gerunt,</span> <span class='ocrx_word' id='word_1_202' title='bbox 316 2593 539 2672; x_wconf 83' lang='lat' dir='ltr'>obedientiam,</span> <span class='ocrx_word' id='word_1_203' title='bbox 572 2598 782 2672; x_wconf 86' lang='lat' dir='ltr'>paupertatem</span> <span class='ocrx_word' id='word_1_204' title='bbox 826 2594 856 2650; x_wconf 89' lang='lat' dir='ltr'>et</span> <span class='ocrx_word' id='word_1_205' title='bbox 897 2590 1082 2668; x_wconf 87' lang='lat' dir='ltr'>castitatem,</span> 
     </span>
     <span class='ocr_line' id='line_1_29' title="bbox 159 2671 1082 2755; baseline -0.003 -20"><span class='ocrx_word' id='word_1_206' title='bbox 159 2684 262 2736; x_wconf 90' lang='lat' dir='ltr'>cetera</span> <span class='ocrx_word' id='word_1_207' title='bbox 293 2695 392 2755; x_wconf 92' lang='lat' dir='ltr'>neque</span> <span class='ocrx_word' id='word_1_208' title='bbox 426 2684 540 2737; x_wconf 87' lang='lat' dir='ltr'>vovent</span> <span class='ocrx_word' id='word_1_209' title='bbox 562 2694 662 2755; x_wconf 89' lang='lat' dir='ltr'>neque</span> <span class='ocrx_word' id='word_1_210' title='bbox 692 2680 824 2750; x_wconf 86' lang='lat' dir='ltr'>servant,</span> <span class='ocrx_word' id='word_1_211' title='bbox 847 2672 997 2732; x_wconf 81' lang='lat' dir='ltr'>liberrime</span> <span class='ocrx_word' id='word_1_212' title='bbox 1024 2671 1082 2732; x_wconf 87' lang='lat' dir='ltr'>liti·</span> 
     </span>
     <span class='ocr_line' id='line_1_30' title="bbox 157 2757 1081 2840; baseline -0.002 -21"><span class='ocrx_word' id='word_1_213' title='bbox 157 2769 277 2838; x_wconf 82' lang='lat' dir='ltr'>gantes,</span> <span class='ocrx_word' id='word_1_214' title='bbox 290 2760 489 2840; x_wconf 88' lang='lat' dir='ltr'>vindicantes,</span> <span class='ocrx_word' id='word_1_215' title='bbox 501 2757 641 2819; x_wconf 89' lang='lat' dir='ltr'>odientes</span> <span class='ocrx_word' id='word_1_216' title='bbox 654 2758 872 2832; x_wconf 80' lang='lat' dir='ltr'>adversarium,</span> <span class='ocrx_word' id='word_1_217' title='bbox 893 2761 1081 2836; x_wconf 83' lang='lat' dir='ltr'>repetentes,</span> 
     </span>
     <span class='ocr_line' id='line_1_31' title="bbox 157 2839 1082 2922; baseline -0.005 -20"><span class='ocrx_word' id='word_1_218' title='bbox 157 2860 219 2903; x_wconf 94' lang='lat' dir='ltr'>non</span> <span class='ocrx_word' id='word_1_219' title='bbox 253 2843 376 2922; x_wconf 91' lang='lat' dir='ltr'>dantes,</span> <span class='ocrx_word' id='word_1_220' title='bbox 400 2863 462 2904; x_wconf 93' lang='lat' dir='ltr'>non</span> <span class='ocrx_word' id='word_1_221' title='bbox 486 2849 673 2914; x_wconf 76' lang='lat' dir='ltr'>mutuantes,</span> <span class='ocrx_word' id='word_1_222' title='bbox 703 2840 803 2903; x_wconf 88' lang='lat' dir='ltr'>adbuc</span> <span class='ocrx_word' id='word_1_223' title='bbox 830 2845 931 2900; x_wconf 88' lang='lat' dir='ltr'>tamen</span> <span class='ocrx_word' id='word_1_224' title='bbox 954 2839 1082 2917; x_wconf 83' lang='lat' dir='ltr'>iactant,</span> 
     </span>
     <span class='ocr_line' id='line_1_32' title="bbox 155 2924 1081 2998; baseline -0.002 -13"><span class='ocrx_word' id='word_1_225' title='bbox 155 2928 216 2986; x_wconf 85' lang='lat' dir='ltr'>iarn</span> <span class='ocrx_word' id='word_1_226' title='bbox 250 2926 346 2987; x_wconf 87' lang='lat' dir='ltr'>altero</span> <span class='ocrx_word' id='word_1_227' title='bbox 382 2925 542 2987; x_wconf 88' lang='lat' dir='ltr'>mendacio</span> <span class='ocrx_word' id='word_1_228' title='bbox 574 2932 605 2985; x_wconf 91' lang='lat' dir='ltr'>et</span> <span class='ocrx_word' id='word_1_229' title='bbox 638 2925 780 2986; x_wconf 81' lang='lat' dir='ltr'>illusione</span> <span class='ocrx_word' id='word_1_230' title='bbox 802 2924 927 2998; x_wconf 86' lang='lat' dir='ltr'>maiore,</span> <span class='ocrx_word' id='word_1_231' title='bbox 966 2927 1081 2983; x_wconf 86' lang='lat' dir='ltr'>statum</span> 
     </span>
     <span class='ocr_line' id='line_1_33' title="bbox 156 3003 1082 3089; baseline -0.004 -19"><span class='ocrx_word' id='word_1_232' title='bbox 156 3010 352 3089; x_wconf 85' lang='lat' dir='ltr'>perfectionis</span> <span class='ocrx_word' id='word_1_233' title='bbox 382 3020 413 3070; x_wconf 90' lang='lat' dir='ltr'>et</span> <span class='ocrx_word' id='word_1_234' title='bbox 423 3011 561 3071; x_wconf 89' lang='lat' dir='ltr'>consilia.</span> <span class='ocrx_word' id='word_1_235' title='bbox 583 3008 674 3069; x_wconf 83' lang='lat' dir='ltr'>Certe</span> <span class='ocrx_word' id='word_1_236' title='bbox 684 3007 807 3089; x_wconf 91' lang='lat' dir='ltr'>quando</span> <span class='ocrx_word' id='word_1_237' title='bbox 836 3006 896 3066; x_wconf 90' lang='lat' dir='ltr'>ista</span> <span class='ocrx_word' id='word_1_238' title='bbox 924 3003 1082 3067; x_wconf 83' lang='lat' dir='ltr'>affirmant</span> 
     </span>
     <span class='ocr_line' id='line_1_34' title="bbox 157 3090 1081 3173; baseline -0.002 -21"><span class='ocrx_word' id='word_1_239' title='bbox 157 3094 289 3153; x_wconf 88' lang='lat' dir='ltr'>consilia</span> <span class='ocrx_word' id='word_1_240' title='bbox 310 3102 340 3154; x_wconf 92' lang='lat' dir='ltr'>et</span> <span class='ocrx_word' id='word_1_241' title='bbox 362 3094 576 3173; x_wconf 83' lang='lat' dir='ltr'>perfectiones,</span> <span class='ocrx_word' id='word_1_242' title='bbox 601 3093 737 3171; x_wconf 90' lang='lat' dir='ltr'>oportuit</span> <span class='ocrx_word' id='word_1_243' title='bbox 769 3099 798 3151; x_wconf 88' lang='lat' dir='ltr'>et</span> <span class='ocrx_word' id='word_1_244' title='bbox 827 3091 894 3169; x_wconf 87' lang='lat' dir='ltr'>ipsa</span> <span class='ocrx_word' id='word_1_245' title='bbox 915 3090 1033 3168; x_wconf 84' lang='lat' dir='ltr'>voveri,</span> <span class='ocrx_word' id='word_1_246' title='bbox 1056 3090 1081 3150; x_wconf 93' lang='lat' dir='ltr'>si</span> 
     </span>
     <span class='ocr_line' id='line_1_35' title="bbox 158 3172 1082 3258; baseline -0.002 -22"><span class='ocrx_word' id='word_1_247' title='bbox 158 3184 298 3237; x_wconf 89' lang='lat' dir='ltr'>votorum</span> <span class='ocrx_word' id='word_1_248' title='bbox 320 3178 490 3238; x_wconf 89' lang='lat' dir='ltr'>institutum</span> <span class='ocrx_word' id='word_1_249' title='bbox 513 3175 708 3258; x_wconf 88' lang='lat' dir='ltr'>perfectionis</span> <span class='ocrx_word' id='word_1_250' title='bbox 738 3181 768 3235; x_wconf 93' lang='lat' dir='ltr'>et</span> <span class='ocrx_word' id='word_1_251' title='bbox 796 3172 993 3234; x_wconf 91' lang='lat' dir='ltr'>consiliorum</span> <span class='ocrx_word' id='word_1_252' title='bbox 1017 3178 1082 3234; x_wconf 86' lang='lat' dir='ltr'>sta·</span> 
     </span>
    </p>
   </div>
   <div class='ocr_carea' id='block_1_4' title="bbox 155 3268 281 3327">
    <p class='ocr_par' dir='ltr' id='par_1_4' title="bbox 155 3268 281 3327">
     <span class='ocr_line' id='line_1_36' title="bbox 155 3268 281 3327; baseline 0.048 -7"><span class='ocrx_word' id='word_1_253' title='bbox 155 3268 203 3321; x_wconf 91' lang='lat' dir='ltr'>tus</span> <span class='ocrx_word' id='word_1_254' title='bbox 225 3269 281 3327; x_wconf 86' lang='lat' dir='ltr'>est.</span> 
     </span>
    </p>
   </div>
   <div class='ocr_carea' id='block_1_5' title="bbox 155 3371 1082 3791">
    <p class='ocr_par' dir='ltr' id='par_1_5' title="bbox 155 3371 1082 3791">
     <span class='ocr_line' id='line_1_37' title="bbox 239 3371 1082 3452; baseline -0.007 -11"><span class='ocrx_word' id='word_1_255' title='bbox 239 3377 304 3441; x_wconf 90' lang='lat' dir='ltr'>Iam</span> <span class='ocrx_word' id='word_1_256' title='bbox 335 3381 360 3439; x_wconf 88' lang='lat' dir='ltr'>si</span> <span class='ocrx_word' id='word_1_257' title='bbox 391 3386 422 3438; x_wconf 90' lang='lat' dir='ltr'>et</span> <span class='ocrx_word' id='word_1_258' title='bbox 448 3377 506 3439; x_wconf 87' lang='lat' dir='ltr'>tria</span> <span class='ocrx_word' id='word_1_259' title='bbox 534 3377 587 3438; x_wconf 88' lang='lat' dir='ltr'>iila</span> <span class='ocrx_word' id='word_1_260' title='bbox 619 3376 719 3439; x_wconf 87' lang='lat' dir='ltr'>electa</span> <span class='ocrx_word' id='word_1_261' title='bbox 768 3372 896 3436; x_wconf 82' lang='lat' dir='ltr'>consilia</span> <span class='ocrx_word' id='word_1_262' title='bbox 919 3371 1082 3452; x_wconf 88' lang='lat' dir='ltr'>diiudices,</span> 
     </span>
     <span class='ocr_line' id='line_1_38' title="bbox 157 3457 1080 3543; baseline -0.003 -21"><span class='ocrx_word' id='word_1_263' title='bbox 157 3462 272 3525; x_wconf 86' lang='lat' dir='ltr'>videbis</span> <span class='ocrx_word' id='word_1_264' title='bbox 307 3462 512 3523; x_wconf 88' lang='lat' dir='ltr'>obedientiam</span> <span class='ocrx_word' id='word_1_265' title='bbox 543 3467 574 3521; x_wconf 91' lang='lat' dir='ltr'>et</span> <span class='ocrx_word' id='word_1_266' title='bbox 604 3467 816 3543; x_wconf 88' lang='lat' dir='ltr'>paupertatem</span> <span class='ocrx_word' id='word_1_267' title='bbox 853 3476 958 3518; x_wconf 89' lang='lat' dir='ltr'>eorum</span> <span class='ocrx_word' id='word_1_268' title='bbox 993 3457 1080 3519; x_wconf 89' lang='lat' dir='ltr'>nullo</span> 
     </span>
     <span class='ocr_line' id='line_1_39' title="bbox 157 3539 1080 3626; baseline -0.007 -19"><span class='ocrx_word' id='word_1_269' title='bbox 157 3545 250 3608; x_wconf 89' lang='lat' dir='ltr'>modo</span> <span class='ocrx_word' id='word_1_270' title='bbox 281 3565 360 3626; x_wconf 91' lang='lat' dir='ltr'>esse,</span> <span class='ocrx_word' id='word_1_271' title='bbox 391 3564 466 3625; x_wconf 86' lang='lat' dir='ltr'>ques</span> <span class='ocrx_word' id='word_1_272' title='bbox 500 3544 629 3606; x_wconf 86' lang='lat' dir='ltr'>consilia</span> <span class='ocrx_word' id='word_1_273' title='bbox 658 3544 781 3605; x_wconf 90' lang='lat' dir='ltr'>dictant.</span> <span class='ocrx_word' id='word_1_274' title='bbox 826 3539 962 3602; x_wconf 84' lang='lat' dir='ltr'>Consilia</span> <span class='ocrx_word' id='word_1_275' title='bbox 994 3541 1080 3602; x_wconf 90' lang='lat' dir='ltr'>enim</span> 
     </span>
     <span class='ocr_line' id='line_1_40' title="bbox 156 3623 1081 3710; baseline -0.008 -20"><span class='ocrx_word' id='word_1_276' title='bbox 156 3629 278 3710; x_wconf 90' lang='lat' dir='ltr'>docent,</span> <span class='ocrx_word' id='word_1_277' title='bbox 302 3629 441 3689; x_wconf 89' lang='lat' dir='ltr'>omnibns</span> <span class='ocrx_word' id='word_1_278' title='bbox 475 3629 564 3690; x_wconf 91' lang='lat' dir='ltr'>subdi</span> <span class='ocrx_word' id='word_1_279' title='bbox 590 3635 621 3688; x_wconf 93' lang='lat' dir='ltr'>et</span> <span class='ocrx_word' id='word_1_280' title='bbox 648 3628 822 3708; x_wconf 88' lang='lat' dir='ltr'>superiores</span> <span class='ocrx_word' id='word_1_281' title='bbox 844 3624 975 3684; x_wconf 86' lang='lat' dir='ltr'>invicem</span> <span class='ocrx_word' id='word_1_282' title='bbox 997 3623 1081 3684; x_wconf 87' lang='lat' dir='ltr'>erbi-</span> 
     </span>
     <span class='ocr_line' id='line_1_41' title="bbox 155 3708 1078 3791; baseline -0.01 -15"><span class='ocrx_word' id='word_1_283' title='bbox 155 3714 235 3777; x_wconf 86' lang='lat' dir='ltr'>trari.</span> <span class='ocrx_word' id='word_1_284' title='bbox 279 3712 320 3773; x_wconf 85' lang='lat' dir='ltr'>At</span> <span class='ocrx_word' id='word_1_285' title='bbox 343 3721 445 3774; x_wconf 88' lang='lat' dir='ltr'>votum</span> <span class='ocrx_word' id='word_1_286' title='bbox 459 3711 654 3775; x_wconf 89' lang='lat' dir='ltr'>obedieutiae</span> <span class='ocrx_word' id='word_1_287' title='bbox 671 3724 777 3773; x_wconf 88' lang='lat' dir='ltr'>eorum</span> <span class='ocrx_word' id='word_1_288' title='bbox 792 3708 899 3769; x_wconf 84' lang='lat' dir='ltr'>eximit</span> <span class='ocrx_word' id='word_1_289' title='bbox 922 3726 976 3769; x_wconf 88' lang='lat' dir='ltr'>eos</span> <span class='ocrx_word' id='word_1_290' title='bbox 991 3724 1078 3791; x_wconf 90' lang='lat' dir='ltr'>pror·</span> 
     </span>
    </p>
   </div>
   <div class='ocr_carea' id='block_1_6' title="bbox 787 3995 802 4028">
    <p class='ocr_par' dir='ltr' id='par_1_6' title="bbox 787 3995 802 4028">
     <span class='ocr_line' id='line_1_42' title="bbox 787 3995 802 4028; baseline 0 0"><span class='ocrx_word' id='word_1_291' title='bbox 787 3995 802 4028; x_wconf 61' lang='lat' dir='ltr'>b</span> 
     </span>
    </p>
   </div>
   <div class='ocr_carea' id='block_1_7' title="bbox 0 0 1200 4170">
    <p class='ocr_par' dir='ltr' id='par_1_7' title="bbox 0 0 1200 4170">
     <span class='ocr_line' id='line_1_43' title="bbox 0 0 1200 4170; baseline 0 2"><span class='ocrx_word' id='word_1_292' title='bbox 0 0 1200 4170; x_wconf 95' lang='lat' dir='ltr'> </span> 
     </span>
    </p>
   </div>
  </div>
 </body>
</html>
