2392 4170
95 231 97 236 ’
130 233 199 314 498
423 249 583 303 Coatatmio
601 249 774 305 bethoricas

132 404 192 484 tis,
224 402 278 463 sad
301 401 393 483 fides,
423 421 502 482 quaa
530 424 564 464 se
592 404 648 465 sub
679 405 744 466 alas
773 404 884 466 Christi
906 403 1058 464 recondat

133 494 163 546 et
183 488 216 545 in
238 485 318 546 illius
340 486 454 547 iustitia
475 487 639 567 glorietur,
673 495 704 547 et
724 490 847 548 iterum:
882 487 939 547 Per
960 501 1054 567 quem

134 568 285 629 babemus
306 587 465 630 accessum
489 569 527 631 ad
545 571 644 631 Deum
673 591 729 650 per
755 571 847 630 iidem
869 572 1054 650 ingratiam

134 653 233 713 istam.
277 652 388 714 lterum
422 652 515 713 fidem
546 654 717 733 dedocet,
754 662 788 713 ut
818 673 887 714 sam
909 652 965 713 sub
988 653 1055 714 elas

133 734 243 795 Christi
266 737 423 815 proiiciat,
445 744 477 796 et
499 736 618 799 coloss.
642 741 673 798 1:
708 737 749 796 Et
769 755 824 816 per
845 755 914 796 eum
937 737 1055 816 placuit
1082 751 1089 759 ·

132 818 322 879 reconciliari
356 820 461 880 omnia
496 820 525 878 in
560 822 671 900 ipsum.
714 819 796 879 Ecce
829 838 883 899 per
916 836 991 880 sam
1023 822 1053 880 in

132 901 241 982 ipsum.
285 901 324 961 Et
345 901 439 963 ultra:
475 902 645 963 Pacificaas
673 921 729 982 per
750 903 932 982 sanguinem
954 905 1054 965 eruatis

132 985 214 1062 eius,
235 985 423 1064 peripsum.
466 984 547 1045 llaec
578 1005 633 1066 per
654 986 834 1065 sanguinem
858 987 960 1046 crocis
978 987 1055 1061 alus,

134 1086 189 1147 per
209 1067 319 1147 ipsum.
363 1066 443 1143 Quid
482 1070 548 1129 istis
571 1067 635 1127 vult
657 1068 843 1147 Apostolus,
876 1069 935 1131 cisi
970 1067 1054 1152 quod

132 1169 195 1211 nou
218 1151 293 1211 satis
315 1157 363 1212 est
383 1151 435 1210 illa
457 1150 533 1210 fides
556 1170 637 1231 vaga
658 1151 881 1230 Sophistaram,
903 1167 1054 1231 quassa

134 1241 227 1313 capto
250 1233 332 1295 dono
356 1242 479 1314 putatur
511 1234 654 1314 operari?
690 1233 750 1295 Sed
773 1253 810 1293 ea
832 1234 954 1295 demum
977 1232 1055 1296 uta

132 1324 195 1395 est,
234 1335 313 1396 quas
336 1323 367 1376 te
387 1317 582 1398 pallustrum,
615 1317 766 1378 Christum
799 1318 943 1396 gallinam
972 1316 1057 1397 iacit,

135 1406 169 1459 ut
189 1398 245 1459 sub
268 1400 377 1479 pennis
410 1401 475 1459 eius
497 1419 613 1480 speres.
656 1400 734 1460 llam
772 1400 857 1460 salus
892 1401 923 1460 in
946 1403 1056 1483 pennis

134 1483 214 1559 eius,
237 1483 279 1543 ait
301 1481 487 1560 llalucbias,
513 1492 546 1543 ut
568 1484 686 1543 scilicet
707 1501 769 1544 nou
791 1485 822 1543 in
844 1481 905 1544 lide
926 1492 1056 1565 accepta

133 1567 248 1644 nitaris,
269 1564 331 1626 hoc
352 1573 399 1625 eat
420 1568 501 1626 enim
515 1565 668 1642 fornicari,
690 1565 744 1626 sed
767 1565 858 1626 fldem
873 1585 942 1627 esse
964 1569 1057 1645 scita,

134 1651 160 1708 si
183 1650 211 1709 ei
234 1647 428 1727 adhaeseris,
451 1649 489 1710 de
511 1650 579 1729 ipso
602 1650 859 1730 praesumpseris,
894 1649 980 1730 quod
1000 1651 1055 1711 tibi

133 1738 259 1792 sauctus
280 1733 439 1811 iustusque
471 1734 519 1793 sit.
564 1731 646 1792 Ecce
668 1731 746 1792 baec
774 1730 852 1792 fides
872 1739 918 1792 est
941 1732 1055 1794 donam

134 1814 208 1895 Dei,
237 1833 317 1894 quae
339 1817 469 1894 gratiam
493 1815 551 1875 Dei
572 1815 663 1874 nobie
683 1814 818 1892 obtinet,
842 1825 872 1874 st
893 1823 1056 1896 paccatum

133 1896 210 1959 illud
225 1904 391 1978 expurgat,
412 1905 442 1958 et
463 1899 567 1958 salvos
580 1907 742 1977 certosque
754 1899 837 1977 tacit,
860 1916 925 1958 nou
934 1901 1057 1974 uostris,

134 1980 188 2041 sed
212 1979 324 2041 Christi
347 1979 505 2061 operibus,
529 1989 561 2041 ut
584 1980 751 2041 subsistere
771 1988 803 2042 et
823 1984 1057 2062 parmanensis

133 2069 291 2124 aeternum
314 2065 479 2143 possimus,
502 2064 741 2144 sicutscriptum
762 2073 825 2125 aet:
848 2065 969 2127 lustitia
990 2067 1055 2127 aias

134 2154 237 2206 menet
256 2147 289 2205 iu
311 2146 447 2206 seculum
471 2147 575 2207 seculi.

216 2228 309 2288 Dices
331 2235 449 2289 autem:
480 2230 632 2290 Videmiai
654 2230 738 2290 verbi
761 2233 973 2292 controversia
995 2239 1055 2294 tor·

134 2313 233 2390 queri,
253 2311 377 2391 quando
400 2315 429 2372 iu
451 2332 571 2374 summa
593 2315 775 2390 convenitis,
798 2317 895 2375 neutri
918 2334 1054 2378 asseran-

134 2402 198 2473 tes,
231 2393 404 2456 damnabile
427 2416 495 2457 esse
517 2397 590 2457 illud
621 2396 769 2475 reliquum
792 2396 953 2477 baptismi,
990 2400 1054 2459 sira

134 2484 294 2559 peccatum
318 2480 366 2556 sit,
388 2481 453 2540 sive
474 2499 587 2560 poena.
620 2479 818 2559 Respondes,
840 2480 879 2540 de
900 2479 1054 2544 flns'cou·

134 2560 313 2638 cardamus,
342 2581 410 2622 esse
433 2564 549 2623 scilicet
571 2564 747 2642 innoxium,
780 2563 833 2623 sed
858 2582 1054 2644 nequaqnam

136 2644 175 2706 ds
197 2663 292 2724 eausa
313 2647 390 2726 ipsa.
435 2646 511 2707 Nam
535 2649 593 2726 ipsi
631 2654 760 2706 naturae
781 2645 933 2726 tribuunt,
971 2648 1054 2728 quad

134 2729 252 2809 gratiae
273 2729 331 2789 Dei
352 2736 419 2803 est,
451 2729 533 2808 quod
564 2729 720 2790 serendum
751 2747 812 2790 uon
836 2739 890 2791 est
936 2730 1054 2792 Deinde

134 2829 260 2874 securos
281 2812 398 2873 faciunt
419 2811 578 2887 homines,
610 2831 648 2872 ne
682 2821 842 2891 peccatum
873 2824 1053 2895 expurgent.

134 2894 273 2957 Miuuunt
294 2895 385 2956 etism
409 2897 544 2976 mysterii
567 2894 677 2955 Christi
700 2897 852 2974 notitiam,
873 2915 929 2976 per
950 2897 1012 2958 hoe
1025 2907 1055 2958 et

134 2977 255 3038 laudem
279 2983 309 3037 et
332 2997 468 3038 amorem
486 2979 559 3053 Dei,
592 2978 663 3038 dum
703 2998 764 3039 non
795 2978 994 3040 considerant
1016 2981 1077 3041 el·-

133 3061 309 3123 iuaiseimae-
334 3064 450 3141 gratiae
474 3061 640 3123 bonitatem
674 3081 766 3142 super
799 3073 980 3142 paccmores
1005 3083 1055 3125 ex·

91 3152 102 3168 '
135 3163 279 3225 pansam,
302 3144 355 3205 sed
379 3147 575 3205 innocentem
598 3152 738 3205 naturam
760 3146 892 3224 faciunt,
914 3155 1008 3227 atque
1030 3149 1055 3207 si

134 3227 208 3287 nibil
232 3226 314 3288 aliud
337 3229 489 3306 obstaret,
513 3230 579 3289 siue
601 3227 763 3308 Scripturis
786 3228 967 3307 loquuntur,
992 3236 1056 3290 tn

135 3308 310 3390 Scripturas
331 3311 534 3372 sinceritatem
557 3314 623 3372 sine
645 3330 740 3372 causa
755 3313 895 3391 perdunt,
917 3322 950 3373 et
970 3314 1055 3375 intel

136 3393 291 3472 ligantiam
316 3412 414 3455 rerum
429 3395 605 3456 obscurant.
649 3392 717 3469 Quo
740 3394 783 3474 fit,
807 3406 837 3455 ut
861 3398 1054 3458 amissasim·

135 3475 270 3555 plicitatc
291 3496 348 3538 sua
369 3477 546 3538 scandalum
570 3477 633 3555 fiat,
656 3478 740 3557 quod
758 3497 814 3538 uos
837 3479 877 3539 ab
898 3481 967 3559 ipsa
989 3480 1052 3540 lon-

134 3559 202 3639 g'ms
225 3559 334 3640 ducat,
365 3561 445 3620 sicut
472 3563 616 3642 contigit,
652 3580 720 3620 cum
754 3560 853 3641 primo
877 3563 1056 3623 admisimus

134 3641 291 3704 hominum
314 3642 435 3724 glossas
458 3650 604 3723 tanquam
626 3647 693 3724 pias
718 3651 748 3705 et
763 3644 938 3726 lucidiores,
962 3664 1053 3727 quam

135 3727 174 3790 sit
195 3725 367 3808 Scriptura,
405 3726 526 3789 tandem
551 3735 582 3788 et
603 3727 691 3788 buius
714 3728 837 3811 glossae
860 3727 952 3792 aliam
974 3731 1055 3812 glos·
