2392 4170
170 206 235 281 202
520 215 564 273 na
584 214 750 286 magns.

168 384 274 449 Poena
296 402 379 447 mors
401 392 538 448 aeterna.
726 383 1088 527 Poenaefixcommnnioa·

168 552 288 612 Merces
310 550 412 630 gloria
432 560 566 613 aeterna.
735 478 851 612 Meppffl
869 476 933 647 {tab
965 558 996 611 et
1018 568 1097 630 opes

167 716 294 778 Ministri
305 717 534 797 praedicatores
542 718 640 778 Evan-
735 637 1006 780 mpiipprtidlbme
1027 715 1096 777 bul·

210 799 293 880 gelii.
783 803 891 864 larum.

168 880 253 947 Usus
275 903 350 945 crux
372 883 463 947 laeta.
737 887 818 947 Usus
857 886 939 947 mala
973 883 1096 945 consm-

785 970 876 1030 eoba.

251 1133 346 1196 Vides
368 1155 409 1196 ex
430 1136 619 1215 praedictis,
643 1137 761 1215 lector,
784 1156 833 1196 me
855 1132 928 1194 nibil
951 1132 1020 1193 falsi
1047 1131 1093 1191 di·

167 1236 238 1279 cere
260 1218 299 1279 de
331 1221 482 1300 papistico
505 1228 536 1280 et
557 1220 730 1280 sacerdotio
754 1227 785 1279 et
807 1218 1016 1297 legislatione,
1049 1220 1096 1275 at·

78 1336 84 1349 ,
169 1303 275 1382 qussi
298 1301 376 1362 haec
396 1323 458 1363 non
483 1304 682 1381 satisfaciunt,
705 1303 801 1364 offero
816 1322 866 1361 me
877 1308 1018 1382 paratum
1040 1297 1095 1358 ad·

169 1384 229 1445 huc
260 1385 398 1465 pluribus
435 1389 620 1446 convincere
658 1406 712 1447 eoa
747 1407 787 1446 ex
821 1385 951 1465 propriis
984 1401 1094 1443 eornm

167 1469 290 1548 scriptis
327 1489 396 1531 esse
427 1470 531 1537 tales.
568 1471 675 1548 quales
710 1471 772 1528 iam
811 1468 934 1550 publice
967 1484 1095 1526 accuso.

167 1550 251 1612 Scito
290 1571 364 1632 ergo
395 1553 511 1633 Papam
543 1573 613 1613 esse
640 1562 818 1632 germanum
848 1551 933 1611 illum
964 1554 996 1609 et
1029 1556 1097 1613 loia

168 1634 323 1715 Scriptura
345 1636 558 1717 prophetatum
582 1637 811 1713 Antichristum,
831 1632 1095 1695 abominationem

168 1718 304 1778 nltimam
319 1720 433 1797 mundi,
456 1740 546 1798 quem
568 1722 628 1780 iam
653 1722 755 1800 coepit
771 1719 908 1780 Christus
920 1713 1096 1775 interficere

168 1798 275 1882 spiritu
297 1804 359 1862 oris
392 1805 449 1882 sui,
473 1802 669 1882 destruetque
691 1801 870 1882 propediem
891 1799 1097 1859 illustratione

167 1885 316 1946 adventus
345 1888 407 1964 sui,
430 1905 521 1966 quem
549 1888 716 1946 certissime
744 1892 961 1965 exspectamus
989 1889 1020 1942 et
1042 1899 1099 1941 vo-

170 1986 286 2029 camus.

251 2051 290 2111 Et
312 2071 366 2111 cur
387 2070 448 2111 non
472 2052 630 2113 recreandi
661 2054 784 2132 spiritus
807 2052 905 2128 grstia
927 2048 1020 2108 etiam
1046 2065 1096 2105 sa·

168 2153 220 2194 cra
240 2133 388 2214 allegoria
422 2135 525 2215 aliqua
555 2136 695 2195 ludamus
724 2137 753 2195 in
777 2137 866 2194 istam
890 2130 1097 2192 abominatio·

169 2236 248 2296 nem,
274 2229 489 2297 comparantes
514 2220 712 2299 Synagogam
736 2215 906 2278 ecclcsiae?

396 2399 600 2481 Allegoria
625 2400 869 2480 Synagogae.

251 2549 348 2609 Fuere
369 2551 399 2610 in
423 2549 600 2630 synagoga,
623 2571 702 2630 quac
725 2551 874 2629 insignius
889 2544 1095 2623 celebrantur,

168 2633 267 2713 primo
291 2642 428 2692 sanctum
451 2633 524 2692 illud
548 2642 579 2694 et
600 2636 767 2712 legitimum
791 2654 809 2690 a
831 2633 896 2690 Deo
919 2629 1092 2687 institutum

168 2715 372 2777 sacerdotium
404 2718 527 2795 Aaron3
558 2717 669 2778 deinde
692 2716 896 2776 sacerdotium
921 2711 1094 2787 Bethaven,

169 2800 332 2860 vitulorum
356 2819 538 2876 aureorum,
566 2809 700 2860 erectum
734 2819 787 2878 per
816 2796 1025 2866 Hieroboam3
1054 2792 1092 2852 ad

169 2882 247 2942 haec
268 2883 443 2943 sacerdotia
470 2884 681 2962 excelsorum3
714 2884 835 2960 insigne
867 2881 959 2939 etiarn
991 2895 1093 2935 sacer·

169 2964 284 3026 dotium
315 2966 389 3025 Baal
411 2985 466 3045 per
489 2967 595 3026 Achab
616 2969 804 3042 institutum,
827 2964 932 3023 ultimo
955 2960 1094 3019 omnium

169 3050 372 3126 teterrimum,
396 3049 494 3108 cultus
521 3048 596 3109 idoli
620 3049 753 3110 Moloch.
796 3048 877 3107 Inter
905 3063 984 3122 quac
1012 3041 1094 3100 vide·

169 3150 235 3191 mus
258 3133 416 3192 mitissime
429 3134 564 3192 omnium
588 3135 673 3212 argui
694 3131 868 3191 sacerdotia
889 3126 1095 3199 excelsorum,

168 3216 318 3274 acerrime
340 3234 413 3275 vero
438 3216 641 3275 sacerdotium
666 3216 738 3275 Baal
762 3222 790 3273 ct
812 3212 927 3272 idolum
955 3207 1092 3270 Molocb.

168 3296 263 3356 Erant
285 3305 443 3376 praetcrea
465 3299 652 3358 diversorum
681 3298 835 3358 idolorum
864 3294 968 3352 variae
997 3290 1095 3350 idola-

170 3381 256 3458 triae,
281 3387 315 3439 ut
332 3381 537 3461 Beelphegor,
553 3385 674 3442 Asterte
697 3381 774 3440 deae
790 3378 997 3452 Sidoniorum,
1021 3375 1095 3433 item

168 3461 319 3522 idolorum
344 3464 476 3524 Ammon
501 3471 532 3524 et
553 3466 664 3541 Moab,
688 3464 742 3524 sed
770 3483 831 3522 non
861 3463 902 3520 ita
932 3458 1095 3518 diuturnae

168 3552 200 3606 at
223 3546 373 3626 vulgares.
434 3545 531 3628 Igitur
563 3549 744 3609 sacerdotes·
771 3565 862 3606 veros
901 3559 1009 3602 omnes
1043 3540 1096 3619 pie

169 3627 360 3690 Christianos
381 3630 562 3690 arbitramur
583 3631 612 3692 id
635 3651 704 3692 csse
725 3632 756 3691 in
774 3628 916 3703 ecclesia,
938 3621 1023 3704 quod
1044 3641 1093 3682 sa·

170 3711 313 3774 cerdotas
325 3711 449 3775 Levitici
463 3721 550 3775 erant
569 3716 599 3775 in
623 3714 806 3797 Synagoga3
827 3707 1004 3772 sacerdotes
1020 3723 1094 3767 vero
