2392 4170
142 244 205 313 tw
417 250 574 319 annnam>
600 250 631 306 u.
650 251 730 304 ιιιιι
751 249 862 304 ratum

143 402 258 483 miquid
279 404 309 463 in
331 403 512 484 ipsalacero
529 402 672 480 habeam,
694 423 785 484 quam
801 411 989 485 exspectare
1001 422 1071 469 eur

146 488 283 566 tantiam,
305 505 400 566 quam
416 494 448 547 ot
469 505 567 565 usquc
593 487 686 549 hodie
712 496 870 568 exspecto.
914 486 1072 553 hittoni

141 588 199 631 aar
221 578 339 649 tamen,
367 583 400 631 ut
419 569 528 647 audio,
552 571 677 631 elidem
701 571 986 639 &recentissimus
1011 569 1071 639 Dos

142 652 398 730 minue'l'homas,
419 655 516 715 nancti
538 652 809 732 sinucodano,
832 653 989 719 eeribitad
1005 652 1070 721 itta·

141 737 321 797 strissimum
344 738 512 817 prinoipem
536 736 740 814 Frider‘icuor,
762 739 792 803 in
819 738 966 806 &mene
985 738 1071 805 curiit

141 819 267 900 procedi
289 828 397 881 contm
409 839 468 898 me,
492 827 523 881 et
536 822 719 885 auctoritato
734 822 870 885 eiusdem
881 818 1070 887 sanctissimi

141 903 266 969 Domini
288 904 386 963 nostri
408 911 465 966 etc.
487 902 605 967 iudiocs
632 911 813 984 praetentus
842 923 968 971 musam
1000 920 1068 983 ptos

144 988 231 1066 sequi
252 988 283 1046 in
306 986 534 1049 damnationem
558 1006 668 1066 meam,
684 987 952 1057 nonatundsntes
968 1004 1068 1055 meent

142 1069 264 1130 fidelem
289 1077 320 1129 st
339 1070 641 1150 superabundantem
663 1071 882 1149 obedientiam,
905 1088 966 1149 qua
983 1076 1070 1139 tanta

142 1152 318 1213 difficultate
339 1154 499 1234 comparui
514 1155 682 1233 Augustae,
706 1173 764 1217 nec
783 1161 925 1224 curantes
938 1152 1067 1221 oblano

139 1255 210 1296 nem
234 1256 333 1297 meam
356 1237 619 1315 honestirsimam‚
648 1255 710 1316 que
745 1257 794 1305 ute
825 1235 865 1307 nd
892 1238 1091 1316 responden,

140 1339 210 1379 uem
233 1319 387 1400 publicam
409 1327 440 1383 et
460 1323 609 1401 priuatam
632 1321 746 1400 obtuli3
780 1321 913 1399 deniquo
932 1326 1067 1389 witlam*

141 1412 248 1464 nentes
271 1422 361 1465 ovem
381 1402 494 1467 Christi
514 1412 668 1484 petentem
687 1404 840 1473 humiliter
862 1404 967 1475 deceni
989 1403 1067 1473 vari-

139 1496 232 1547 totom
256 1494 287 1547 et
299 1487 405 1549 reduci
418 1486 457 1551 ab
479 1506 598 1564 encre,
616 1485 1063 1569 aedsinnplicitsrpeoaudlte.

138 1588 198 1630 nec
216 1570 336 1631 reddita
356 1572 592 1648 retinuerimus
612 1578 715 1639 autom
739 1569 899 1651 tyrannide
922 1577 953 1628 et
972 1568 1066 1649 pleni·

139 1653 244 1723 tudine
264 1654 425 1733 potestatis
447 1673 556 1735 urgere
579 1654 617 1715 nd
639 1655 869 1725 revocationem
883 1652 1064 1731 sententiae,

139 1755 229 1817 quam
253 1756 293 1799 ex
315 1738 504 1799 conscicntia
527 1738 716 1799 verissimam
738 1737 858 1815 iudico,
888 1743 920 1811 st
941 1734 979 1797 ad
1012 1735 1065 1809 nh·

138 1819 312 1900 negandam
336 1819 427 1881 tidem
442 1820 553 1883 Christi
576 1829 606 1881 et
621 1840 723 1883 veram
738 1821 951 1900 ,apertissimae
963 1817 1063 1899 Scrip-

139 1912 224 1964 turae
246 1903 478 1983 intelligentiam
505 1909 670 1989 (qnantum
700 1923 769 1963 mea
792 1904 874 1982 capit
902 1903 1062 1975 conscien-

139 1988 198 2065 tia)
228 1987 376 2047 seducere
404 1986 559 2063 volentem
602 2006 671 2049 oum
704 1994 840 2066 potestas
870 1985 974 2065 Papae
1000 2004 1064 2047 nou

139 2079 256 2148 contro,
278 2088 337 2131 nec
357 2089 460 2148 supra,
476 2069 530 2131 sed
553 2088 609 2150 pro
632 2080 662 2133 et
683 2069 760 2135 infre
775 2069 952 2148 scripturae
973 2076 1063 2135 etve-

137 2155 234 2214 ritatis
257 2153 447 2215 maiestatem
469 2153 518 2229 sit,
540 2172 598 2213 nec
620 2159 804 2233 potestatem
827 2153 911 2231 Papo
928 2169 1063 2231 -ueceper

137 2238 177 2296 rit
198 2254 272 2296 oves
295 2234 452 2316 perdendi,
475 2238 505 2295 in
530 2236 669 2315 luporum
694 2237 796 2305 lennes
820 2234 1017 2314 preficiendi,
1031 2242 1063 2307 ,st

138 2321 168 2379 in
180 2318 311 2379 'errores
323 2337 525 2398 errorumque
544 2321 707 2398 magistros
721 2312 870 2396 tradendi,
892 2317 946 2379 sed
961 2317 1000 2378 ed
1014 2337 1063 2379 ve·

137 2403 256 2463 ritatem
267 2403 364 2474 (sicut
373 2410 529 2481 pastorem
538 2410 569 2465 et
579 2404 768 2483 episcopum,
781 2404 924 2469 vicarium
942 2400 1062 2479 curisti.

139 2485 246 2559 decet)
272 2485 447 2548 revocandi.
471 2486 518 2551 Ex
540 2486 650 2567 quibus
673 2506 722 2547 mc
741 2487 868 2561 laetum.
889 2493 1061 2562 eraverun-

137 2587 198 2648 que
220 2570 366 2647 sentiens,
388 2587 456 2629 cum
475 2569 528 2631 tali
544 2569 689 2631 violentia
706 2571 826 2633 rideam
837 2568 969 2629 futurum
982 2587 1060 2645 esso,

137 2662 169 2711 ut
188 2651 290 2713 nullus
313 2654 403 2713 etiam
423 2653 525 2732 ipsum
538 2651 689 2715 Christum
704 2653 816 2715 audeat
827 2650 976 2730 confiteri,
1001 2668 1058 2713 neo

137 2733 309 2816 Scripturas
331 2754 435 2797 sacras
450 2737 481 2795 in
503 2737 636 2799 ecclesia
656 2756 713 2797 sua
726 2736 849 2816 proprie
860 2732 1007 2814 profiteri,
1018 2742 1059 2797 at·

136 2836 197 2898 que
221 2821 264 2879 ita
286 2838 335 2881 me
358 2837 480 2898 quoque
502 2839 520 2881 a
542 2839 624 2896 vera,
646 2838 721 2883 saon
744 2819 978 2896 Christianaque
1000 2816 1059 2879 lide

135 2909 167 2963 et
188 2903 389 2983 intelligentia
405 2904 435 2963 in
459 2922 555 2965 venas
577 2911 609 2963 et
631 2902 794 2965 mendaces
815 2902 974 2975 hominurn
994 2901 1057 2983 opi·

134 2986 243 3047 niones
266 2986 415 3047 violenter
441 2985 594 3065 protrudi,
623 2993 654 3047 et
685 2986 714 3047 in
740 2985 929 3051 seductorias
951 2983 1057 3063 populi

135 3067 298 3130 Christiani
318 3068 438 3129 fabulas
460 3070 574 3148 urgeri:
597 3068 712 3131 idcirco
734 3089 752 3133 a
771 3067 908 3149 praelato
929 3066 1057 3129 sanctis·

133 3153 213 3213 aimo
237 3152 368 3215 Domino
391 3159 496 3215 nostro
518 3151 622 3213 Leone
644 3171 704 3215 non
726 3162 810 3215 recte
834 3151 987 3229 consulto,
1009 3169 1056 3211 su·

133 3254 251 3316 praqus
274 3235 361 3297 dictio
391 3237 561 3316 praetensis
591 3237 808 3307 commissione
835 3244 867 3297 et
893 3233 1055 3313 iudicibus,

134 3325 292 3381 eteorum
314 3321 460 3382 citatione
481 3338 519 3381 ac
540 3339 697 3399 processu,
719 3329 750 3379 et
765 3318 906 3387 omnibus
928 3317 1055 3389 indese·

131 3405 211 3465 natis
233 3412 264 3464 et
284 3405 434 3465 secuturis
455 3410 486 3465 ct
508 3403 644 3482 quolibet
666 3404 813 3482 ipsorum,
835 3420 873 3461 ao
893 3421 913 3460 a
930 3400 1055 3481 quibua·

133 3486 179 3546 vis
190 3487 520 3564 excommunicatione,
542 3488 755 3567 suspensione,
780 3492 811 3545 et
821 3483 973 3555 interdicti
987 3504 1054 3547 aea·

131 3572 252 3650 tentiis,
274 3571 426 3650 censuris,
443 3571 552 3649 poeuis
568 3580 599 3633 et
621 3569 757 3643 mulctis,
780 3578 873 3649 atque
894 3568 962 3639 eliis
991 3560 1054 3648 qul·

131 3652 313 3733 innocuoque
339 3653 625 3716 denunciationibus
654 3659 685 3713 et
712 3651 971 3723 declarationibus
1003 3656 1054 3727 (nt

129 3733 353 3820 praetendunt)
376 3736 512 3805 haeresis
533 3743 564 3798 et
585 3736 762 3817 aposteainn
782 3754 837 3816 per
864 3753 919 3807 etit
941 3733 992 3805 vel
1011 3732 1054 3811 nl·
