2392 4170
170 246 234 314 368
463 247 505 306 Dc
524 248 597 306 votis
614 247 776 307 monmticis

169 425 284 484 sentias
309 423 371 499 uri,
398 423 459 482 ianr
484 429 587 483 votum
617 424 689 484 nihil
713 431 774 498 est,
803 442 994 505 securusque
1019 421 1094 484 iliud

171 505 258 567 Pauli
271 503 308 590 *)
332 507 489 584 sequaris:
512 506 543 567 si
567 526 628 568 non
645 509 813 587 continent,
834 509 969 587 nubant3
989 516 1023 568 et
1038 509 1095 568 ite-

171 608 253 651 rum:
284 588 391 649 Metius
413 597 461 651 est
484 590 600 651 nubere
617 608 707 670 quam
730 593 786 652 uri.
831 593 964 652 Annon
987 588 1094 651 ludaei

172 681 233 735 tam
256 672 353 752 rigide
377 682 526 733 voverant
557 674 655 753 tegern
680 672 799 734 sabbati
822 683 852 734 et
873 677 962 754 panis
985 675 1094 751 sancti,

171 773 262 837 quam
285 766 316 816 tu
339 756 536 816 castitatem?
573 755 703 818 Prorsus
733 757 806 817 nihii
831 767 878 817 est
899 757 1094 818 discriminis.

171 837 285 901 Secure
305 840 406 920 arguis
429 841 489 900 isto
513 851 694 921 argumento
717 839 842 904 Christi:
866 841 968 901 iudaei
993 841 1094 901 eoire-

171 933 241 984 runt
263 921 381 983 sabbati
405 930 435 982 et
457 925 545 1003 panis
567 927 665 986 sancti
688 924 804 1005 legem,
834 925 1020 986 necessitate
1042 943 1095 984 ex-

172 1007 305 1086 cipiente
328 1011 359 1066 et
380 1007 615 1087 interpretante3
638 1017 669 1067 et
691 1026 750 1088 ego
774 1006 891 1068 solvam
915 1007 1016 1088 legem
1041 1029 1093 1067 vn·

172 1096 222 1150 tae
243 1091 391 1164 castitatis
415 1091 532 1151 maiore
548 1093 732 1152 necessitate
751 1098 784 1150 et
799 1091 934 1171 periculo
948 1091 1095 1152 animae?

171 1172 241 1234 lton
258 1176 374 1252 timere,
397 1174 534 1234 Christus
554 1183 616 1234 tete
632 1194 694 1236 non
712 1174 807 1254 saliet,
830 1193 891 1234 non
915 1176 997 1234 euim
1021 1193 1094 1235 vere

171 1257 279 1332 solvis,
303 1256 355 1316 sed
381 1276 488 1318 sanum
511 1257 699 1319 intellectum
724 1259 786 1318 voti
809 1257 1027 1338 apprehendis.
1047 1293 1049 1296 <

254 1341 344 1400 Dicet
364 1341 414 1401 hic
436 1342 545 1421 aliquis
567 1361 745 1421 perversus:
777 1340 891 1401 Eadem
916 1344 1038 1402 ratione
1062 1341 1092 1401 ti-

170 1424 253 1487 eebit
275 1425 445 1504 moechari,
468 1427 492 1484 si
516 1427 683 1485 necessitas
705 1425 856 1504 postulet,
884 1425 956 1484 item
982 1424 1092 1499 occidi,

169 1508 271 1587 iurari,
296 1511 330 1568 et'
347 1508 452 1568 omnia
464 1509 518 1568 Dei
542 1515 708 1588 praecepta
722 1506 851 1571 solvere.
887 1507 1091 1588 Respondent

170 1591 216 1652 itia
238 1593 405 1652 necessitas
427 1610 489 1652 nou
512 1593 594 1652 veuit
618 1610 682 1656 usu.
732 1591 810 1651 Sunt
830 1589 976 1650 mulieres
984 1638 993 1670 ,
1022 1600 1090 1652 sunt

170 1675 235 1753 viri,
259 1674 318 1735 duc
331 1693 469 1753 uxorem,
493 1675 583 1738 nube.
617 1675 679 1735 Nec
700 1683 747 1734 est
764 1673 932 1754 periculum
954 1684 1009 1734 aut
1026 1693 1090 1735 eor

170 1760 255 1839 poris
279 1764 331 1818 aut
353 1776 463 1834 rerum,
486 1759 511 1818 si
530 1760 610 1819 mitis
633 1761 675 1818 sis
693 1766 725 1818 et
745 1765 919 1836 temperans
941 1757 1017 1820 irae.
1052 1759 1091 1818 At

169 1842 258 1902 furari
282 1842 389 1901 saltem
413 1860 517 1902 casum
539 1842 653 1903 habere
676 1841 799 1920 potest?
830 1839 1037 1920 Responde0:
1060 1839 1089 1901 at

170 1926 208 1986 sit
230 1926 413 2000 necessitas,
442 1924 531 1999 licet,
558 1933 632 1987 tuuc
659 1926 739 1985 enim
767 1921 962 2004 proverbium
989 1924 1088 1985 iocum

168 2007 276 2070 habet:
299 2009 331 2069 ln
356 2010 539 2069 necessitate
561 2010 665 2069 omnia
682 2015 754 2068 sunt
772 2007 956 2069 communia.
989 2005 1088 2083 Quam

168 2093 294 2154 stultum
317 2094 407 2171 igitur
431 2101 462 2152 et
483 2093 608 2172 impium
632 2092 729 2165 fuerit,
751 2092 776 2151 si
797 2090 878 2151 tama
900 2089 1027 2165 occidas
1051 2097 1088 2165 te

169 2181 250 2236 metu
273 2175 366 2255 legis,
397 2176 445 2234 ubi
468 2178 569 2256 possis
591 2176 768 2236 alimoniam
788 2174 880 2234 furari
902 2192 942 2234 ex
966 2174 1088 2234 alterius

169 2260 268 2339 copie,
293 2266 324 2316 ut
344 2259 435 2318 vitam
462 2277 610 2336 servares,
634 2268 694 2318 tam
713 2257 823 2317 stultus
846 2276 889 2339 es,
911 2257 936 2316 si
960 2276 1087 2319 uxorem

170 2361 231 2403 non
256 2342 360 2415 ducas,
383 2341 432 2402 ubi
452 2344 556 2421 ureris,
580 2350 695 2402 etcum
714 2341 851 2421 periculo
872 2343 996 2402 animae
1018 2360 1088 2402 con·

170 2427 257 2487 tinas,
308 2424 368 2486 Sed
399 2434 431 2485 ut
459 2427 556 2506 tegern
587 2425 657 2485 turti
686 2426 893 2505 interpretaris
924 2432 998 2485 tunc
1027 2443 1086 2485 non

169 2511 303 2590 praecipi
327 2509 465 2591 infame,
486 2512 530 2568 ita
545 2510 794 2588 interpretaberis
815 2508 913 2588 legem
939 2510 1003 2569 voti
1027 2527 1086 2569 nou

169 2595 249 2674 exigi
273 2595 302 2652 in
328 2592 450 2652 tibicine
472 2599 588 2653 urente.
644 2592 893 2658 Videturautem
922 2591 983 2652 boc
1004 2590 1087 2651 Salo·
1152 2646 1156 2679 r

170 2696 240 2738 mon
264 2675 409 2738 Proverb.
433 2680 450 2741 6
480 2675 651 2752 definiisse,
681 2676 730 2736 ubi
754 2674 873 2736 ebraice
896 2676 940 2733 sic
963 2674 1002 2735 ad
1026 2694 1086 2734 ver-

169 2761 239 2821 bum
263 2758 350 2821 dicit:
381 2760 448 2820 Nou
472 2759 679 2821 condemnent
699 2759 811 2839 iurem,
834 2760 858 2817 si
881 2757 1029 2818 furabitur
1049 2756 1086 2818 ad

168 2844 346 2925 rapiendam
370 2845 513 2924 animam,
536 2845 608 2922 quia
629 2843 744 2918 esuriit,
768 2853 797 2902 et
818 2844 960 2902 inventus
982 2840 1087 2901 reddet

167 2928 351 3009 septupium,
374 2935 405 2987 et
421 2946 543 2988 omnem
563 2926 765 2987 substantiam
784 2925 894 2985 domus
906 2944 982 2985 suae
994 2923 1085 2985 dabit.

168 3010 295 3070 Adulter
317 3018 419 3070 autern
445 3011 578 3071 mulieris
599 3012 767 3070 minoratus
791 3008 884 3068 corde
907 3017 964 3087 est,
987 3017 1018 3068 et
1041 3027 1086 3068 va-

167 3093 257 3154 stabit
280 3096 412 3154 animam
439 3114 535 3154 suom.
590 3093 684 3168 Quasi
707 3093 802 3152 dicat:
838 3092 895 3151 Fur
918 3112 980 3152 non
1004 3090 1085 3153 daur·

168 3177 299 3255 nabitur,
323 3179 441 3237 etiamsi
462 3179 604 3237 inventus
627 3177 790 3236 mulctetur
812 3175 880 3255 lege
904 3175 942 3235 ab
966 3194 1015 3255 eo,
1039 3176 1086 3253 qui

167 3262 297 3320 crudetis
320 3281 388 3320 esse
404 3261 497 3338 votet,
521 3259 614 3320 modo
631 3259 746 3319 furetur
768 3260 953 3319 necessitate
973 3260 1086 3340 repleu-

166 3343 224 3404 dae
246 3345 376 3404 animae.
507 3358 509 3362 '

249 3426 350 3501 Quid?
383 3429 465 3507 quod
496 3426 626 3507 tegimus
650 3424 713 3488 tud.
737 3429 793 3500 21,
820 3425 901 3485 fitius
926 3425 1085 3487 Beniamin

165 3512 328 3571 autoritate
351 3512 444 3571 totins
463 3511 554 3571 lsrael
578 3512 715 3590 rapuisse
737 3508 815 3569 fliias
834 3508 1034 3570 Silonitarum
1057 3508 1085 3568 in

166 3594 299 3653 uxores?
323 3594 408 3673 Esto,
430 3594 482 3654 fltii
506 3593 598 3654 lsrael
621 3594 779 3674 peccarint
798 3591 941 3652 vovendo
967 3593 1015 3652 vei
1038 3610 1085 3652 vo·

236 3785 268 3863 ⁸)
295 3784 318 3842 t.
338 3780 404 3841 cor.
422 3781 451 3841 Ἰ.
