2392 4170
130 248 199 318 ⁵210
333 250 460 307 Alserfio
479 258 555 307 omn
574 254 652 308 artic.
670 251 706 308 D.
724 251 759 305 tt.
776 248 879 323 Lssii&

134 406 313 493 respondit:
334 406 381 467 ‘l'u
401 416 434 466 es
457 406 604 467 Christus
646 407 693 467 lta
720 408 784 467 et
775 427 806 466 ιιι
836 408 973 468 omnium
988 411 1063 497 ’μὲι-

139 504 218 552 sone
239 490 361 570 accepit
381 489 493 550 claves
537 488 640 565 Quare
661 490 845 569 notandum,
867 489 951 570 quoti
967 492 1064 551 ηιιό-

138 575 209 634 titas
237 574 421 634 sanctissimi
450 572 564 632 domini
591 591 693 652 popae
725 573 785 633 hoc
814 574 884 634 loco
909 574 1063 648 mentitur,

129 654 218 717 sicut
240 664 287 716 est
311 657 403 718 moris
425 658 490 716 eius
510 663 603 734 atque
625 655 693 715 stili.
738 655 829 735 Quod
849 663 953 717 autem
974 662 1063 753 pote·

138 747 201 800 stas
221 738 364 800 solvendi
376 738 465 799 latior
477 740 526 817 sit,
549 755 640 818 quom
656 746 793 818 potestas
816 739 941 818 ligandi,
962 744 1063 820 s'e'que

137 824 281 883 mentitur
315 785 527 883 sanctissimus
554 822 622 897 ille,
657 838 718 882 non
753 823 834 882 onim
863 822 923 883 ho'c
951 823 1065 904 potetlt

136 905 268 987 probare
290 904 351 966 ullo
376 904 480 983 modo,
501 907 574 985 quia
594 907 673 965 sicut
688 904 825 966 Christus
849 904 936 968 dicit:
956 903 1064 982 Quosl-

136 1007 257 1068 ounqus
272 988 411 1066 solveris,
431 990 475 1048 ita
488 988 577 1049 dicit:
593 987 806 1068 Quodcunque
816 987 970 1070 ligaveris,
978 990 1065 1050 ultro

135 1072 227 1153 brque
240 1071 388 1133 eodem
364 1086 454 1151 signo
467 1072 629 1132 universali
641 1078 739 1133 utens
763 1071 913 1152 Quarepa
915 1081 979 1132 rem
992 1074 1064 1133 'elltts

136 1162 296 1234 utramque
304 1161 497 1235 potestatem
506 1156 696 1235 apertissima
706 1082 1065 1235 vertsprobamotntsst

137 1245 168 1299 ut
181 1239 254 1299 nihil
268 1244 422 1315 moveant,
439 1256 519 1318 quae
533 1238 743 1297 sanctissimus
754 1235 1066 1301 incommonitus

135 1321 276 1402 phemio,
302 1339 366 1382 non
389 1322 468 1381 anim
490 1322 520 1382 'ei
541 1319 693 1383 credimus
717 1321 800 1382 nuda
817 1321 950 1397 dicenti,-
959 1321 1064 1384 multo

135 1406 235 1466 minus
258 1412 365 1466 contra
388 1413 523 1484 apertam
550 1404 708 1464 veritatem
736 1404 899 1465 insanienti
934 1411 964 1465 et
986 1404 1065 1466 blas-

134 1488 300 1570 phamanti.

372 1653 594 1713 Vicesimus
617 1654 827 1734 septimus:

203 1787 326 1849 Certum
349 1793 406 1865 est,
428 1789 459 1848 in
472 1788 728 1851 manuecclesiae
744 1797 796 1849 aut
819 1807 918 1868 papae
938 1806 1066 1868 promus

199 1889 260 1932 non
284 1890 353 1933 esse
374 1877 509 1932 statuere
530 1871 675 1935 articulos
698 1871 787 1949 fidei,
813 1873 877 1932 imo
900 1889 958 1932 nec
979 1871 1066 1951 legas

196 1972 318 2015 ‘morum
341 1973 397 2014 scu
420 1954 569 2015 bonorum
593 1973 730 2034 operum.

218 2071 320 2132 Probo
342 2071 424 2131 hunc
445 2073 505 2148 sic,
536 2075 564 2135 l.
585 2071 720 2134 Corinth.
744 2074 777 2136 3:
820 2069 1065 2132 Fundamentum

138 2152 221 2215 aliud
242 2171 334 2214 nemo
352 2161 459 2241 potest
478 2173 603 2236 ponere,
625 2162 747 2235 praeter
763 2153 803 2232 id,
819 2153 909 2234 quod
931 2155 1065 2234 po‘sltum

137 2245 194 2316 est,
221 2237 303 2316 quod
326 2243 373 2297 est
393 2237 477 2297 lesus
501 2236 645 2300 Christus
688 2237 748 2298 Hic
762 2237 864 2298 ltabes
886 2236 1064 2298 fundamen·

137 2327 199 2381 tum
222 2319 261 2381 ab
285 2320 434 2400 apostolis
458 2322 607 2402 positum,
637 2329 669 2381 at
699 2322 798 2381 omnis
821 2321 966 2381 articulus
992 2319 1064 2381 flasi

136 2407 185 2465 est
206 2421 278 2484 pars
300 2402 388 2463 huius
410 2404 614 2479 fundamenti,
643 2421 736 2485 quare
758 2405 830 2484 poni
854 2403 931 2463 aliu's
945 2404 1063 2464 αιιιῠιι-

135 2484 193 2567 lus,
216 2504 306 2565 quam
329 2488 448 2567 positus
472 2495 526 2564 est,
549 2487 649 2548 nullus
672 2495 788 2568 potest,
816 2484 1064 2568 superaedificari

136 2576 237 2630 autem
261 2576 378 2650 potest,
412 2577 444 2631 ut
465 2570 545 2631 idem
569 2570 650 2632 dicit
694 2571 732 2630 Et
763 2570 833 2631 ideo
862 2590 945 2660 popa
962 2569 1066 2631 delict

137 2652 296 2713 nobiscum
318 2655 392 2735 poni
415 2663 446 2714 et
467 2653 723 2734 superaedificari,
745 2673 808 2714 non
824 2655 1063 2734 autemponere,

137 2737 241 2797 omnia
272 2738 352 2797 enim
382 2737 534 2798 credenda
570 2746 639 2798 sunt
668 2739 698 2798 in
722 2737 761 2798 S
749 2739 883 2818 ripturis
923 2738 1065 2818 exposita

158 2819 236 2882 lene.

136 2838 156 2900 p
219 2902 364 2963 Permitto
393 2911 512 2979 tamen,
545 2903 626 2984 quod
657 2925 739 2985 papa
772 2901 887 2966 condat
919 2903 1065 2964 articulos

133 3005 218 3082 'suae
225 2983 351 3062 ¹)fidei
374 2995 404 3046 et
425 2988 487 3046 suis
510 2984 666 3083 fidelibus,
700 2986 806 3067 quales
834 2993 917 3063 sunt,
946 3005 1064 3084 panem

138 3077 169 3128 ot
190 3068 327 3128 vinumt
316 3068 628 3130 transsubstantiari
620 3091 650 3129 ιιι
657 3078 877 3167 sacramente,
899 3058 1064 3131 ess‘entiam

137 3151 194 3212 Dei
217 3170 275 3211 nec
286 3170 436 3231 generare
455 3171 512 3211 nec
525 3154 674 3231 generari,
697 3155 829 3214 animam
845 3171 913 3211 esse
934 3151 1064 3213 sormam

138 3233 369 3295 substantialem
384 3237 522 3316 corporis
547 3235 680 3315 humaui,
703 3256 736 3297 se
759 3254 827 3296 csse
849 3230 1063 3332 imperatorem

137 3315 242 3378 mundi
265 3323 420 3399 stragem
444 3318 540 3399 coeli
564 3328 594 3379 et
582 3319 714 3380 tDeum
738 3327 908 3395 terrenum,
929 3319 1064 3379 animem

133 3418 209 3461 esse
234 3401 455 3463 immortalem:
499 3411 529 3462 et
552 3404 655 3463 omnia
684 3402 736 3463 illa
767 3399 887 3461 infinita
919 3407 1066 3481 portenta

133 3485 167 3544 in
189 3483 332 3546 Romano
358 3485 546 3565 sterquilinio
570 3485 777 3564 decretorum,
810 3491 859 3564 ut,
892 3483 991 3564 qualis
1015 3489 1066 3545 est

138 3567 202 3629 eius
223 3566 311 3647 fides,
335 3569 396 3629 talo
417 3571 457 3629 sit
479 3569 683 3650 evangelium,
706 3570 782 3630 talos
803 3575 835 3628 et
856 3566 975 3648 fidelos,
996 3567 1065 3628 talis

191 3764 222 3834 1)
242 3762 274 3819 ln'
292 3763 356 3820 edit
371 3762 433 3820 tlon.
452 3764 544 3826 deest:
563 3781 639 3823 suae.
