2392 4170
133 237 195 305 176
325 239 451 295 Assertio
470 256 545 309 omn.
565 242 642 295 artic.
660 238 696 297 D.
714 239 749 294 lt.
767 239 797 297 ia.
813 254 870 310 per.

217 393 289 456 Scio
312 404 423 473 autern,
446 393 519 474 quid
540 393 591 455 hic
613 393 685 455 mihi
708 394 879 475 opposituri
901 393 982 472 sint,
1002 394 1054 465 aei·

133 478 204 539 licet
227 479 341 558 omnia,
363 497 443 558 quae
464 477 637 556 dictasunt,
658 477 789 558 probare
810 495 872 538 non
883 485 1053 559 peccatu

133 562 188 622 sed
209 561 361 623 defectum
384 580 439 622 seu
456 561 662 622 infirmitatem
682 562 712 620 in
736 560 824 621 nobis
834 559 968 641 relinqui
987 566 1053 642 post

133 644 335 726 baptismum,
369 646 415 705 sic
435 646 516 706 enim
536 645 673 706 fomitem
707 652 739 704 et
768 645 931 724 passiones
958 644 1053 713 carnit

133 727 298 804 vocantl).
343 728 543 809 Respondeo:
579 727 612 790 Si
645 728 713 788 sola
741 745 798 788 nos
824 727 909 788 verbi
937 734 1053 791 coam

134 814 234 872 versia
254 812 392 891 heberet,
412 813 502 872 facile
523 813 726 888 admitterem,
748 816 782 870 ut
802 809 1053 877 deiectumvuw

88 968 92 975 Ι
132 902 201 957 rent
222 894 368 975 quidquid
390 894 421 955 id
443 903 490 956 ost
512 894 593 974 maii,
616 895 698 973 qnod
718 897 748 955 in
773 894 939 975 praedictis
960 892 1053 975 δαίμ

132 983 219 1039 turae
241 977 341 1040 verbis
364 979 493 1058 relinqui
519 979 550 1037 in
572 979 662 1039 nobie
695 977 858 1058 probatum
887 987 946 1043 est.
987 976 1053 1045 Fut

132 1069 195 1123 stra
217 1064 298 1123 enim
320 1070 451 1122 certatur
472 1061 510 1122 de
532 1064 667 1139 nomine,
689 1079 758 1120 cum
773 1061 811 1121 de
832 1060 1053 1129 rescuscitare

133 1144 263 1223 Verum,
291 1145 373 1224 quod
397 1144 548 1206 defectum
570 1147 615 1204 sio
637 1144 809 1225 appeliant,
841 1158 875 1204 ut
896 1152 1053 1225 peccatu

133 1245 202 1289 esse
222 1236 337 1309 negent
364 1235 396 1290 et
424 1248 487 1289 non
514 1228 653 1308 culpam,
686 1227 740 1287 sed
765 1246 908 1308 poenam
942 1234 1053 1291 taum

131 1314 251 1392 peccati
273 1331 342 1372 esse
364 1312 473 1390 veiint,
503 1313 663 1372 admittere
684 1328 748 1371 non
769 1329 908 1391 possum.
951 1310 1052 1391 Naqu

133 1396 214 1455 enirn
246 1397 322 1458 satis
353 1405 415 1475 est,
451 1395 534 1475 quod
566 1397 632 1455 sinc
665 1393 840 1475 Scripturae
875 1392 1051 1459 testimonib

133 1479 296 1540 autoritate
318 1481 444 1560 propria
467 1478 587 1558 dicunt,
616 1481 719 1539 omnia
746 1479 807 1537 ista
827 1476 965 1539 defectus
988 1476 1050 1557 dd,

133 1563 205 1641 quia
226 1563 371 1622 deficiant
391 1581 410 1622 a
431 1562 569 1642 perfecta
587 1561 664 1642 legis
686 1560 885 1642 plenitudine.
1035 1608 1047 1631 ,.

217 1645 345 1725 Deinde,
368 1645 452 1724 quod
473 1663 536 1706 non
559 1646 631 1705 iicet
652 1645 704 1706 ulii
727 1640 1048 1725 angelorumjnoduq

131 1729 207 1809 ipsis
227 1729 418 1809 hominibus,
448 1729 543 1790 verba
564 1728 621 1789 Dei
640 1746 696 1808 pro
719 1746 777 1789 auo
799 1746 892 1788 sensu
913 1720 1048 1809 interpr'a

132 1813 203 1891 tari,
227 1821 275 1891 ut,
308 1813 391 1892 quod
412 1813 465 1872 illa
485 1823 646 1892 peccatum
669 1824 774 1892 aperte
802 1820 909 1890 vocat,
943 1810 987 1871 itti
1006 1806 1053 1881 'dds

131 1896 244 1957 fectum
266 1897 513 1977 interpretentur.
556 1894 770 1976 Apostolua*)
795 1895 876 1955 enim
899 1892 1049 1959 monife*

134 1979 224 2057 dicit,
246 1998 281 2055 ae
302 1981 457 2060 captivum
481 1979 549 2039 duci
577 1980 608 2038 in
631 1978 731 2058 legem
753 1979 874 2059 peccati
895 1984 929 2039 et
949 1992 1049 2039 confla

133 2065 325 2144 piscendam,
349 2064 513 2123 autoritate
534 2063 610 2142 legis
622 2064 779 2142 cognitam
800 2081 820 2122 a
841 2066 1049 2141 sepeccatunp

134 2164 224 2226 quam
236 2147 345 2207 iterum
356 2155 448 2207 vocat
457 2156 619 2227 peccatum
631 2147 662 2205 in
675 2163 768 2206 earne
780 2164 837 2204 sua
858 2144 1046 2205 habitantem

139 2276 144 2287 .
217 2227 382 2305 Quomodo
405 2232 487 2291 enim
516 2248 578 2291 non
605 2230 662 2289 erit
691 2248 762 2290 vere
784 2235 963 2309 peccatum,
989 2242 1048 2295 aa!

133 2313 172 2373 ad
194 2314 255 2375 hoc
267 2321 300 2374 ut
321 2333 392 2374 vere
403 2323 565 2394 peccatum
588 2331 656 2373 esse
667 2314 788 2393 probet,
811 2311 946 2372 adducat
958 2311 1049 2391 lega·

133 2397 346 2477 prohibentem
369 2399 599 2477 concupiscere,
622 2406 653 2456 et
673 2398 805 2456 fateatur
819 2413 888 2456 sese
910 2412 974 2455 non
988 2410 1049 2455 eona

135 2483 293 2561 cupisoere
315 2500 378 2542 non
400 2499 504 2562 posse,
526 2500 564 2540 ac
585 2499 643 2560 per
663 2479 725 2540 hoo
748 2497 831 2557 vero,
853 2497 917 2540 non
939 2477 1050 2547 defectu

133 2570 268 2646 tantum,
296 2564 350 2625 sed
372 2572 503 2645 peccato
525 2574 632 2624 contra
655 2564 754 2643 legem
777 2563 887 2625 i'acere.
928 2560 1051 2623 Nam!

133 2648 257 2729 ipsimet
278 2659 428 2728 cogentur
448 2648 509 2709 hoc
531 2657 694 2728 peceatum
716 2646 828 2723 dicere,
851 2644 936 2724 quod
952 2642 1051 2707 connt'

132 2732 232 2813 legem
242 2731 277 2793 fit
297 2750 482 2812 quocunque
498 2731 604 2810 modo,
625 2740 657 2790 at
668 2730 805 2790 defectus
817 2729 879 2808 ille,
901 2746 993 2809 quem
1006 2744 1051 2789 aar

133 2817 288 2878 tenuando
300 2825 462 2897 peccatum
475 2817 520 2876 sio
530 2822 652 2892 vocant,
667 2823 749 2874 certe
760 2821 869 2875 contra
879 2813 982 2893 legem
1003 2816 1050 2873 att

217 2898 308 2975 Quod
329 2902 355 2959 si
377 2899 512 2961 hocuno
534 2899 604 2960 ioco
628 2900 673 2957 sic
688 2897 759 2957 iicet
781 2896 951 2958 verbisDei
965 2892 1050 2973 mni,

134 2991 167 3044 ut
187 2993 349 3064 peccatum
373 3001 436 3043 non
459 2993 621 3064 peccatum
634 2982 788 3044 dicamus:
813 2979 972 3061 quomodo
987 2976 1050 3041 Μ’·

132 3072 249 3127 stemus
270 3070 396 3147 neganti
417 3069 447 3129 in
471 3069 656 3143 universum,
681 3066 785 3126 omnia
805 3072 938 3145 peccata
949 3064 980 3123 in
993 3068 1050 3125 toa

132 3148 298 3230 Scriptura,
311 3153 433 3230 dicenti,
455 3152 537 3231 qnod
549 3151 740 3228 adulterium,
762 3148 974 3227 homicidium,
993 3144 1048 3209 idn·

131 3235 220 3295 latria
232 3253 355 3315 quoque
366 3255 429 3297 non
442 3238 482 3295 sit
501 3243 674 3316 peccatum,
696 3235 751 3295 aed
765 3233 902 3294 defectus
914 3236 947 3293 et
956 3242 1049 3314 pou

131 3323 262 3398 peccati.
305 3320 338 3382 Si
361 3339 435 3401 ergo
452 3319 523 3380 huie
544 3321 644 3381 resisti
667 3320 768 3398 debet,
791 3324 916 3398 oportet
937 3327 971 3377 nt
984 3326 1049 3461 pot

132 3408 234 3463 catum
266 3403 460 3485 simpliciter,
494 3405 674 3484 praesertim
704 3402 756 3464 ubi
785 3401 862 3482 legis
894 3399 983 3484 probi
1003 3394 1047 3459 iu'u

131 3485 308 3567 adducitur,
337 3489 422 3548 cuins
446 3489 679 3569 comparatione
701 3490 863 3570 probetur,
891 3484 1048 3565 accipiatur

184 3686 218 3756 1)
240 3687 272 3739 in
290 3686 333 3741 ed.
353 3691 423 3759 orig.
443 3688 543 3747 deest:
565 3697 673 3745 vocant

186 3762 217 3827 ⁸)
238 3759 335 3814 Roma.
352 3760 377 3818 7.
