2392 4170
165 240 229 310 528
258 232 274 257 '
314 318 324 353 Ι
512 237 556 299 De
573 236 748 299 instituendis

166 406 231 467 eius
269 404 459 464 annuncietis
527 404 567 464 Et
603 406 653 465 bic
684 407 727 466 vir
756 413 866 487 postea
898 407 1000 467 lactus
1045 412 1090 468 est

166 490 258 550 etiam
281 487 458 568 apostolus,
486 487 570 548 nulla
602 491 664 549 alia
692 490 860 551 accedente
884 489 1090 570 ordinatione,

166 592 228 634 nau
251 572 349 632 solum
372 570 501 651 iungens
527 572 694 633 ministerio
718 573 809 645 verbi,
832 573 889 635 sed
912 583 942 634 et
961 573 1089 633 mulium

166 655 248 716 utilis
275 656 330 732 iis,
363 655 413 733 qui
446 655 505 715 iam
529 654 731 717 crediderant.
773 655 823 718 Ita
854 655 987 737 quilibet
1008 655 1089 716 Chri·

166 740 282 800 stianus
304 738 406 798 facere
429 743 569 813 tenetur,
602 741 627 799 si
651 740 759 800 viderit
780 759 858 820 opus
891 759 963 800 esse
997 739 1088 799 verbo

167 827 199 882 et
218 822 348 881 idoneus
371 822 423 896 sit,
452 822 571 881 etiamsi
595 829 654 882 non
685 832 776 883 vocet
803 842 872 882 eum
897 824 1089 898 universitas,

167 911 281 986 quanto
313 906 434 985 magis,
470 907 493 964 si
514 914 646 984 'rogetur
685 915 872 986 voceturque
905 925 925 966 a
948 906 1088 967 iratribus

166 988 345 1068 aequalibus
367 1007 421 1047 seu
443 995 507 1047 iota
528 989 747 1049 universitate?

251 1070 341 1131 Aliud
369 1071 542 1150 exemplum
581 1079 738 1151 praestant
765 1071 940 1152 Stephanus
973 1079 1005 1132 et
1025 1071 1087 1132 Phi·

166 1156 278 1237 lippus,
301 1163 418 1214 tentum
441 1156 478 1213 ad
502 1155 700 1215 ministerium
724 1174 850 1216 mensae
865 1154 1018 1219 ordinati.
1049 1155 1090 1216 m

165 1240 217 1300 ille
239 1239 313 1299 iacit
334 1240 422 1318 signa
444 1244 475 1297 et
495 1238 636 1318 prodigia
659 1240 688 1297 in
712 1239 838 1319 populo,
861 1237 1001 1319 disputat
1022 1258 1089 1298 curn

167 1322 352 1405 synagogis,
375 1332 405 1380 et
427 1321 564 1382 confutat
585 1322 748 1382 consilium
762 1322 857 1382 verbo
876 1321 1020 1402 Spiritus,
1041 1321 1090 1382 hie

165 1424 240 1466 vero
263 1407 414 1465 convertit
431 1404 651 1484 Samaritanus,
675 1416 705 1465 et
722 1405 864 1467 discurrit
887 1425 942 1484 per
960 1406 1088 1465 Aeolum

166 1496 197 1550 et
218 1489 411 1550 Caesaream.
455 1486 553 1563 Quo
547 1507 625 1564 rure,
648 1506 744 1569 roge,
768 1496 799 1548 et
820 1506 882 1585 qua
903 1487 1090 1548 autoritate?

166 1581 249 1634 certe
272 1591 421 1652 nusquam
457 1590 513 1630 nec
542 1572 641 1652 rogati
676 1591 733 1632 nec
754 1573 859 1632 vocati
882 1591 901 1630 a
924 1589 1090 1651 qucquam,

166 1656 219 1716 sed
254 1659 384 1735 pruprio-
403 1663 488 1714 motu
515 1663 547 1714 et
569 1655 706 1734 generali
734 1657 816 1732 iure,
847 1655 919 1714 dum
943 1660 1028 1716 esset
1048 1656 1089 1715 eis

167 1741 277 1800 ostium
301 1745 450 1835 apertum,
474 1742 505 1797 et
526 1755 604 1818 opus
626 1737 767 1798 viderent
789 1756 845 1798 suo
869 1736 975 1798 cilicio
999 1741 1089 1818 popu·

96 1856 103 1869 ·
165 1823 232 1881 lis'
225 1824 338 1902 ignaris
361 1829 390 1882 et
414 1840 451 1879 ve
453 1822 507 1881 rba
531 1824 667 1901 privatis
711 1820 836 1898 Quanto
873 1823 974 1901 magis
1002 1820 1031 1880 id
1053 1821 1089 1880 ie

167 1909 299 1982 cissent,
328 1907 352 1964 si
377 1905 506 1976 fuissent
534 1907 634 1982 rogati
663 1912 717 1965 aut
743 1906 846 1970 vocati
876 1903 915 1964 ab
939 1904 1090 2025 aliquibus

164 1989 214 2050 vel
236 1987 275 2049 ab
297 1990 503 2049 universitate
856 2014 859 2021 ·

249 2073 289 2133 st
310 2072 466 2131 eunuchus
488 2070 541 2134 iile
562 2090 581 2130 a
603 2070 743 2151 Philippo
767 2088 950 2151 conversus,
973 2071 999 2131 si
1021 2088 1089 2130 vere

168 2157 353 2236 uin-pitacus
390 2156 575 2234 permansit,
610 2155 689 2214 sicui
725 2154 848 2234 dignum
879 2162 927 2213 est
957 2154 1090 2231 credere,

165 2241 281 2318 absque
305 2238 396 2297 dubio
422 2237 533 2296 multos
556 2238 661 2297 docuit
683 2237 807 2297 verbum
822 2237 889 2315 Dei,
914 2256 983 2297 cum
1007 2256 1090 2318 prae·

165 2333 286 2402 ceptum
311 2322 450 2381 habuerit
472 2322 658 2387 annunciare
683 2321 917 2400 vincimalus,
942 2324 995 2401 qui
1019 2341 1087 2380 eum

165 2408 288 2466 vocavit
311 2406 347 2465 de
371 2405 502 2465 tenebris
523 2406 553 2464 in
577 2405 679 2465 lumen
702 2425 788 2464 suum
811 2402 1008 2465 admirabile.
1044 2402 1089 2463 Ad

165 2491 291 2551 verbum
314 2490 377 2549 eius
395 2492 501 2548 secuta
523 2489 745 2549 estmultorum
760 2487 846 2564 fides,
869 2506 938 2547 cum
964 2486 1089 2548 verbum

167 2575 222 2634 Dei
248 2593 308 2634 nou
332 2580 501 2632 revertatur
521 2591 662 2648 vacuum,
685 2571 723 2632 ad
742 2570 832 2631 fidem
856 2579 961 2631 autem
986 2580 1090 2631 secuta

167 2668 213 2718 est
235 2658 376 2737 ecclesia,
399 2656 531 2715 ecclesia
554 2655 664 2716 deinde
686 2654 880 2735 baptisandi‚
904 2655 1036 2715 ducendi
1059 2661 1086 2712 et

167 2743 271 2802 omnia
292 2740 468 2819 supradicta
490 2738 594 2799 cilicia
621 2759 675 2819 per
703 2739 828 2800 verbum
851 2737 960 2797 habuit
985 2750 1015 2799 et
1035 2740 1084 2797 im·

167 2825 271 2905 plevit.
308 2824 348 2882 At
370 2823 445 2882 haec
469 2824 741 2882 emniaeuuuchus
764 2821 892 2902 perfecit
914 2823 1002 2883 nulle
1027 2825 1088 2881 iure

166 2910 224 2969 nisi
246 2908 388 2986 baptismi
419 2916 447 2967 et
470 2905 540 2966 lidei
564 2926 654 2984 suae,
676 2906 858 2985 praesertim
882 2925 952 2965 cum
977 2906 1028 2965 alii
1049 2903 1088 2964 ibi

166 3012 227 3053 nun
252 3004 365 3051 essent,
425 3052 428 3058 ,

250 3075 410 3153 Reliquum
434 3081 479 3132 est
501 3092 585 3153 ergo,
609 3074 663 3132 viri
687 3073 857 3148 clarissimi,
880 3079 912 3130 ut
936 3071 999 3132 lide
1022 3091 1087 3131 cou-

167 3160 259 3219 stanti
282 3158 465 3234 induamini,
488 3176 549 3236 quc
581 3156 724 3215 Boemiae
760 3164 879 3214 vestrae
911 3156 1087 3231 consulatis,
1167 3220 1171 3231 Ι

165 3241 249 3322 fide,
284 3245 427 3321 iuquam
461 3240 511 3299 hic
534 3258 611 3318 opus
641 3233 898 3335 eetapimosaR)
943 3238 1086 3305 Nemus
1167 3262 1171 3289 ι

167 3327 217 3404 qui
240 3326 377 3402 credunt,
400 3325 476 3384 haec
499 3323 669 3420 scribimus,
692 3322 742 3403 qui
766 3340 826 3382 neu
851 3321 1002 3399 credunt,
1027 3308 1088 3381 istis

166 3427 228 3470 non
252 3410 430 3489 capiuntur,
462 3415 524 3468 tum
547 3406 635 3468 illis
628 3408 702 3487 ipsis
730 3405 811 3467 idem
837 3405 944 3486 luerit,
978 3407 1088 3467 habere

169 3577 270 3586 ..0-

238 3695 269 3766 1)
291 3695 321 3749 In
340 3694 384 3750 ed.
405 3697 477 3752 len:
496 3693 541 3750 hic
560 3708 631 3764 opus
650 3697 693 3749 est
712 3690 851 3748 constanti
870 3696 899 3747 et
916 3689 1039 3748 immota.
