2392 4170
140 221 204 299 160
371 221 515 295 Adversas
534 221 856 291 succrescentium

203 397 348 460 amaon
370 378 527 456 tuorem,
555 379 608 458 qui
630 397 665 440 se
696 378 765 451 solo
788 378 864 457 sats
889 384 937 447 est
965 376 1070 457 toea

198 481 332 543 poenam
353 463 524 543 purgatorii
545 469 576 522 et
597 461 724 542 impedit
744 463 902 535 introitum
922 461 1021 543 ragal,

220 545 282 613 Iste
304 566 343 607 ex
366 545 561 627 praecedenti
586 547 737 625 sequitur,
767 564 860 626 quem
881 564 984 626 aequa
1003 562 1069 625 aaa

139 630 271 709 ascerui,
313 628 385 701 licet
416 627 614 709 probabiliter
647 648 752 691 verum
787 629 887 697 adhuc
919 648 1070 709 asam,

137 711 220 792 prius
248 713 347 793 petita¹
377 711 423 779 dis
447 713 623 790 ensationa,
667 712 792 774 arbitrio
832 731 902 777 men
941 712 1070 795 propria

140 796 232 867 etiarn
254 797 351 871 inrito
372 731 466 876 bulla,
489 814 567 875 quac
590 795 680 857 oliam
703 815 765 856 non
788 795 899 869 afferro
912 794 1068 879 probation

140 897 210 949 nam
232 884 351 960 potest,
373 879 431 941 uisi
456 877 551 949 hanc:
591 879 656 940 Nos
678 897 783 949 sumus
811 879 1006 951 sublimiores
1036 878 1069 953 h

137 962 269 1037 eeclesia
303 964 441 1042 tyranni,
478 963 541 1027 imo
572 962 641 1042 ipsc
669 962 816 1039 ecclesia,
850 981 927 1043 ergo
961 980 1068 1039 epm

138 1044 306 1117 doctissimi,
334 1053 365 1105 et
386 1046 586 1124 sanctissimi,
615 1045 697 1125 pleni
719 1047 825 1126 spiritu
847 1052 975 1123 sancta,
1004 1064 1069 1123 lm

136 1135 279 1208 potantes
306 1148 423 1205 errare,
456 1129 547 1199 etiarn
580 1129 605 1189 ni
640 1130 723 1191 omni
751 1130 898 1209 spurcitia
928 1130 1067 1207 omia*

137 1212 315 1288 criminum,
346 1212 430 1279 omni
458 1212 579 1287 inscitia
609 1231 663 1290 per
685 1211 791 1279 orbam
813 1211 989 1285 foeteamua
1010 1230 1069 1287 ceu

137 1295 222 1371 lerna
242 1293 403 1377 quaedam.
447 1293 508 1365 Sed
536 1296 602 1355 istis
623 1294 793 1357 rationibus
815 1294 897 1377 apud
920 1315 970 1365 me
991 1294 1066 1375 nibil

136 1385 345 1457 promovctur,
366 1383 565 1458 promouetur
588 1384 690 1443 autam
714 1397 820 1449 coram
840 1379 910 1458 illis,
933 1380 986 1460 qui
1006 1396 1066 1455 arc,

138 1469 235 1540 tuunt,
258 1481 306 1540 nc,
329 1462 358 1539 pi,
379 1481 448 1532 mea
470 1462 622 1545 sententia
646 1460 797 1543 obtineat,
816 1463 1068 1543 purgatoriam

137 1564 228 1605 manu
250 1543 524 1626 papcedilabatur,
546 1551 610 1605 tum
624 1543 835 1616 defunctorum
852 1544 1065 1621 vexandam

138 1627 403 1702 (redimendorum
427 1626 511 1688 volui
524 1627 644 1710 dicere)
669 1627 1065 1775 officiaqueestncsisaina

138 1718 224 1773 tanto
255 1710 368 1773 damno
397 1717 543 1791 accepto,
570 1712 747 1785 sacerdotes
778 1719 808 1774 et
837 1712 1002 1793 religiosos

137 1795 248 1855 famam
272 1795 407 1875 adigant.
440 1794 584 1874 Oportuit
598 1814 671 1874 ergo
686 1796 845 1857 avaritiam
866 1795 917 1856 hic
929 1796 995 1940 cipi¹
1005 1813 1066 1877 prs,

135 1897 193 1939 nec
214 1879 314 1939 cincre
327 1884 407 1939 'suas
436 1877 561 1938 frivolas
590 1879 769 1958 opiniones,
801 1878 856 1940 scd
886 1879 969 1961 turpi
982 1896 1069 1941 naro-

136 1962 274 2022 sissimas
297 1961 426 2022 veritate
448 1968 613 2040 superante
636 1961 787 2025 occidere.

519 2112 691 2199 Quintus.

197 2220 272 2280 Tres
294 2238 366 2283 esse,
384 2224 487 2299 parles
501 2220 719 2300 poenitentiae,
742 2219 970 2299 contritionem,
994 2236 1068 2283 con·

196 2303 379 2381 fossionem,
410 2302 668 2380 satisfactionem,
702 2320 764 2362 non
787 2308 835 2363 est
855 2301 1016 2363 fundatum
1034 2302 1070 2363 'n

196 2385 353 2465 Scriptura
374 2404 472 2462 sacra,
495 2405 553 2447 ncc
574 2387 605 2446 in
628 2385 760 2465 antiquis
783 2385 898 2445 sanctia
921 2384 1066 2447 carana

199 2469 246 2530 nis
269 2468 456 2532 doctoribus.

216 2586 274 2648 Hic
297 2586 442 2649 articulus
464 2605 525 2667 qno
547 2590 690 2667 respectu
717 2583 894 2661 damnetur,
926 2584 1002 2665 sctis
1021 2584 1061 2645 in·

134 2669 239 2751 telligo
278 2670 469 2755 respectivus
499 2669 579 2732 cuim
607 2675 654 2729 est
681 2668 720 2728 ad
749 2667 919 2729 avaritiam.
965 2666 1061 2745 Quare

133 2760 165 2815 et
187 2716 402 2834 prolationem
426 2771 531 2814 eorum
560 2753 765 2831 respectivam
787 2751 868 2829 scio,
906 2768 988 2831 quac
1018 2746 1062 2813 llll

134 2837 217 2899 talis:
250 2836 281 2898 si
311 2836 455 2897 articulus
484 2842 565 2896 esset
587 2855 693 2910 verus,
721 2842 794 2895 tunc
822 2834 965 2901 homines
992 2826 1060 2909 nllll

135 2919 243 2980 darent
265 2939 321 3000 pro
344 2919 555 2981 satisfactione
578 2923 608 2979 et
629 2917 836 2998 indulgentiis,
858 2935 918 2987 nco
939 2915 1058 2979 habac

134 3022 201 3062 mus
224 3022 279 3064 eos
301 3003 432 3084 amplius
455 3021 569 3063 vexare
592 2996 848 3079 confessionibus,
871 2999 996 3063 casibus
1016 3014 1058 3061 ra·

132 3086 276 3157 servatis,
307 3087 471 3162 restrictis,
494 3084 664 3165 ampliatis,
695 3103 751 3165 pro
774 3090 881 3144 nostro
904 3082 1002 3163 lucro,
1033 3086 1058 3163 al

132 3170 177 3229 nic
198 3188 350 3250 pauperes
373 3168 530 3245 fieremus,
553 3174 584 3229 et
605 3167 705 3229 cultus
726 3167 784 3228 Dei
807 3164 1058 3245 minueretur,la

132 3251 243 3333 vigiliis
266 3259 297 3333 ct
317 3253 426 3315 missis.
469 3248 531 3314 aad
553 3251 668 3312 cultum
680 3250 736 3312 Dei
751 3250 844 3310 minui
858 3255 906 3311 est
926 3248 1058 3331 impium,

132 3352 227 3415 quare
258 3334 408 3397 Lutherns
439 3344 486 3397 est
514 3335 702 3413 haereticus,
732 3340 814 3394 tenet
842 3330 1058 3413 consequentia

133 3438 220 3479 cres
245 3425 313 3481 ectu
337 3418 443 3479 Bullae
465 3419 503 3479 ad
530 3418 679 3499 Papistus,
705 3424 735 3478 et
756 3422 892 3477 econtra.

214 3439 258 3563 'le
279 3523 336 3583 per
355 3502 520 3563 Dominum
543 3502 642 3562 lesum
668 3518 740 3573 oro,
770 3499 885 3579 siquis
907 3498 1060 3579 graviacl

132 3584 267 3646 eruditus
289 3585 388 3646 lector
408 3584 486 3647 haec
508 3584 635 3666 legeris,
666 3584 737 3644 mihi
760 3582 939 3663 indulgeas,
960 3581 1059 3643 levita

132 3678 192 3728 tem
217 3675 247 3731 et
278 3671 329 3746 (ut
350 3669 396 3729 sic
418 3669 566 3750 dixerim)
593 3666 796 3748 puerilitatem
824 3667 927 3728 istam.
970 3662 1059 3727 vida

132 3752 213 3812 enim
236 3770 305 3813 cum
328 3750 365 3811 iia
387 3748 648 3814 hominibusmilri
664 3769 727 3810 rem
741 3768 821 3828 esse,
843 3748 896 3829 qni
916 3745 965 3810 nn
978 3744 1061 3831 puori
