2392 4170
394 262 517 316 Rationis
537 260 715 316 Latomiause
734 269 785 316 etc.
996 257 1058 322 481

224 415 264 474 At
287 421 316 474 tu
340 433 401 476 non
427 417 518 475 uteris
541 423 670 494 peccato
692 422 724 474 ut
746 415 873 493 Paulus,
909 416 976 494 quis
997 415 1059 475 hoc

136 498 227 557 vobis
261 496 358 556 dixit?
395 497 527 558 Collatio
563 498 682 558 Petrum
721 506 751 558 et
781 499 833 559 tui.
885 496 961 573 Quis
988 497 1059 558 fecit

137 579 219 639 hanc
241 579 460 641 collationem?
497 581 579 658 Nos,
609 582 659 660 qui
683 584 754 641 estis
778 580 855 642 vos?
891 579 966 656 Quis
988 580 1060 640 lacit

137 672 336 740 nos‘certos,
370 683 426 724 vos
454 683 515 724 nou
545 664 667 724 errare?
704 665 751 724 Au
785 663 867 744 quod
892 663 979 724 Bulla
1002 681 1058 724 vos

136 746 344 826 approbavit?
365 746 428 808 lam
453 749 521 825 quis
543 754 643 807 certos
665 764 722 807 vos
745 747 826 826 iecit,
849 747 954 807 Patres
976 757 1059 810 recta

136 828 225 889 Pauli
246 827 371 889 verbum
394 830 562 891 tractasse?
606 828 779 906 Auditisue,
798 830 869 908 quid
894 831 1058 890 mussatis?

138 911 234 972 Vides
256 930 331 992 ergo
354 913 458 973 omnia
480 912 692 992 sophistarum
726 912 827 974 adhuc
848 933 887 973 ex
910 932 966 973 suo
989 932 1058 993 pro·

137 995 205 1074 prio
229 997 329 1074 capite
351 995 534 1076 procedere:
569 1005 598 1055 te
621 1015 694 1056 vero
716 996 879 1057 Latomum
901 995 1056 1076 Sophiste-

136 1090 202 1137 rum
225 1077 343 1139 Ducem
365 1080 494 1140 seorsim
528 1081 690 1139 convenio.
746 1077 847 1139 Causa
874 1079 984 1160 premit
1005 1080 1057 1139 hu-

137 1178 240 1220 meros
262 1167 342 1240 tuos,
364 1162 431 1242 agis
454 1163 534 1222 enim
558 1162 648 1222 talem
673 1179 710 1221 ac
725 1167 852 1231 tantam,
875 1161 997 1242 qualem
1021 1181 1058 1222 ac

138 1241 326 1322 quantaml')
364 1263 422 1305 nec
455 1245 563 1306 Cicero
598 1263 656 1305 nec
688 1244 913 1305 Demosthenes
952 1246 1057 1324 egerit,

137 1327 358 1406 incendiarios,
392 1328 579 1407 sacrilegos,
601 1327 788 1405 homicidas,
811 1327 915 1387 laesae
937 1329 1057 1407 pietatis

127 1408 330 1470 'Christianae
359 1429 429 1470 reos
459 1429 515 1470 vos
545 1429 648 1471 coram
679 1419 709 1470 et
729 1409 797 1470 Dec
833 1419 863 1471 et
884 1408 1057 1471 hominibus

137 1511 208 1574 ago.
250 1493 296 1553 'lu
332 1512 406 1573 ergo
439 1513 477 1552 ne
507 1494 664 1554 existimes
698 1500 727 1552 te
755 1495 816 1553 iam
846 1492 1001 1573 disputare
1029 1503 1060 1552 et

136 1575 261 1654 ludere,
284 1576 363 1636 seria
385 1595 433 1637 res
456 1582 512 1653 est,
534 1595 625 1656 quam
649 1576 793 1655 gerimus.

220 1656 358 1735 Scilicet,
388 1660 461 1738 quia
482 1659 695 1737 comprehensi
730 1659 804 1718 estis
826 1659 857 1719 in
879 1659 1057 1738 ignominia,

136 1742 301 1802 festinastis
325 1743 404 1801 enim
428 1741 466 1803 ad
490 1742 621 1822 gloriam
643 1743 673 1800 in
696 1743 865 1822 principio,
889 1741 959 1801 ideo
985 1759 1057 1801 con-

135 1823 213 1884 lusio
236 1825 344 1905 incipit
363 1823 429 1886 fieri
451 1824 520 1885 finis
542 1824 624 1902 eius,
653 1823 713 1883 hoc
735 1831 800 1901 est,
823 1823 905 1904 quod
928 1825 973 1883 sic
995 1844 1057 1884 mu·

135 1910 215 1987 gitis,
239 1909 363 1983 tonatis,
383 1909 542 1988 insanitis,
565 1919 595 1968 et
617 1907 740 1968 auribus
762 1907 879 1967 obtusis
902 1909 1056 1967 nemiuem

134 1989 239 2050 audire
261 1991 376 2066 velitis,
410 1991 467 2051 sed
494 1999 610 2052 tantum
640 1991 700 2051 hoc
728 1991 844 2050 insanis
872 1988 1056 2050 clamoribus

130 2075 265 2150 iactstis,
287 2092 349 2134 non
371 2083 418 2134 est
439 2081 616 2155 peccatum,
639 2093 701 2134 nou
725 2086 769 2133 ast
793 2082 971 2153 peccatum,
994 2092 1055 2132 nou

134 2164 181 2217 est
202 2164 363 2238 peccatum
389 2158 420 2216 in
444 2176 538 2237 opere
560 2159 653 2218 hono.
684 2155 837 2238 Quidquid
853 2175 927 2237 ergo
950 2155 1055 2230 aliero,

133 2241 326 2320 interpretor,
349 2259 485 2322 expono,
507 2240 579 2300 nihil
603 2248 659 2316 est,
683 2247 800 2300 tantum
823 2241 853 2299 in
870 2239 1054 2301 vocabulum

133 2324 178 2382 sic
201 2324 356 2401 insanitis,
389 2342 451 2384 non
480 2324 539 2383 alia
563 2342 672 2400 causa,
704 2341 795 2400 quam
825 2323 896 2402 quia
927 2322 1055 2382 svobls

133 2405 332 2488 damnatum,
369 2407 498 2481 timetis,
533 2425 588 2486 par
616 2405 743 2465 Paulum
779 2406 811 2466 in
841 2405 1053 2467 confusionem

133 2498 267 2550 vestrum
295 2487 537 2550 resuscitandum
560 2507 647 2565 esse,
680 2487 758 2548 adeo
790 2497 823 2547 ut
844 2487 989 2549 Latomus
1010 2490 1054 2548 in-

133 2571 271 2633 credibili
299 2573 489 2654 impudentia
516 2572 577 2633 hoc
610 2571 709 2652 ipsum
746 2569 930 2631 vocabulum
965 2590 986 2631 a·
1007 2587 1055 2631 me

131 2657 267 2735 positum
290 2655 375 2716 nullo
398 2655 467 2717 loeo
490 2674 551 2716 uon
572 2656 788 2734 interpretetur
804 2671 860 2734 pro
883 2654 1005 2714 mortali
1026 2664 1055 2714 et

133 2738 300 2800 damnabili
319 2748 465 2820 peccato,
487 2737 570 2817 quod
592 2745 693 2798 tamen
716 2738 747 2796 in
771 2736 866 2797 Paulo
890 2736 955 2797 vult
975 2736 1055 2795 inlir-

133 2824 270 2883 mitatem
294 2830 410 2882 tantum
424 2821 608 2902 significare,
631 2820 703 2880 mihi
726 2839 787 2901 quo
803 2828 905 2901 potest
922 2821 1055 2881 atrocius

132 2914 164 2966 et
186 2905 324 2965 odiosius
345 2907 562 2985 interpretatur
593 2903 723 2983 ubique,
752 2923 905 2985 oppressa
934 2922 1056 2984 semper

133 3008 201 3049 mea
223 2990 485 3068 interpretatione,
510 2988 600 3047 etiam
620 2986 778 3048 confessus
803 3004 851 3047 me
864 2986 903 3046 de
920 2987 1054 3068 ignosci-

133 3071 185 3133 bili
202 3072 303 3152 loqui,
327 3072 433 3132 volens
456 3082 488 3131 ut
511 3069 640 3140 mundus
662 3070 814 3150 intelligat
835 3090 854 3131 a
876 3090 924 3130 me
947 3087 1054 3150 pecca·

130 3165 195 3216 tum
220 3155 335 3232 vocari,
358 3155 439 3233 quod
465 3156 532 3234 ipse
555 3153 620 3213 vult
641 3161 802 3233 peccatum
827 3151 938 3232 videri,
961 3152 1054 3213 hone·

131 3247 196 3299 stus
219 3237 321 3298 illest
345 3257 439 3299 verax
467 3235 521 3301 vir.
565 3237 680 3298 Rursus
708 3238 739 3296 in
763 3235 866 3296 Paulo·
896 3237 940 3297 sic
960 3236 1054 3296 inter-

131 3329 269 3402 pretatur
290 3321 410 3400 leuiter,
432 3328 465 3380 ut
488 3320 670 3381 vocabulum
693 3337 818 3399 prorsus
832 3318 931 3388 tollat.
953 3317 1053 3394 Quam

129 3415 242 3486 potens
276 3415 364 3465 autor
385 3403 547 3483 Latomus,
586 3405 636 3482 qui
666 3401 818 3463 vocabula
851 3401 993 3462 elevandi
1026 3413 1056 3462 et

131 3488 324 3570 opprimendi
348 3506 410 3548 uon
432 3506 488 3567 pro
511 3488 624 3548 meritis
648 3493 805 3562 autorum,
837 3483 890 3545 sed
912 3503 968 3566 pro
991 3484 1054 3545 libi-

204 3679 236 3748 1)
254 3673 287 3731 lu
307 3678 349 3731 ed.
369 3679 438 3744 orig.
458 3676 575 3744 legitur:
607 3676 667 3744 agis
688 3671 760 3727 enirn
781 3671 867 3725 talam
888 3688 919 3725 ac
938 3678 1045 3726 tautum

131 3751 244 3823 quolam
264 3765 296 3804 ac
315 3753 458 3819 quantum.

160 3858 252 3900 aucas
266 3866 317 3906 opp.
333 3856 361 3895 v.
372 3855 400 3894 r.
415 3853 444 3892 au
459 3844 500 3893 rar.
515 3852 565 3890 uas.
580 3850 595 3889 a
608 3861 627 3899 μ.
645 3850 694 3888 vor.
710 3851 736 3893 v.
846 3819 885 3880 3t
