2392 4170
396 241 433 300 D.
452 242 486 296 ll.
505 241 589 300 lauth.
606 240 794 297 Praeiudium.
854 217 865 225 “

371 421 426 482 De
454 420 589 483 Coena
615 418 829 501 Domini1).

215 537 284 597 Duo
307 539 412 617 itaque
434 547 505 600 sunt
526 539 598 618 loci,
621 539 671 617 qui
695 536 734 598 de
755 537 815 597 hac
836 555 868 597 re
890 536 1060 596 clarissime

142 620 453 703 tractant,'Scriptura
475 623 653 703 evangelica
679 622 708 680 iu
741 640 839 682 coena
861 619 1013 698 Domini,
1031 626 1062 680 et

140 703 243 765 Paulus
266 703 291 770 l.
317 704 388 766 Cor.
410 710 459 783 ll,
482 725 560 786 quos
574 705 739 766 videamus.
777 703 957 765 consonant
981 704 1061 762 enim

138 788 189 848 sihi
210 787 402 865 Matthaeus,
426 789 556 865 Marcus,
578 795 608 848 et
628 787 741 868 Lucas,
765 787 917 848 Christum
940 784 1062 846 dedisse

139 870 291 950 discipulis
316 873 458 933 omnibus
491 881 588 932 totum
611 881 854 945 sacramentnm,
885 875 914 929 et
935 869 1062 929 Paulum

137 964 294 1033 utramque
316 955 478 1017 tradidisse
499 960 616 1036 partem
638 960 753 1015 certum
777 963 838 1015 est:
874 954 926 1032 ita,
949 959 981 1012 nt
998 952 1062 1012 nul·

136 1041 177 1098 lus
199 1045 264 1098 tam
287 1038 473 1118 impudentis
495 1039 601 1100 frontis
624 1057 757 1118 unquam
779 1038 883 1115 fuerit,
906 1036 957 1116 qni
980 1032 1062 1095 aliud

135 1120 257 1183 diceret.
302 1121 358 1182 His
379 1122 477 1200 adde,
499 1123 582 1202 qnod
606 1122 775 1182 Matthaeus
799 1121 905 1197 refert,
941 1117 1063 1180 nonde

135 1225 213 1285 pane
243 1204 398 1266 Christum
430 1205 561 1286 dixisse,
596 1204 777 1266 manducate
800 1225 840 1265 ex
861 1204 922 1265 hoc
944 1221 1062 1278 omues,

135 1287 186 1348 red
209 1287 249 1347 de
279 1287 392 1370 calice,
430 1289 523 1351 bibite
555 1309 594 1349 ex
624 1289 683 1349 hoc
715 1307 831 1348 omncs.
883 1287 921 1348 nt
942 1285 1062 1347 lllarcus

134 1373 203 1432 item
227 1390 292 1431 non
317 1369 400 1449 dicit,
423 1372 684 1432 manducaverunt
706 1391 823 1448 omnes,
847 1370 899 1431 sed
923 1369 1077 1457 biberunt¹

134 1475 171 1514 ex
192 1473 230 1514 eo
257 1473 376 1532 omnes,
398 1463 525 1534 uterque
539 1455 743 1515 universitatis
759 1462 862 1515 notam
875 1454 914 1514 ad
926 1453 1063 1534 aelidem,

134 1557 193 1598 non
217 1535 259 1597 ad
284 1557 396 1616 panem
421 1558 557 1618 ponens,
588 1540 675 1618 quasi
700 1539 821 1618 spiritus
849 1538 982 1597 futurum
1004 1536 1065 1597 hoc

134 1621 269 1680 schisma
291 1620 486 1699 praeviderit,
509 1620 591 1700 qnod
606 1621 709 1680 calicis
733 1620 981 1682 communionem
996 1638 1064 1700 pro-

136 1703 252 1764 hiberet
280 1703 450 1782 aliquibus,
480 1723 570 1783 quem
594 1703 730 1764 Christus
759 1702 900 1764 omnibus
933 1704 1066 1764 voluerit

137 1806 198 1847 esse
222 1804 432 1846 communem.
467 1786 589 1863 Quanta
612 1794 701 1867 putas
724 1787 802 1846 furia
823 1787 852 1846 in
876 1805 933 1847 nos
954 1788 1065 1847 insani-

136 1879 216 1951 rent,
243 1871 269 1929 si
295 1869 478 1930 vocabulum
513 1890 619 1931 omnes
652 1869 690 1930 ad
718 1888 845 1950 panem,
877 1874 909 1930 et
934 1888 996 1930 non
1025 1870 1064 1929 ad

135 1953 265 2015 calicem
288 1953 652 2032 positumdnveuissent,
684 1953 797 2015 nullum
821 1952 910 2013 uobis
940 1971 1064 2031 prorsus

132 2035 279 2117 effugium
292 2035 510 2115 relinquerent,
532 2037 708 2114 clamarent,
731 2037 902 2097 haereticos
921 2035 1066 2096 decerne-

131 2126 213 2196 rent,
248 2117 464 2180 schismalicos
491 2119 680 2180 damnarent.
738 2121 778 2178 At
811 2139 879 2179 curu
908 2139 931 2200 a
960 2127 1066 2180 nostra

133 2210 219 2282 parte
238 2208 300 2261 stet
315 2209 423 2262 contra
446 2205 540 2282 ipsos,
563 2202 646 2261 nullo
670 2202 772 2261 sinunt
794 2221 863 2262 sese
885 2202 985 2262 claudi
1007 2201 1066 2280 syl·

133 2286 278 2366 logismo,
301 2285 442 2346 homines
454 2283 599 2346 liberrimi
610 2284 732 2366 arbitrii,
754 2286 845 2345 etiam
864 2286 894 2344 in
917 2286 963 2363 iis,
987 2302 1065 2363 qnae

135 2367 187 2430 Dei
210 2376 302 2445 sunt,
338 2368 506 2447 mutandis,
536 2367 740 2445 remutandis,
771 2378 800 2428 et
830 2367 971 2428 omuibus
994 2386 1064 2428 con-

140 2450 310 2513 laudandis.

214 2531 390 2615 Sed‘linge
425 2553 475 2596 me
504 2553 543 2592 ex
572 2532 702 2594 adverso
732 2540 829 2611 stare,
866 2540 896 2592 et
924 2531 1065 2593 dominos

138 2636 219 2678 neos
259 2617 398 2696 papistas
438 2617 652 2696 interrogare,
681 2616 792 2676 Totum
829 2621 1065 2694 sacramentum,

136 2719 187 2761 seu
211 2707 344 2778 utraque
365 2700 502 2779 species,
532 2701 561 2758 in
586 2718 684 2759 coena
706 2699 846 2773 Domini,
879 2704 932 2759 ant
960 2696 1064 2757 datum

134 2791 177 2844 est
198 2782 276 2842 solis
300 2781 486 2862 presbyteris
509 2783 672 2842 autsimul
694 2781 791 2842 laicis.
828 2781 867 2843 ,Si
891 2781 964 2840 solis
982 2799 1065 2860 pres·

134 2865 250 2947 byteris
278 2863 325 2942 (id
348 2866 428 2924 enirn
442 2865 578 2942 volunt),
601 2866 661 2939 iam
675 2864 758 2925 nullo
773 2864 864 2924 modo
877 2863 948 2923 licet
973 2863 1065 2923 ullam

135 2949 271 3030 speciem
296 2947 361 3007 dari
384 2947 497 3027 laicis„
518 2968 578 3009 non
608 2948 688 3008 enim
712 2955 827 3007 temere
851 2946 984 3006 dandum
1010 2952 1067 3024 est,

135 3034 182 3093 cui
207 3030 348 3092 Christus
371 3031 470 3110 prima
492 3031 681 3091 institutione
705 3050 766 3091 non
790 3029 890 3105 dedit,
917 3028 1066 3107 alioquin,

137 3117 159 3175 si
192 3133 288 3174 unam
321 3112 432 3173 Christi
461 3115 681 3175 iustitutionem
714 3113 916 3194 permittimus
947 3112 1068 3186 mutari,

137 3199 196 3258 iam
210 3197 442 3257 universnseius
455 3197 673 3278 legesfecimus
682 3199 791 3275 irritas,
805 3193 1069 3274 etqnilihetande·

137 3279 180 3341 bit
203 3279 317 3355 dicere,
340 3298 374 3338 se
386 3299 449 3340 non
466 3280 553 3360 ligari
565 3279 626 3339 ulla
638 3279 702 3339 eius
724 3280 793 3360 lege
805 3286 858 3338 aut
868 3276 1067 3337 institutione.

137 3363 206 3424 Una
219 3364 300 3423 enim
312 3361 470 3422 individua
481 3363 561 3423 tollit
571 3365 599 3421 in
615 3360 778 3442 Scripturis
793 3361 928 3421 maxime
951 3359 1070 3419 univer-

139 3446 244 3508 salem.
270 3445 299 3506 Si
308 3445 401 3507 simul
409 3452 440 3506 et
451 3446 547 3523 laicis,
564 3447 623 3506 iam
636 3444 850 3505 inevitabiliter
861 3444 1005 3521 sequitur,
1018 3441 1070 3500 lai-

140 3530 183 3590 cis
195 3548 259 3591 non
273 3527 386 3589 debere
410 3530 514 3609 negari
530 3535 689 3608 utramque
701 3529 846 3608 speciem.
870 3524 959 3601 Quod
976 3525 1001 3583 si
1020 3522 1070 3582 de-

193 3666 225 3731 1)
248 3666 278 3717 ln
299 3664 341 3718 ed.
362 3666 432 3733 orig.
452 3665 519 3718 haec
537 3665 635 3719 verba:
654 3662 695 3718 De
715 3678 803 3721 coena
824 3663 942 3727 Domini,
962 3659 1070 3727 desunt,

144 3740 260 3814 repetita
278 3743 344 3795 suut
362 3753 399 3791 ex
418 3736 460 3796 ed.
480 3735 545 3793 den.
