2392 4170
94 194 97 199 ⁶
132 241 174 308 50
332 240 695 300 Condemnatiolibrorum
711 242 747 299 D.
766 240 803 300 ll.
821 242 852 300 L.

214 411 255 495 4)
284 412 365 489 Quia
397 415 513 476 homini
543 417 701 477 oaritatern
735 414 862 476 habenti
894 395 980 475 nulla
1006 411 1058 474 lex

42 531 48 542 ·
135 499 309 557 necessaria
332 505 394 576 est,
416 498 487 558 ideo
510 518 565 578 per
587 502 647 560 hoo
668 508 883 581 praeceptum:
921 495 1059 560 Sabbata

30 646 35 655 ,
135 577 319 660 aanotifloee,
340 600 403 641 non
427 600 504 662 apua
526 585 724 663 praecipitur,
745 582 801 643 aed
824 584 921 662 quiea.
960 622 964 629 -

216 663 358 738 ollatud
380 673 578 746 praecaptum
603 667 742 727 tertium:
764 664 901 728 Sabbata
922 661 1057 725 aauotili·

135 765 203 826 oea,
226 750 359 807 oeaeavit
381 750 519 828 proprie,
541 750 604 810 imo
627 750 745 826 omnia,
775 747 877 829 quoad
900 748 1057 830 perlectos

134 830 339 907 Christianos,
362 832 435 911 quia
455 829 536 891 iusto
559 851 621 893 non
644 839 692 892 eet
713 833 763 892 lex
786 834 899 915 posite.

217 915 254 988 6)
270 912 412 992 Infirmia,
436 915 486 995 qui
500 914 637 977 nondum
660 923 732 976 aunt
752 915 927 976 mortifleali
951 933 1059 976 aeonu-

136 994 206 1055 dum
229 1003 362 1058 veterem
386 997 559 1077 hominem,
583 1019 661 1079 opus
684 1006 748 1077 eet,
771 1006 803 1058 ut
825 1000 915 1059 oertia
939 997 1058 1077 offleiia,

135 1079 252 1156 diebua,
274 1080 374 1142 modia
397 1090 595 1163 occupentur,
623 1083 744 1162 vigiliis,
765 1083 896 1163 ieiuniis,
914 1081 1059 1143 orationi-

136 1164 208 1242 bus,
238 1164 405 1245 diaoiplinia
428 1171 459 1225 et
480 1167 648 1242 similibus,
682 1166 791 1244 quibua
814 1167 995 1248 perveniant
1019 1162 1057 1225 ad

135 1248 305 1326 prol'eatum
326 1244 481 1308 interioria
505 1248 655 1328 hominia,
683 1255 733 1326 ul,
760 1248 811 1309 ubi
834 1267 946 1329 eorpua
968 1248 1060 1308 fuerit

47 1385 52 1392 .
136 1330 336 1410 oaatigolum,
370 1339 402 1391 et
430 1331 460 1391 in
491 1335 669 1393 servitutem
698 1333 787 1393 luerit
814 1333 990 1412 redactum,
1028 1336 1061 1391 et

137 1411 338 1475 mortificatae
359 1417 538 1495 passiones,
560 1425 624 1477 tuin
648 1417 717 1496 ipsa
749 1423 872 1476 oeaaeut
900 1416 1059 1496 paulatim,

137 1503 168 1556 et
190 1502 307 1558 taurum
334 1500 526 1579 minuantur,
561 1509 708 1579 quantum
737 1499 900 1580 profecerit
932 1499 1060 1559 interior

136 1578 246 1662 horno,
269 1581 349 1642 adeo
372 1588 414 1661 ut,
437 1583 462 1641 ai
484 1582 637 1662 perfectus
659 1583 763 1663 luerit,
793 1582 846 1642 illa
868 1582 973 1643 omnia
995 1601 1059 1642 oea·

138 1680 206 1722 aare
228 1664 370 1724 debeant.

220 1745 495 1822 Quaelibethaium
511 1749 599 1809 trium
611 1749 858 1828 Propositionum
870 1748 1058 1830 praecedan-

138 1830 210 1889 lium
235 1837 283 1891 est
304 1850 435 1892 erroneo
457 1831 632 1913 Scripturae
654 1832 810 1892 intellectu
833 1837 967 1913 aeserta,
995 1833 1059 1892 iure

137 1915 334 1987 ineonoilio
369 1915 535 1977 Viennensi
567 1928 676 1977 eontra
703 1915 862 1995 Begardoe
894 1915 1060 1997 reprobata

118 1995 168 2057 'et
190 1998 353 2059 haeretice.

313 2178 374 2242 ‘De
396 2179 586 2244 oonsiliia
609 2178 888 2264 Evangelioia

226 2331 260 2416 1)
285 2333 361 2394 illud
389 2334 514 2395 verbum
538 2335 648 2396 Christi
672 2334 817 2395 Matthaei
844 2337 966 2416 quinto:
1001 2336 1060 2412 Qui

141 2430 171 2479 te
193 2419 378 2498 perouaaerit
399 2419 429 2477 in
453 2418 609 2478 maxillam
641 2417 781 2479 dextram
813 2427 888 2498 eto,
927 2427 958 2479 el
986 2420 1059 2482 illud

141 2501 179 2563 ad
208 2501 366 2561 Romanos
400 2500 597 2562 duodecimo:
631 2501 700 2561 Nou
734 2520 790 2561 vos
821 2502 1057 2580 defendentes¹)

141 2585 289 2645 oarieaimi
308 2594 365 2645 eta.
395 2603 456 2644 non
486 2593 556 2644 eunt
579 2585 724 2661 consilia,
758 2587 836 2645 aiout
858 2588 950 2647 etiam
972 2587 1059 2649 mulli

141 2667 292 2748 'l'heologi
316 2687 418 2728 errare
440 2669 589 2745 videntur,
609 2667 664 2728 aad
686 2667 913 2749 praeoepla2).

224 2751 309 2812 Haeo
336 2752 511 2831 Propositio
548 2762 595 2812 eal
625 2751 719 2827 falsa,
756 2752 832 2832 legia
868 2753 1059 2816 Christianae

141 2837 265 2896 nimium
289 2836 457 2914 operativa,
480 2844 511 2894 et
531 2854 626 2895 ennae
647 2835 868 2915 intelligentiae
886 2836 1060 2919 Seriplurae

142 2918 282 2980 adverae.

223 3003 260 3076 2)
283 3001 452 3081 ¹Requirere
480 3019 585 3062 noram
606 3001 716 3063 ludina
743 3001 782 3063 de
810 3004 919 3065 iniuria
941 3023 1060 3087 repara·

141 3087 256 3146 tionem
280 3085 458 3145 Christianis
480 3084 666 3165 prohibitum
690 3096 745 3148 eat.

224 3168 308 3229 Haeo
319 3168 493 3248 Proponitio
512 3168 656 3248 ealfalsa,
672 3170 865 3251 scandaloso,
887 3173 944 3232 iuri
957 3171 1060 3233 divino

142 3251 333 3331 naturalique
356 3251 491 3312 dissona.

225 3332 261 3417 3)
274 3333 354 3409 Quia
369 3335 560 3396 Christianus
572 3335 754 3415 temporalia
768 3356 829 3397 non
844 3338 936 3400 debet
949 3358 1062 3418 amare,

141 3417 212 3478 ideo
234 3425 360 3499 propter
382 3437 419 3478 ea
440 3437 503 3479 non
528 3416 620 3477 debet
642 3419 751 3484 iurare.

142 3561 401 3571 —.—--.---....-,.—.
411 3564 422 3569 -
429 3564 435 3569 .
528 3564 558 3569 -.

215 3611 244 3681 l)
266 3613 297 3666 ln
315 3610 359 3669 ed.
379 3612 463 3682 orip:
478 3564 693 3668 'iaanendentea

210 3684 242 3755 2)
266 3681 385 3740 ibidem
404 3689 600 3756 praeoeptunr3
621 3683 717 3740 lentio:
737 3694 944 3759 praecepta,
964 3692 1008 3745 eat
1026 3703 1061 3744 ex

141 3754 184 3813 ad.
204 3757 260 3814 len.
279 3756 405 3828 repetita.
