2392 4170
452 281 534 345 bon.
551 283 631 345 ttae.
666 282 745 344 nuth.
999 284 1062 356 31¹0
1121 379 1123 383 Ι

137 467 186 522 asi
208 464 334 525 sertum.
377 454 446 522 Non
471 463 657 544 enimoapii
679 461 774 544 ratio,
822 458 874 522 uit
905 461 946 524 sil
965 461 1060 543 Deus,

139 544 310 608 certissime
333 550 434 608 tamen
460 546 552 628 oepit,
577 545 648 627 quid
672 563 731 606 uon
756 547 795 605 sit
846 556 910 609 eus.
953 545 999 607 lta
1026 546 1060 606 li-

138 630 188 691 eet
209 647 271 689 non
295 627 412 706 videat,
440 625 512 709 quid
534 634 649 691 reolum
683 636 714 689 al
742 627 855 690 bonum
886 629 925 690 sit
953 642 1058 689 norem

136 709 205 772 Deo
228 711 354 792 (nempe
377 711 486 782 fldem)
499 760 506 792 ,
531 713 588 774 soit
609 718 712 774 tamen
746 709 904 772 evidenter
933 710 1059 773 inlide'li·

138 803 249 873 tatem,
270 795 450 872 homicidia,
481 793 719 857 inobedientiam
750 813 818 855 esse
847 793 938 856 mala.
992 793 1061 871 Qua

138 885 169 939 et
184 874 320 939 Christus
343 880 443 957 utitur,
471 877 542 939 dum
566 878 743 957 meseum),
767 879 859 938 omne
879 890 1007 958 reguum
1029 882 1059 940 in

138 980 172 1021 se
196 962 295 1043 ipsum
320 961 447 1022 divisum
473 962 661 1040 desolari,et
675 958 798 1035 Paulus,
821 960 892 1020 dum
911 960 984 1021 dieii
997 958 1060 1044 ⁶*)‚
1085 968 1089 975 '

139 1064 196 1106 nen
218 1053 355 1105 naturam
379 1045 502 1124 dooere,
525 1054 557 1106 ut
578 1046 686 1107 mulier
708 1043 823 1106 nudato
854 1044 954 1125 eapite
988 1062 1058 1126 pro*-

137 1127 250 1208 phetet.
272 1146 275 1152 ·
294 1125 385 1202 Quod
408 1147 482 1210 ergo
507 1129 577 1189 buio
599 1129 709 1190 raliobi
732 1127 891 1189 evidenter
916 1126 1059 1189 adverse·

137 1223 201 1292 tur,
239 1219 354 1271 eertum
387 1221 434 1272 est
474 1219 505 1272 et
544 1213 611 1274 Deo
635 1211 731 1274 mullo
762 1211 860 1292 magis
893 1211 1058 1274 adversari.

138 1292 303 1371 Quomodo
327 1294 406 1354 enirn
427 1295 552 1355 coelesti
576 1295 695 1356 veritali
718 1313 779 1355 non
794 1292 953 1376 pugnabit,
975 1296 1058 1376 qnod

139 1387 278 1441 terrenae
310 1374 430 1439 veritali
463 1376 604 1459 pugnat?
645 1396 706 1459 quo
739 1378 833 1439 modo
860 1383 893 1439 et
922 1377 1058 1439 Christus

139 1461 245 1522 loban.
269 1464 298 1536 3,
323 1462 481 1521 veritatem
505 1461 672 1545 distinguit,
695 1468 726 1522 et
742 1474 782 1520 ex
796 1467 924 1542 utraque
941 1462 1061 1542 arguit:
1092 1533 1094 1537 ¹

137 1542 168 1605 Si
192 1553 312 1606 terrens
343 1543 429 1606 vobis
458 1543 520 1606 dixi
551 1553 581 1606 et
604 1563 665 1606 uon
689 1542 825 1623 eraditis,
855 1547 1011 1626 quomodo
1034 1547 1070 1605 si·

137 1627 285 1690 eoelestia
306 1626 394 1690 vobis
417 1627 524 1689 dixero
556 1626 710 1690 oreimis?
750 1626 918 1688 Videamus
944 1629 1058 1710 iraque,

136 1717 170 1771 ul
198 1712 365 1772 institutum
397 1714 599 1772 monasticum
631 1726 692 1772 non
722 1710 821 1772 solnm
849 1711 1059 1772 adversarium

137 1795 177 1854 sii
198 1790 274 1876 Legi
297 1804 327 1855 et
349 1788 521 1876 Evangelio
545 1802 575 1856 el
597 1795 745 1856 universis
762 1788 936 1876 Sbiiptut‘ie,
958 1793 1059 1855 verbis

138 1885 169 1939 el
191 1879 335 1959 operibus
365 1877 436 1957 Dei,
471 1888 574 1940 verum
606 1879 698 1939 e'tiam
735 1879 890 1938 moranni
923 1881 1057 1938 omnium

137 1961 240 2022 sensui
263 1960 431 2026 bominum.
471 1962 517 2022 Ao
539 1965 569 2023 in
594 1962 698 2042 primis
718 1961 750 2021 il
774 1960 1062 2042 apprebendnmue‘:

139 2044 270 2124 Votum,
293 2047 411 2107 etiamsi
435 2058 490 2127 per
512 2048 617 2108 omnia
644 2046 726 2126 pium
755 2052 788 2104 et
816 2053 930 2105 reatuin
958 2045 1059 2119 inerit,

137 2139 237 2189 lamen
262 2130 286 2189 si
308 2129 498 2211 impossibile
520 2130 632 2191 fanium
658 2129 755 2209 iuer‘ii,
781 2127 893 2189 desinit
914 2147 983 2188 esse
1006 2146 1056 2189 ru-

137 2218 211 2290 lnm,
235 2230 292 2271 neo
313 2209 443 2291 amplius
467 2215 558 2274 eliam
587 2210 668 2294 apud
692 2210 787 2273 Deum
819 2219 921 2293 potest
953 2211 1060 2294 ligure.

137 2292 279 2373 Exempli
307 2294 405 2373 grntia
431 2297 542 2356 vovisti
569 2297 754 2378 peregrinati
780 2294 822 2356 ed
842 2293 876 2361 S.
897 2293 1056 2373 laoubunu

136 2374 191 2438 sed
216 2377 407 2455 interciperis
429 2374 477 2437 vei
499 2385 610 2460 molle,
632 2379 680 2439 vel
704 2379 824 2459 inopia,
859 2378 906 2440 nel
936 2380 1055 2459 marbo,

136 2460 184 2522 vel
209 2459 404 2541 eaptivi'late3
430 2458 481 2520 bia
503 2464 569 2522 sine
600 2461 746 2541 aorupulo
766 2469 872 2522 votnm
897 2465 1057 2526 omittitur.

106 2568 109 2575 ¹
135 2542 174 2605 lit
203 2543 362 2625 probatur,
397 2550 488 2605 omne
520 2552 625 2605 velum
656 2543 722 2604 lieri
741 2542 1003 2621 uenditionnliter‚
1025 2556 1056 2608 e't

135 2648 257 2710 semper
279 2633 440 2708 exceptam
461 2626 588 2708 intelligi
613 2626 904 2708 impossibilitatem.

216 2705 347 2773 Olarane
369 2718 399 2772 et
422 2719 503 2773 nerlu
526 2718 597 2773 euni
608 2708 800 2772 habebatis?
822 2708 912 2783 Quod
926 2712 1006 2772 enim
1020 2712 1056 2772 de

136 2815 197 2856 uno
219 2801 292 2856 vote
315 2793 469 2877 asseritur,
492 2793 530 2855 de
548 2795 689 2859 omnibns
703 2797 798 2854 asseri
814 2793 914 2858 debet.
945 2794 1056 2857 Omnia

139 2881 220 2939 enim
244 2880 308 2939 sive
331 2896 443 2959 magna
465 2880 530 2940 sive
553 2894 658 2961 parva,
676 2879 747 2938 eive
782 2878 962 2958 temporalia
992 2879 1058 2939 sive
1111 2917 1112 2922 κ

137 2968 297 3044 perpetua,
320 2961 488 3042 aequaliter
509 2960 570 3029 hoo
596 2968 762 3044 piaenept'o
794 2961 1057 3042 comprehendun-

135 3054 197 3106 tur:
227 3042 349 3106 Voveie
373 3052 403 3105 et
424 3045 551 3127 reddite,
575 3046 662 3107 sinuli
694 3043 874 3108 videbimus.
918 3043 949 3106 Si
980 3062 1055 3127 ergo

136 3130 165 3189 in
190 3147 250 3190 uno
274 3136 403 3210 excepta
427 3136 474 3192 est
488 3128 719 3212 impossibilitas
737 3127 786 3190 vel
805 3129 940 3208 minimo,
959 3130 1054 3190 etiam

137 3221 268 3292 excepta
291 3218 338 3273 esi
359 3213 388 3272 in
412 3213 548 3293 quolibet
570 3212 621 3274 vel
639 3214 790 3275 'maximo
823 3210 854 3273 dl
877 3213 969 3294 igitur
987 3228 1054 3274 noe·

136 3294 262 3356 libatum
285 3295 416 3376 voveris,
438 3303 469 3358 et
489 3303 600 3378 postea
621 3296 753 3358 senseris
772 3295 1001 3377 impossibilem·
1019 3299 1055 3357 tt

131 3375 176 3456 bi,
200 3397 303 3439 nonne
325 3377 419 3439 libere
440 3380 555 3451 nubere
577 3383 681 3461 poles,
716 3387 818 3440 votnm
851 3385 934 3440 tuum
961 3381 1055 3440 inier-

132 3468 271 3544 pretalus
296 3460 567 3524 conditiontilber?
600 3461 679 3538 Quid
702 3463 782 3525 enim
804 3461 855 3523 liin
878 3463 992 3544 obstat,
1012 3478 1055 3524 ne

135 3546 180 3606 sin
204 3546 297 3606 iacias
320 3551 351 3605 el
365 3545 488 3625 possis?
521 3547 569 3608 An
593 3552 655 3607 non
679 3552 735 3608 est
754 3545 919 3608 ‘infirmitas
955 3548 1055 3608 narnis

135 3634 252 3690 tantum
279 3625 530 3710 impedimentum
553 3628 743 3710 coelibatus,
769 3635 917 3712 quantum
951 3631 1056 3714 inopia

211 3819 240 3887 ⁴)
262 3819 327 3872 uus.
348 3819 392 3874 11.
431 3817 479 3888 ··)
502 3820 525 3874 1.
541 3816 612 3874 'oon
629 3818 674 3875 ii.
