2392 4170
179 214 223 287 88
532 218 757 280 naumurum

180 392 301 457 hsnues
322 393 449 472 Eccius,
472 396 523 475 qui
546 393 704 455 multum
695 413 726 454 ιιι
747 392 808 454 hac
828 410 923 454 causa
941 390 1106 467 loboravit,

181 486 213 540 et
234 477 352 539 Bullam
374 479 466 539 etiem
481 479 613 558 ipsemet
624 478 743 539 Romae
757 477 973 558 comportavit.
1008 474 1104 552 Quar-

181 568 230 622 tus
258 567 306 622 est
331 561 468 624 Thomas
488 562 662 643 Rhadiuus,
691 562 812 640 quintus
834 560 958 642 quidem
981 558 1108 623 Cremo?

183 646 287 705 nensis
308 644 428 725 Frater,
449 653 555 706 sextus
579 645 708 707 devotus
729 645 781 706 ille
800 645 893 706 irater
915 643 1105 723 Augustinus

182 726 387 793 Alveldeusis.
429 726 583 809 Septimus
611 728 720 789 dicitur
749 748 819 789 esse
852 727 975 808 quidam
1005 725 1105 785 dictus

182 810 387 891 Hieronymus
409 811 532 885 Emser,
561 813 611 892 qui
641 814 671 871 iu
703 812 869 873 vernacula
898 810 993 872 multa
1023 809 1106 869 bonu

182 894 303 975 scripsit
330 900 438 955 contra
458 895 638 975 lutherum,
661 894 768 956 ultimo
793 894 873 956 duae
903 894 1034 955 dilectae
1057 910 1105 952 so·

182 996 268 1039 rores
298 984 424 1039 nostrae
453 977 649 1039 Coloniensis
685 986 715 1038 et-
746 978 946 1039 Lovanieusis
978 975 1106 1035 scholae

182 1059 406 1122 damnaverunt
448 1061 613 1123 Lutherum
662 1061 879 1123 doctrinaliter.
950 1056 1105 1136 Scimule

183 1144 287 1222 etiam,
310 1143 563 1223 quodcarissime
584 1164 673 1206 soror
696 1154 800 1207 nostra
814 1145 980 1224 Lipsiensis
997 1141 1106 1202 schole

183 1225 344 1287 nobiscum
367 1234 450 1288 leuet
471 1236 503 1288 et
523 1230 640 1289 fortiter
666 1229 746 1288 zelat
767 1247 823 1308 pro
846 1229 975 1288 veritate
997 1232 1106 1286 contra

183 1309 502 1390 Vuittemhargeusem
515 1312 664 1373 scholam.
686 1311 725 1371 llt
739 1312 832 1373 habet
842 1331 898 1391 pro
913 1330 947 1369 se
957 1309 1105 1369 illustrem

183 1392 300 1453 Ducem
334 1393 490 1455 saxoniae
511 1395 689 1476 Georgium
719 1397 770 1474 qui
799 1395 926 1454 multum
957 1392 1106 1453 sollicitus

183 1484 231 1536 est
260 1477 291 1536 iu
323 1476 431 1538 eudem
459 1497 563 1539 causa.
607 1477 668 1538 Sed
696 1477 791 1539 habet
818 1498 910 1537 uuum
941 1475 1106 1554 defectum,

182 1558 264 1637 quod
294 1559 446 1621 Graecam
478 1560 614 1642 linguam
650 1564 768 1621 curavit
801 1564 831 1622 iu
860 1581 918 1621 sua
947 1558 1107 1620 academia

182 1640 295 1703 docere
321 1649 353 1704 et
374 1644 502 1722 discere,
524 1644 605 1704 unde
627 1644 792 1705 timendum
818 1651 881 1721 est,
904 1643 986 1722 quod
1012 1642 1108 1702 multa

182 1725 264 1785 mala
286 1726 344 1788 sibi
365 1729 512 1807 acquirat.
557 1727 595 1787 Et
623 1727 694 1788 ideo
721 1728 801 1787 ulma
830 1726 974 1788 Facultas
1000 1733 1107 1786 nostre

181 1808 282 1869 noluit
316 1808 517 1871 determinare
552 1830 644 1890 super
677 1810 915 1891 disputationem
953 1809 1037 1870 Eccii
1076 1814 1107 1868 et

181 1891 316 1973 Lutlreri‚
338 1894 430 1953 ctiam
453 1894 524 1954 ideo
544 1896 615 1971 quia
638 1911 699 1954 nou
722 1895 805 1954 misit
826 1894 986 1973 pecuniam
1010 1891 1105 1971 Magi·

181 1976 251 2035 stris
272 1976 385 2036 uostris
430 1996 486 2056 pro
509 1975 636 2055 labore,
669 1986 700 2037 et
721 1978 779 2054 ipsi
814 1977 908 2056 gratis
938 1975 1104 2035 uoluerunt

181 2057 395 2120 determinare.
439 2059 478 2119 Et
505 2066 596 2123 recte.
640 2058 715 2135 Quis
737 2061 818 2120 euim
848 2060 911 2119 suis
947 2056 1106 2138 stipendiis

184 2159 318 2220 unquam
341 2140 503 2201 militavit?

267 2221 344 2283 Sunt
365 2224 439 2283 item
461 2224 512 2284 alii
540 2224 658 2284 multi
650 2244 680 2284 ιιι
710 2225 777 2285 aliis
802 2227 914 2285 nostris
937 2223 1105 2298 sororibus,

182 2306 235 2384 qui
258 2310 360 2384 partes
382 2313 504 2368 nostras
535 2315 656 2388 teuent,
679 2309 757 2368 sicut
784 2310 813 2367 iu
837 2307 1105 2368 Francofordieusi

183 2387 342 2449 Cuurudus
372 2389 571 2470 Vimpina²J‚
595 2392 644 2469 qui
668 2400 716 2450 est·
738 2411 815 2450 uuus
843 2391 1005 2469 singularis
1027 2389 1106 2450 Tho·

181 2472 283 2549 mista,
305 2480 336 2532 et
356 2478 466 2558 tantus
489 2473 571 2552 quod
589 2472 718 2533 libenter
735 2473 829 2534 vellet
851 2473 915 2533 fieri
929 2474 1104 2553 episcopus,

181 2560 213 2614 et
232 2516 390 2615 ludicram
410 2576 500 2615 uuam
528 2575 637 2615 navem
662 2575 718 2636 pro
741 2557 840 2617 uobis.
876 2557 945 2616 Et
939 2576 968 2616 ru
993 2555 1104 2615 Tubiu-

180 2656 267 2716 gener
260 2639 322 2698 est
335 2658 413 2698 unus
425 2639 641 2698 subtilissimus
653 2639 795 2717 Scotino,
810 2638 943 2700 Iacobus
958 2639 1064 2718 Lemp.
1067 2639 1105 2713 ³),

181 2721 268 2799 quisi
291 2722 427 2781 essetita
449 2720 568 2799 doctus,
592 2723 670 2781 sicut
694 2721 820 2802 adparet
844 2724 941 2801 sibi,
935 2742 1000 2801 rpse
1023 2728 1104 2782 esset

181 2803 272 2863 etiam
295 2823 388 2883 super
409 2823 518 2865 omnes
541 2804 704 2883 Magistros
727 2816 850 2865 nostros
873 2806 1071 2865 Parisienses.

263 2885 345 2946 Ecce
367 2891 399 2946 tu
422 2887 652 2965 Melauohthon,
675 2887 754 2947 vade
777 2907 874 2967 nunc,
897 2896 927 2947 et
949 2888 1082 2946 scribe
1074 2906 1103 2945 ιιι

181 2974 235 3028 tua
256 2969 349 3029 stulta
371 2976 402 3029 et
423 2972 633 3049 graecissante
655 2977 686 3030 et
707 2970 915 3031 haereticaute
938 2971 1104 3066 Apologia

180 3050 295 3111 ulmam
318 3051 506 3113 Facultatem
529 3072 589 3112 uon
613 3052 727 3114 habere
755 3056 837 3115 viros
860 3055 1030 3133 primarios,
1054 3054 1103 3131 qui

181 3152 269 3194 suam
292 3136 476 3196 seutentiam
498 3136 661 3216 perferant.
698 3135 777 3212 Quid
801 3138 913 3217 obstat,
936 3135 1018 3214 quud
1041 3156 1102 3196 uon

180 3224 251 3275 sunt
272 3218 356 3277 missi
379 3237 399 3278 a
420 3218 532 3279 nobis?
575 3217 697 3298 suflicit,
721 3219 803 3297 quod
826 3240 882 3279 sua
904 3230 1015 3298 sponte
1039 3240 1105 3278 cur·

180 3305 250 3358 runt
271 3299 301 3359 iu
321 3299 520 3361 ministerium
543 3309 690 3363 nostrum.
723 3302 871 3362 Audimus
895 3304 997 3365 etiam.
1021 3301 1103 3381 quod

180 3382 311 3442 eximius
340 3383 386 3442 vir
412 3383 542 3445 lacobus
570 3383 715 3445 Latomus
743 3385 943 3446 Lovaniensis
979 3387 1103 3465 egregie

267 3578 300 3647 1)
321 3577 416 3634 Verba
447 3594 520 3649 quae
547 3586 699 3649 sequuntur
734 3595 752 3636 a
781 3581 914 3637 Scimus
948 3598 1035 3651 usquc
1065 3582 1102 3635 ad

178 3648 348 3705 militavit
366 3650 497 3706 desunt
489 3666 517 3704 ιιι
537 3652 580 3706 ed
599 3655 708 3708 Ien.—
735 3654 767 3720 2)
791 3657 820 3708 lu
839 3655 882 3711 cd
909 3655 992 3723 orig:
1023 3656 1101 3711 vum-

180 3719 256 3790 piua
293 3722 379 3791 3J1n
398 3723 442 3783 ad.
461 3725 529 3779 len·
549 3724 623 3779 Lem.
