2392 4170
390 270 530 325 Ambrosii
550 270 660 326 Gathar.
682 289 705 328 a.
725 272 805 330 tout.
1001 271 1062 337 371

140 428 1064 512 tione,sedcampanas,lignaetlapidesDcoungereetaqua

140 530 357 592 conspergere,
370 517 399 572 in
410 515 519 592 quibus
530 535 639 591 mures,
650 534 782 575 araneae
792 524 821 575 et
830 532 903 575 aves
917 515 1063 593 habitent,

139 614 201 655 non
211 597 361 656 Christus.
385 596 436 657 Sic
447 598 560 676 lignum
576 599 922 679 consecratligna,lapis
937 598 1063 678 lapidee,

139 687 407 756 truncuabuncos,
417 681 610 739 simulacrum
620 680 792 759 simulacra,
806 681 1022 752 idolumidola,
1032 690 1065 742 ut

139 763 273 821 liabeaut
295 764 410 822 similes
434 762 518 822 labra
543 765 686 824 lactucas.
730 763 769 823 Et
790 767 938 824 tamenin
959 766 1063 825 iisdo·

139 847 255 921 cendia,
280 846 437 904 servandis
461 856 491 904 et
515 847 673 922 ornandis,
696 847 779 906 Deus
803 847 893 922 boue,
917 861 1061 926 quantum

139 935 186 988 cst
208 929 310 1008 legum
335 936 366 988 et
386 930 569 1009 glossarum,
587 930 691 1008 quanti
714 930 857 1011 scrupuli,
881 935 984 1010 quanti
1008 933 1062 992 Oa-

137 1030 200 1087 sus,
223 1020 357 1090 quantae
380 1014 587 1092 poeniteutiae
609 1021 639 1071 et
652 1014 900 1073 satisfactiones?
924 1015 1063 1074 Eltsanc·

137 1096 272 1154 tissimus
310 1094 359 1153 ille
396 1114 488 1176 quam
529 1095 651 1154 dillicile
684 1099 808 1155 remittit
841 1099 899 1156 ista
935 1108 1064 1176 peccata

137 1178 254 1255 tiotitia,
283 1196 409 1257 prorsus
441 1197 501 1238 non
537 1180 593 1237 uisi
628 1199 683 1258 pro
716 1181 858 1258 pecunia,
890 1187 925 1260 et
943 1182 1060 1240 interim

138 1260 289 1321 adulteria
318 1270 348 1321 et
374 1263 539 1341 impiisima
567 1263 685 1321 scelera
707 1262 814 1322 fovens
838 1265 941 1324 etiam.
986 1263 1058 1322 Rur-

137 1360 200 1421 sus,
225 1343 385 1423 quantisl)
415 1345 611 1423 indulgentiis
634 1345 688 1404 has
711 1346 841 1404 iustitias
864 1347 1059 1406 remunerat?

137 1436 168 1491 ct
190 1429 310 1504 merito,
333 1427 444 1486 talibus
467 1430 547 1486 enim
570 1429 801 1487 remissionibus
825 1429 901 1488 tales
920 1439 1061 1508 peccato·

136 1531 186 1572 res
210 1510 353 1588 donandi¹
368 1521 398 1569 et
421 1510 531 1569 talibus
548 1513 695 1590 praemiis
719 1511 795 1571 tales
818 1513 888 1571 iusti
912 1530 1061 1572 coronan-

137 1596 167 1654 di
189 1606 270 1671 suut,
293 1602 325 1652 ut
346 1600 408 1653 tam
433 1612 523 1652 verae
546 1595 607 1653 sint
638 1595 844 1674 indulgentiae
878 1602 909 1654 et
941 1595 1062 1655 absolu·

137 1681 247 1753 tiones,
271 1695 361 1755 quam
385 1696 457 1736 vera
480 1683 550 1735 sunt
572 1685 700 1756 peccata
723 1686 753 1736 et
774 1679 916 1739 iustitiae.
940 1678 967 1740 Ο
989 1679 1061 1739 abo·

138 1762 314 1821 mina-udam
337 1760 610 1820 abominationem.
719 1831 721 1836 Ι

221 1844 272 1903 Sic
294 1842 431 1902 Christus
454 1843 529 1902 nihil
552 1843 696 1902 discrevit
721 1844 751 1901 in
783 1843 857 1901 cibis
889 1853 919 1902 et
942 1843 1060 1920 diebus,

136 1934 170 1987 ut
193 1926 362 2006 Apostolus
385 1926 487 1985 multis
510 1926 586 1988 locis
609 1926 715 2004 docet,
747 1943 805 1984 nec
839 1927 935 1986 voluit
967 1929 997 1985 in
1022 1929 1063 1984 ul·

137 2011 195 2070 lius
222 2009 298 2084 cibi,
332 2015 385 2068 aut
406 2009 465 2068 diei
489 2028 545 2069 usu
574 2017 735 2089 peccatum
764 2008 828 2068 fieri
852 2027 962 2088 posse,
998 2029 1059 2069 non

136 2095 217 2154 enim
241 2112 324 2171 usus,
347 2092 400 2151 sed
426 2094 675 2173 coucupiscentia
700 2094 757 2150 cibi
779 2094 809 2151 in
822 2091 992 2171 Evangelio
1017 2112 1060 2151 re-

135 2178 292 2257 probatur.
337 2178 377 2234 At.
398 2177 607 2235 sanctissimus
631 2176 741 2235 Christi
771 2175 973 2254 adversarius,
988 2196 1059 2235 con-

135 2261 327 2340 cupiscentia
348 2258 419 2317 nibil
444 2266 560 2335 curata,
586 2279 672 2317 usum
696 2261 842 2331 carnium,
866 2260 965 2336 lactis,
986 2279 1059 2319 ovu-

134 2363 212 2420 rum,
236 2343 336 2422 butyri
357 2351 388 2400 et
409 2344 550 2401 similium
575 2363 628 2421 per
651 2342 916 2421 quadragesimam
944 2352 973 2401 ct
994 2344 1059 2402 dies

134 2428 316 2486 ieiuniorum
339 2425 481 2507 prohibet
503 2426 665 2520 autgritate
688 2424 800 2504 divina,
836 2446 888 2484 scu
927 2426 982 2484 sub
1006 2445 1058 2486 uo·

134 2511 216 2568 mine
240 2509 306 2585 Dei,
331 2502 454 2567 stultum
479 2511 633 2582 ieiunium,
656 2526 715 2566 non
739 2509 770 2565 in
794 2508 966 2567 cohibenda
989 2523 1059 2568 eon·

135 2593 340 2672 cupiscentia,
362 2591 416 2650 sed
439 2594 466 2649 iu
491 2591 663 2650 cohibendo
687 2610 741 2649 usu
770 2593 969 2650 constituens.
997 2592 1059 2651 Sic-

134 2684 169 2736 ut
200 2676 238 2735 de
269 2693 307 2735 eo
335 2675 530 2754 prophetavit
550 2674 671 2747 Paulus,
694 2673 716 2732 1.
740 2673 816 2737 Tim.
839 2674 873 2736 4:
897 2674 1060 2734 Prohiben-

134 2761 209 2818 tium
234 2759 349 2817 nubere
374 2764 404 2816 st
426 2759 579 2817 abstinere
603 2757 728 2827 scibis,
762 2775 839 2836 quos
868 2756 953 2816 Deus
976 2776 1056 2817 crea-

135 2844 178 2901 vit
199 2842 237 2902 ad
261 2842 490 2922 percipiendum
514 2860 582 2900 cum
607 2843 770 2919 gratiarum
794 2841 926 2900 actione.
961 2840 1059 2919 Igitur

134 2934 167 2986 et
187 2926 236 2984 bic
258 2932 387 3005 peccata
403 2923 488 2983 facta
512 2933 581 2982 suut
604 2923 727 2983 arbitrio
741 2923 872 2982 bominis
891 2925 978 2982 istius
989 2943 1058 3004 pec·

135 3011 205 3087 cati,
229 3009 279 3067 ubi
301 3007 478 3067 naturaliter
501 3007 615 3066 nullum
645 3016 805 3086 peccatum
829 3013 885 3066 est.
929 3007 968 3066 Et
996 3008 1059 3067 alli·

134 3101 188 3173 gat
210 3091 256 3151 his
279 3091 369 3150 rebus
393 3093 607 3169 conscientias,
631 3091 815 3168 divexatque
844 3089 962 3168 legibus
986 3091 1056 3150 stul-

135 3179 183 3253 tis,
207 3182 238 3235 ut
261 3174 345 3235 nullo
369 3193 462 3254 opere
486 3174 577 3234 hodie
600 3176 784 3252 pertinacius
802 3174 1059 3252 populimetuant

134 3268 167 3319 et
188 3257 347 3318 confidant
370 3275 459 3336 quam
483 3259 623 3337 papistici
649 3259 735 3316 huius
759 3257 871 3316 ieiunii.
916 3257 992 3316 Nam
1008 3277 1058 3317 cc-

134 3341 256 3419 cidisse,
284 3341 489 3417 adulterasse,
523 3340 682 3400 fraudasse
716 3340 997 3420 incomparabiliter
1019 3343 1058 3400 le·

134 3427 201 3485 vius
224 3425 347 3502 habent,
371 3443 461 3502 quam
485 3443 555 3502 ova,
572 3424 723 3504 butyrum,
747 3424 804 3497 lac,
827 3442 935 3483 carnes
952 3425 1057 3484 diebus

131 3511 236 3570 ieiunii
259 3509 369 3570 edisse.
413 3507 452 3566 m.
474 3507 520 3565 bis
543 3509 694 3567 erroribus
725 3508 825 3586 impiis
858 3509 1058 3567 conscientia-

132 3613 201 3653 rum
234 3602 265 3651 et
297 3590 411 3650 violata
445 3589 504 3649 lide
538 3591 649 3650 Christi
684 3591 762 3650 adeo
794 3592 1060 3651 uousollicitatur

413 3705 556 3712 m

189 3761 218 3824 1)
238 3757 269 3810 In
288 3756 351 3812 edit.
371 3759 454 3825 orig:
474 3759 610 3825 quamvis.

818 3828 887 3891 24*
