2392 4170
130 233 200 331 ff
445 232 489 291 De
506 234 580 290 sctis
598 232 760 290 monasticis

136 412 216 492 iero,
237 406 393 471 secundus
414 407 465 469 vei
486 409 593 469 tertius
616 426 700 483 eam,
730 407 792 469 boc
813 412 877 487 εει,
904 427 944 468 ne
972 405 1059 470 scius

131 512 219 555 cans.
261 491 331 554 Hoc
351 492 424 554 vovi
446 511 545 572 nsque
566 492 606 552 sd
627 498 757 553 mortens
779 510 919 570 servare,
951 498 985 552 ut
1005 511 1058 553 cx·

138 595 249 658 presse
269 576 363 638 babet
382 576 484 637 forma
504 577 579 639 voti.
612 575 734 635 interim
757 592 818 658 ego
841 576 949 655 capior
962 582 993 635 ct
1005 594 1059 636 so-

136 662 184 721 tus
205 678 275 720 esse
296 678 404 741 cogor,
426 659 488 739 nbi,
509 677 646 740 quaeso,
668 665 772 719 manet
794 677 897 720 meum
931 658 1058 719 vctnnri

135 741 237 807 occidi
263 745 366 823 potius
394 741 510 819 debeo,
542 761 634 823 quam
666 742 753 803 solus
781 760 868 822 esse,
896 743 923 802 si
951 749 1058 803 votnm

135 845 199 889 non
221 829 339 909 excipit
358 825 558 907 impossibiie.
600 824 643 885 At
671 827 698 885 si
726 834 847 904 tenear,
873 845 913 885 nc
940 827 1058 907 possim

5 920 11 929 '
129 910 248 992 cecidi,
270 909 344 992 qnid
364 908 496 971 faciam
529 909 586 971 Hic
609 915 714 969 votnm
736 908 880 987 solvitur,
900 918 954 970 out
974 909 1058 989 prius

135 992 305 1056 involvisse
338 994 536 1074 cognoscitur
571 999 736 1073 exceptam
769 992 1057 1072 impossibilitatem

136 1075 189 1153 Sic
208 1077 240 1137 in
262 1077 371 1140 adem
393 1076 500 1157 regula
521 1095 622 1138 voveo
640 1077 761 1137 statutis
782 1075 867 1135 horis
888 1095 987 1154 orare,
1009 1094 1059 1137 vc·

129 1161 250 1239 stibus,
272 1162 365 1242 cibis,
386 1160 463 1221 locis
486 1162 539 1222 uti.
583 1160 625 1221 At
646 1161 698 1220 ubi
718 1165 938 1240 aegrotavero,
959 1166 994 1219 ut
1015 1161 1060 1219 ni·

136 1243 179 1305 bii
201 1244 309 1307 borum
332 1245 460 1326 possim,
482 1252 587 1322 votum
611 1263 673 1305 non
695 1250 824 1307 tenetur.
861 1242 932 1304 Non
955 1250 1059 1303 sutem

136 1346 189 1391 me
211 1328 372 1389 excusabit
392 1326 567 1407 aegritudo,
590 1329 661 1407 quis
685 1326 863 1387 mundatum
884 1326 941 1387 Dei
969 1344 1058 1407 cpcr·

134 1418 181 1472 tet
202 1414 316 1474 servari
340 1430 394 1491 per
415 1413 521 1485 vitam,
542 1429 598 1491 per
621 1420 762 1488 mortem,
782 1429 838 1490 per
861 1411 979 1471 omnia.
1018 1409 1060 1470 At

137 1494 314 1556 mandatum
337 1494 393 1554 Dei
415 1503 478 1554 est:
507 1491 627 1555 Vovete
648 1502 680 1554 et
700 1493 829 1556 reddite.
882 1492 934 1554 Sic
962 1501 994 1554 ct
1020 1493 1058 1553 dc

132 1578 278 1653 ,omnibns
299 1579 369 1639 aliis
390 1576 517 1656 regniac
539 1579 661 1638 statutis
691 1596 817 1657 possum
846 1576 991 1657 exempla
1017 1575 1057 1637 ai-

135 1661 224 1724 ferre.
267 1661 355 1722 Sicut
374 1661 467 1740 igitur
488 1663 629 1740 superine
651 1659 690 1721 de
712 1660 872 1721 devotatio
900 1659 931 1721 S.
952 1659 1058 1721 Iacchi

129 1742 213 1825 dissi,
231 1745 258 1804 si
279 1743 510 1826 impossibilitas
532 1745 564 1803 in
594 1744 735 1804 omnibus
763 1743 831 1804 niiis
861 1744 982 1804 statutis
1009 1762 1058 1804 ue

139 1828 276 1889 cessario
299 1828 459 1909 excipitur,
483 1845 563 1906 quae
585 1834 633 1888 est
652 1830 742 1908 rstio,
765 1828 848 1887 utin
876 1826 944 1888 sola
968 1828 1058 1888 casti·

137 1917 200 1973 tate
223 1930 284 1973 non
307 1913 347 1973 sit
368 1910 522 1991 excepto?
546 1910 596 1971 ubi
617 1919 648 1972 et
666 1911 949 1991 piurcpericulaet
975 1930 1057 1971 max·

139 1996 201 2055 irnc
223 1995 392 2057 necessitas
425 2000 531 2075 urget,
565 2000 598 2054 ut
619 1995 644 2054 si
667 1997 698 2055 in
725 1993 789 2054 uiis
814 2002 901 2073 parte
931 1993 1057 2075 regulae

140 2079 375 2159 impossibilitas
398 2077 498 2138 iocum
520 2077 635 2139 habere
656 2077 758 2156 debet,
782 2078 890 2139 meritc
911 2096 987 2157 prae
1010 2096 1059 2138 ce·

139 2163 214 2222 teris
236 2162 266 2222 in
290 2163 431 2223 castitate
453 2160 556 2222 iocnm
578 2161 716 2239 habebit,
750 2159 774 2219 si
796 2163 826 2220 in
851 2163 995 2222 castitate
1016 2161 1058 2221 lc-

137 2263 205 2305 cum
229 2245 415 2326 nonhabet,
439 2244 533 2305 multo
557 2246 657 2306 minus
678 2247 710 2304 in
739 2246 848 2305 ceteris
873 2244 978 2306 iocum
1008 2244 1057 2305 ha-

139 2327 210 2389 bere
233 2328 365 2392 debebit.
408 2327 563 2404 Quantum
587 2338 648 2409 est,
671 2347 803 2410 quaeso,
825 2329 1013 2409 periculum,
1034 2330 1059 2387 ai

137 2413 293 2492 captivum
316 2431 422 2493 cogas,
444 2416 476 2473 ut
498 2415 615 2473 socium
649 2412 776 2494 habeat,
812 2420 864 2472 cut
895 2412 1058 2487 infirmum,

139 2506 170 2555 ut
192 2496 282 2558 crat?
302 2498 366 2558 imo
389 2495 503 2556 nulium
527 2497 576 2556 hic
605 2496 772 2577 periculum
802 2503 863 2573 cst,
896 2514 964 2555 cum
995 2494 1058 2556 fieri

139 2597 200 2639 non
223 2581 321 2660 possit
344 2580 425 2659 quod
449 2581 545 2659 cogis.
590 2583 631 2640 At
653 2583 678 2640 si
701 2582 942 2640 incontinentem
962 2598 1057 2660 cogas

138 2661 420 2742 adcontincntiam,
443 2669 573 2742 quantas
589 2663 820 2725 immunditias?
843 2672 975 2743 quantas
998 2664 1058 2726 ior·

137 2747 329 2808 nicaticncs?
361 2754 475 2826 quanta
502 2747 674 2809 adniteris?
713 2755 743 2808 ει
772 2747 843 2827 quid
871 2767 933 2808 non
964 2748 1057 2809 malc-

137 2849 202 2891 rum
224 2829 430 2910 provocabis?

219 2912 285 2976 Nec
306 2913 389 2976 vaiet
410 2913 467 2994 hic,
490 2915 570 2974 sicut
591 2922 620 2975 et
642 2916 828 2996 supradixi,
853 2914 935 2995 quod
952 2916 1057 2976 voiun-

139 3003 231 3058 tatem
256 2996 395 3058 sufficere
417 2999 541 3077 captivo
566 3004 596 3058 et
618 2999 736 3059 infirmo
762 3000 857 3077 dicas,
880 3005 955 3058 tunc
977 3000 1056 3059 enim

138 3079 211 3140 nihii
233 3080 367 3142 differret
394 3099 553 3141 vovensa
582 3101 643 3142 non
678 3090 820 3146 vovente.
864 3080 940 3157 Quis
976 3084 1056 3142 enirn

137 3163 284 3226 laicorum
306 3183 368 3225 ncn
391 3166 490 3244 possit
512 3164 592 3226 veile
613 3168 730 3226 socium
753 3166 883 3247 hebere,
913 3173 943 3226 ει
973 3167 1057 3226 iuxta

137 3246 265 3308 icrmsm
298 3248 422 3328 regulae
450 3249 557 3309 orere?
586 3249 655 3310 Non
678 3251 723 3310 sic
745 3250 921 3330 nugantium
951 3259 998 3311 cst
1027 3250 1056 3309 in

137 3328 287 3391 rebusad
309 3332 530 3393 conscientiam
552 3342 584 3395 ct
605 3334 733 3394 salutem
763 3333 979 3411 attinentibus,
1009 3351 1055 3392 sc·

137 3412 199 3472 lide
220 3420 252 3474 et
273 3413 380 3475 dextre
418 3413 643 3477 decernendum
680 3425 735 3477 est.
786 3417 909 3478 Certum
946 3424 993 3477 εει
1025 3417 1054 3475 in

135 3495 242 3576 segnia
264 3515 358 3578 opus,
387 3517 449 3559 non
474 3499 662 3562 voluntatem
684 3501 852 3581 praescribi
880 3507 912 3561 et
941 3500 1055 3561 voveri.

136 3580 180 3641 ite
201 3588 317 3641 certum
340 3588 396 3659 est,
418 3590 523 3644 vct'um
546 3584 585 3644 nb
608 3583 740 3647 inflrmc.
758 3593 789 3645 et
817 3585 941 3665 captivo
978 3583 1053 3645 sciri

135 3665 322 3743 necessario,
344 3665 426 3745 quod
448 3685 511 3729 non
534 3667 647 3752 licebit,
669 3670 694 3729 si
718 3678 821 3730 votum
845 3667 982 3730 excludit
1003 3667 1054 3729 im·

133 3745 292 3833 possibile.
336 3747 403 3811 Stat
424 3752 590 3813 sententia:
629 3752 748 3815 Vovete
771 3760 802 3815 et
824 3753 953 3815 reddite.
985 3750 1052 3813 Non
