2392 4170
134 222 194 290 136
357 222 499 281 Adversus
519 225 838 281 exsecrabilem'iiniiem

132 381 221 443 scitia
244 380 411 442 antichristi
435 380 665 444 huiussnmam.
697 381 866 462 Apostolus
893 381 976 443 enirn
997 379 1050 443 ee

132 471 195 527 true
217 464 360 544 mandat,
382 472 414 525 ut
436 462 474 525 de
496 483 550 542 ea,
573 465 704 543 quaein
728 464 816 526 uobis
839 471 902 544 eat,
933 463 996 526 flde
1021 469 1051 525 at

132 568 188 630 epe
210 548 359 610 rationem
382 546 510 608 reddere
531 549 630 628 parati
653 548 762 609 simus..
801 548 839 608 m
854 548 968 612 Paulus
989 547 1050 629 epi·

132 651 261 712 scopum
284 632 368 693 iubet
390 651 458 692 esee
480 634 638 711 potentem
665 632 819 692 exhortari
852 633 882 692 in
913 631 1051 695 doctrina

133 735 219 793 sana,
242 724 273 777 et
295 714 539 777 contradicentes
563 713 757 794 redarguere.
780 715 882 795 Atque
893 715 974 776 haec
984 715 1052 795 ipsa

133 808 212 873 aunt,
235 818 313 880 quae
334 800 394 860 iam
419 800 449 858 in
474 799 595 859 tertium
618 818 731 859 aurnum
754 798 921 879 efflagitavi
948 803 981 859 et
1002 816 1052 859 ex·

133 882 270 962 spectavi
292 902 310 943 e
331 883 441 960 Roma,
464 890 518 942 aut
537 881 582 958 iis,
608 882 658 960 qui
670 882 802 943 Romam
814 883 945 963 sapiunt.
966 880 1052 958 Quae

133 974 166 1027 et
186 964 351 1027 observata
372 965 502 1045 legimus
531 965 562 1025 in
593 966 725 1044 antiquis
752 966 892 1027 Patribus
920 964 1054 1047 ‚diligam

133 1049 260 1127 tisaime,
282 1049 402 1128 quoties
424 1047 567 1109 haereses
597 1048 787 1110 damnarent.
820 1048 880 1110 Sed
902 1068 963 1110 nec
981 1066 1053 1129 apo·

134 1133 205 1193 stoli
227 1133 384 1213 quippiam
405 1132 437 1191 in
460 1132 522 1191 suis
546 1132 686 1192 conciliis
709 1139 888 1208 statuerunt,
910 1130 1053 1193 nisiaile·

136 1224 209 1296 gata
231 1216 362 1296 primum
385 1214 542 1296 Scriptura
563 1220 680 1275 sancta.
707 1216 803 1276 itaet
826 1233 885 1296 ego
908 1235 980 1275 num
1001 1234 1053 1277 ex·

136 1305 321 1380 spectarem,
342 1304 376 1359 ut
396 1298 531 1359 facerent
555 1317 646 1373 uvas,
669 1297 845 1378 Scripturas
873 1298 1054 1360 testimoniis

134 1400 183 1442 ure
205 1381 374 1452 eruditori,
403 1401 477 1442 ecce
505 1382 642 1442 iecerunt
665 1380 837 1458 labruscas,
859 1383 922 1443 suis
954 1379 1055 1443 verbis

133 1464 222 1526 nudis
246 1485 294 1527 ma
316 1464 567 1542 condemnantes,
592 1483 661 1525 cum
678 1472 725 1526 tot
736 1484 795 1545 ego
810 1464 975 1545 Scripturia
986 1483 1054 1527 mea

134 1568 304 1611 munierum.

215 1633 305 1713 Rogo
328 1638 374 1707 te,
397 1629 573 1692 antichriste
593 1629 818 1708 indoctissima,
841 1630 964 1692 adeone
985 1649 1055 1693 con·

133 1716 258 1776 iunxisti
281 1734 351 1776 cum
377 1734 497 1776 summa
528 1714 649 1775 inscitia
671 1730 821 1775 summam
840 1715 1054 1793 temeritatem,

134 1804 168 1860 ut
188 1817 401 1879 praesumeres
430 1816 538 1858 omnes
569 1798 710 1858 homines
734 1817 802 1857 esee
834 1798 864 1857 in
897 1803 1053 1877 stuporem

133 1900 257 1957 versos,
274 1888 305 1943 et
328 1891 358 1942 te
379 1879 469 1941 nudis
491 1881 550 1943 tuis
566 1879 666 1940 verbis
689 1888 797 1941 contra
819 1881 1055 1941 armatissimam

133 1964 320 2045 Scriptorum
343 1963 530 2042 triumphare
551 1962 746 2024 credituros?
768 1984 807 2023 un
830 1963 962 2024 didicisti
976 1962 1056 2025 huna

133 2067 249 2109 morem
277 2044 442 2108 damnandi
469 2064 488 2104 a
515 2044 796 2126 magistralitatibus
819 2044 1055 2108 Colonienaibm

134 2140 163 2191 et
185 2129 438 2192 Louaniensibus.

215 2211 246 2274 Si
267 2213 329 2274 hoa
343 2221 387 2273 est
400 2211 608 2273 ecclesiastice
621 2210 768 2274 damnare
782 2231 911 2290 errores,
933 2218 1052 2274 tantum

132 2295 242 2356 dicere:
265 2315 326 2356 non
340 2297 451 2377 piacet,
467 2313 558 2374 nego,
576 2313 637 2355 non
650 2295 739 2372 voto,
761 2296 828 2374 quis
843 2295 965 2357 morio?
987 2296 1053 2378 quis

16 2411 19 2417 ·
132 2378 257 2438 asinus?
278 2398 357 2458 quae
380 2377 484 2458 talpa?
506 2378 573 2456 quis
587 2378 681 2457 stipes
705 2398 765 2440 non
779 2377 1053 2457 queatdamnarei

133 2461 202 2522 Non
227 2459 368 2541 pudescit
388 2462 472 2522 frons
495 2467 547 2520 tua
570 2462 750 2536 meretricia,
773 2470 805 2521 ut
818 2463 864 2522 sic
883 2462 913 2522 iu
929 2461 1052 2541 publicu

133 2543 343 2606 ecclesiastico
357 2542 482 2619 audeas,
492 2543 633 2603 inanibus
648 2543 876 2624 inermibnsque
889 2543 1051 2605 verborum

133 2634 253 2688 tucrum
276 2628 366 2689 tumis
388 2625 600 2689 contradicere
623 2627 801 2688 coelestium
824 2627 988 2689 verborum
1000 2626 1052 2689 inl·

132 2710 286 2771 minibus?
315 2711 408 2772 Piane
431 2709 652 2771 dedecorosam
675 2719 707 2770 et
728 2709 852 2790 dignam
875 2710 1052 2772 antichristo

133 2792 434 2868 condemnationem,
457 2812 537 2873 quae
560 2801 604 2853 tot
626 2793 791 2874 Scripturis
814 2793 1053 2875 sibirepugnan·

131 2876 212 2939 tibus
235 2896 274 2938 ne
296 2878 360 2939 iota
372 2876 494 2957 quidem
506 2874 608 2950 habet,
622 2875 705 2956 quod
718 2883 867 2958 opponat,
889 2875 944 2937 sed
962 2877 1052 2938 unico

133 2961 226 3021 verbo
249 2962 392 3038 occurrit,
415 2960 533 3021 dicens:
556 2959 758 3038 Egodamno.
788 2960 1052 3023 GurTurcaanon

133 3043 308 3104 credimus?
338 3043 400 3104 Gur
419 3042 551 3105 Iudaeos
574 3061 635 3102 non
659 3042 867 3104 admittimus?
901 3043 963 3105 Our
984 3043 1054 3105 has·

132 3129 244 3187 reticos
265 3145 327 3186 non
350 3125 559 3188 honoramus?
582 3127 633 3204 qui
657 3135 687 3187 et
703 3128 761 3207 ipsi
779 3134 885 3188 nostra
896 3125 1053 3203 damnant,

131 3209 156 3268 si
179 3207 291 3269 autficit
311 3208 479 3270 damnare?
501 3208 558 3269 nisi
580 3208 650 3270 ideo
675 3228 735 3271 non
749 3208 960 3286 eiscedimus,
982 3209 1054 3290 quir

133 3311 193 3353 non
217 3292 283 3351 sine
301 3291 464 3373 Scripturis
486 3298 516 3351 et
538 3292 707 3353 rationibus
733 3311 789 3354 nos
812 3293 969 3354 damnant.
990 3291 1052 3372 Ipsi

132 3394 205 3439 vero
229 3393 419 3441 morernovo
448 3377 514 3436 sine
536 3374 699 3454 Scripturis
721 3386 752 3436 et
774 3375 944 3437 rationibus
968 3373 1053 3435 dam·

132 3477 250 3521 namus.
284 3454 364 3534 Quid
387 3477 462 3540 ergo
484 3458 515 3518 iu
538 3476 632 3519 causa
654 3460 748 3520 fuisse
770 3459 906 3536 arbitrer,
928 3465 960 3520 ut
976 3457 1054 3520 haec

168 3732 194 3799 t)
228 3730 421 3789 inediam:
440 3731 494 3787 det.
