2392 4170
131 235 194 304 106
403 240 446 296 ns
466 240 545 313 dant
566 240 821 312 scestoniam

133 401 189 471 ost,
211 401 245 458 ut
266 397 461 460 sensiscrium
485 397 657 461 discordiae
673 398 874 480 implacabilis
886 397 1060 477 behem

133 498 195 560 quo
217 479 322 542 elerici
342 490 372 541 et
394 480 463 542 isici
474 481 544 562 pius
566 482 810 545 discernerentur
820 502 912 564 qoam
935 482 1059 547 costum

133 571 163 624 et
184 571 274 640 terro,
296 564 334 625 ad
347 564 554 627 incredibilem
573 565 763 647 baptismatis
777 567 894 649 gratiss
906 567 1059 643 iniuriam,

133 653 163 708 st
186 649 383 728 evangetime
402 651 625 710 communionis
649 651 875 721 confusionem:
909 649 1060 731 siquiden

134 730 205 791 hinc
227 733 328 812 coepit
356 735 492 813 tyrannis
520 734 579 795 ista
608 733 794 795 detestabilis
825 733 1008 795 elericorum
1027 732 1059 795 in

133 812 239 894 isicos,
262 834 323 894 qua
343 815 457 877 fiducia
477 817 644 898 corporatis
668 818 836 897 unctionis,
864 836 926 897 quo
949 832 1059 879 mun

134 917 238 959 eorum
253 908 480 980 consecrantur,
502 899 614 960 deinde
633 920 770 977 rasurae,
793 902 974 974 etvestium,
996 916 1059 965 uos

134 982 229 1044 modo
253 985 366 1055 ceteris
393 984 478 1044 iaicis
502 984 697 1060 christianis,
730 984 780 1063 qui
813 984 918 1064 spiritu
951 986 1060 1046 sancto

136 1067 219 1126 uncti
242 1074 335 1143 sunt,
349 1087 420 1127 sese
439 1067 629 1147 praeierunt,
657 1067 711 1126 sed
734 1068 828 1127 sermo
850 1074 881 1127 ut
903 1085 999 1129 canes
1015 1067 1060 1129 iu·

134 1149 260 1230 dignos,
291 1151 341 1229 qui
365 1151 499 1215 cumeis
526 1153 556 1211 in
580 1151 711 1210 eeclesia
732 1147 945 1230 nirmerentur,
968 1148 1059 1213 habs»

134 1239 195 1293 ant.
238 1233 315 1292 Hinc
328 1233 448 1313 quidvis
464 1233 620 1314 mandare,
642 1234 777 1314 exigeie,
800 1234 917 1314 minori,
939 1250 1059 1315 ergon,

134 1335 272 1396 premere
294 1316 417 1379 sudent.
460 1316 594 1396 Summa,
617 1319 842 1378 sacromentum
857 1316 974 1378 ordinis
990 1316 1059 1398 poi

134 1399 284 1461 cherrima
306 1400 448 1462 machina
467 1401 524 1460 iuit
544 1406 575 1460 et
587 1405 633 1460 est
656 1399 695 1460 sd
712 1400 894 1461 stabilienda
917 1401 1060 1463 univesn

131 1491 288 1562 portenta,
317 1503 396 1563 quas
419 1484 565 1544 hactenus
587 1483 774 1558 factasunt,
804 1491 834 1543 et
861 1483 967 1544 adhuc¹
985 1482 1059 1545 flunt

131 1567 161 1626 in
185 1567 326 1629 ecclesis.
371 1567 427 1627 Hie
449 1568 538 1646 periit
558 1567 729 1627 fraternitas
742 1567 924 1644 Christiana,
948 1567 1001 1628 hio
1020 1584 1058 1627 οι

133 1647 308 1730 pastoribus
330 1649 411 1730 lupi,
441 1670 481 1710 ex
503 1652 599 1710 sorvis
621 1651 759 1730 tyranni,
782 1670 821 1711 ex
842 1648 1058 1712 ecelesiasticis

134 1732 209 1813 pius,
225 1753 317 1812 quam
340 1732 485 1793 mundani
506 1734 578 1793 teeti
602 1740 682 1795 sunt.

218 1815 278 1893 Qut
298 1816 362 1895 sit)
388 1822 572 1895 cogerentur
593 1816 763 1896 admittere,
787 1835 843 1877 nos
866 1835 976 1877 omnes
990 1832 1058 1878 esso

134 1900 302 1979 aequaliter
335 1899 528 1979 sacerdotes,
566 1906 717 1979 quotquot
752 1898 895 1980 baptisati
932 1896 1058 1981 summi

135 1984 213 2043 sicut
235 2002 342 2045 revera
364 2000 478 2060 sumus,
500 1982 620 2061 illisque
631 1983 729 2043 sotum
743 1984 1058 2051 ministeriumnostm

137 2073 238 2127 tamen
262 2084 417 2127 consensu
438 2066 653 2146 commissum,
683 2067 796 2126 seirent
817 2066 921 2148 simul,
944 2066 1059 2127 nullust

135 2151 179 2210 sis
200 2168 269 2210 esso
296 2167 388 2228 snper
416 2167 472 2208 nos
499 2149 545 2208 ius
575 2149 712 2229 imperii,
741 2151 798 2209 nisi
827 2158 975 2229 quantum
1003 2164 1059 2211 uus

133 2239 244 2313 sponte
271 2239 376 2297 nostra
406 2231 642 2293 admitteremus.
683 2231 734 2293 iiio
765 2232 844 2293 euim
873 2231 897 2294 1.
928 2233 1011 2293 Petri
1023 2232 1059 2297 -2

134 2314 258 2376 dieitur:
282 2314 346 2375 Vos
368 2316 440 2374 estis
453 2334 550 2394 genus
573 2315 713 2394 electum,
734 2315 839 2396 regaie
854 2313 1059 2377 sacerdotis·

134 2405 165 2458 ot
186 2396 379 2458 sacerdotale
400 2417 539 2478 regnum.
583 2397 685 2473 Quare
708 2415 815 2459 omnes
837 2417 942 2459 sumus
960 2414 1060 2461 saca·

135 2480 233 2558 dotes,
256 2487 407 2560 quotquot
429 2480 593 2541 Christiani
623 2500 745 2555 sumus,
768 2480 947 2542 sacerdotes
975 2498 1060 2557 vero,

135 2582 213 2643 quos
236 2583 401 2645 vocamus,
431 2565 556 2624 ministri
591 2573 662 2624 sunt
689 2584 728 2625 ex
760 2564 849 2625 nobis
872 2564 979 2643 electi,
1010 2562 1060 2645 qui

134 2653 240 2708 nostro
263 2648 388 2709 nomine
410 2646 646 2708 omnisiaoiant.
687 2649 728 2708 m
748 2647 954 2708 sacerdotium
976 2644 1060 2709 aliud

134 2730 207 2815 nihil
230 2738 286 2805 eet,
311 2749 401 2810 quam
424 2730 632 2791 ministerium.
675 2730 989 2794 stoddenstat:
1012 2728 1062 2799 ets

133 2831 190 2874 nos
212 2815 366 2875 existimet
393 2813 485 2873 homo
515 2814 593 2873 siout
619 2816 773 2875 ministros
803 2812 914 2874 Ohristi
936 2820 967 2874 et
999 2812 1058 2875 dis·

135 2904 316 2976 pensatores
339 2897 551 2977 mysteriorum
575 2896 641 2957 Dei.

217 2980 267 3041 Ex
289 2979 398 3058 quibus
420 2978 462 3055 nt,
485 2985 518 3040 ut
536 2980 574 3053 is,
596 2981 647 3057 qui
670 2998 730 3040 non
754 2979 911 3060 praedicat
924 2977 1062 3056 verbum,

136 3062 175 3124 ed
199 3063 260 3123 hoc
282 3064 381 3143 ipsum
414 3081 470 3142 per
501 3061 662 3123 ecclesiam
694 3071 835 3139 vocatus,
868 3080 1063 3142 nequaquan

137 3148 177 3206 sit
197 3145 352 3222 sacerdos,
376 3151 406 3204 et
427 3150 652 3206 sacramentum
676 3144 883 3208 ordinisslind
909 3164 980 3206 esse
1001 3164 1064 3209 non

135 3230 244 3310 possit,
265 3247 357 3308 quarn
381 3229 454 3289 ritus
476 3226 599 3317 quidam
623 3228 753 3311 eligendi
777 3229 1014 3290 concionatores
1031 3228 1064 3289 is

137 3311 277 3375 ecclesia.
321 3311 372 3372 Sic
392 3312 473 3371 enim
497 3310 652 3391 perhials.
675 3315 703 3376 2.
727 3310 832 3373 definit
854 3309 1065 3373 sacerdotem:

136 3394 230 3456 Labie
251 3395 421 3456 sacerdotis
451 3393 627 3456 custodiunt
654 3396 813 3456 scientiam
842 3399 873 3457 et
901 3394 1003 3475 tegern
1025 3408 1068 3457 ex

137 3497 192 3539 ore
214 3479 278 3540 sius
300 3478 464 3558 requirent,
488 3477 560 3556 quio
581 3481 708 3560 angelus
733 3477 856 3538 Domini
873 3478 1066 3539 exercituum

194 3752 227 3818 1)
246 3748 278 3805 In
297 3748 340 3806 ed.
360 3747 438 3805 ion:
457 3746 522 3821 qutd
541 3748 573 3802 st.
