2392 4170
389 255 470 314 Missa
488 255 597 328 privata
616 257 649 315 D.
670 253 704 313 ll.
722 254 753 314 L.
972 252 1035 324 m

113 429 165 490 viti
187 429 362 491 sacrificent
383 429 560 511 aliqnando,
582 435 635 490 aut
651 431 761 491 intuitu
776 447 886 490 census
905 435 937 491 et
952 448 1033 492 oom-

114 513 197 573 modi
219 514 275 577 sui.
318 513 440 575 Utinam
470 513 531 573 hoo
565 514 672 574 saltem
709 512 874 575 obtineam.
923 512 1035 576 Probet

112 597 218 675 itaque
240 614 310 658 sese
332 596 468 676 quilibet,
490 605 520 657 et
542 596 593 657 ubi
616 596 708 657 talem
731 615 799 656 sese
821 598 980 678 invenerit,
1002 606 1036 659 ut

112 678 198 741 nullo
222 679 316 742 modo
339 687 422 740 esset
450 680 674 760 celebraturus,
709 681 766 739 nisi
796 698 832 740 co
857 686 958 741 eretur
987 682 1034 742 vel

112 763 221 824 timore
243 762 401 824 amittendi
427 763 590 824 sacerdotii
613 781 668 823 seu
690 699 895 843 praebenlbae,
920 763 968 823 vel
989 765 1033 825 in·

110 845 223 907 lamiae
245 856 275 907 et
308 846 513 908 oblocutionis
536 845 706 924 humanae,
742 845 791 906 vel
819 845 930 906 affectu
953 850 1033 928 oapi·

112 928 214 990 undae
241 927 351 1014 (quam
387 929 515 1011 vocant)
544 931 737 1010 praesentias
768 929 815 990 rel
849 947 1033 1010 quocunque

111 1013 173 1076 alio
195 1010 320 1091 affectu,
341 1013 393 1093 qui
415 1032 477 1074 non
499 1013 539 1073 sit
560 1010 631 1073 fidei
652 1021 765 1074 rectae.
807 1011 875 1090 Hic,
896 1013 1033 1093 inquam,

111 1104 230 1175 caveat,
252 1115 292 1157 ne
313 1096 462 1178 celebret,
485 1094 540 1157 ssd
561 1096 664 1176 potius
694 1101 760 1157 tots
782 1096 844 1156 vita
869 1096 1033 1176 abstineat,

110 1180 135 1240 si
157 1198 219 1242 non
243 1188 345 1262 potest
356 1180 453 1262 aliter,
476 1185 507 1240 et
528 1177 675 1241 mandate
696 1178 745 1239 vel
757 1177 851 1239 verba
872 1179 1030 1242 hominum

110 1261 149 1324 sd
172 1262 387 1325 celebrandum
406 1261 699 1345 cogentia‘prorsns
711 1262 872 1323 conculcet
894 1263 1032 1344 pedibus.

111 1346 218 1407 llelius
240 1353 288 1408 est
309 1348 390 1409 enim
419 1347 577 1408 bominum
607 1344 752 1407 mandata
774 1345 973 1425 conculcare,
1001 1349 1031 1408 ia

110 1428 219 1510 quibus
242 1437 418 1512 conpotest
432 1431 565 1511 peccari,
588 1430 846 1510 quaminourrere
867 1429 897 1489 in
910 1428 1033 1492 divinas

111 1513 278 1576 molestatio
316 1522 378 1575 tam
417 1513 554 1576 salutare
581 1519 613 1574 et
653 1509 805 1573 rimllcum
845 1513 1032 1593 mysterium.

108 1595 216 1677 Neque
240 1599 319 1659 enim
343 1597 473 1658 mundus
495 1596 642 1676 premitur
656 1595 821 1657 maioribus
843 1604 875 1657 et
895 1596 1032 1677 pluribus

107 1684 256 1760 peccatis,
278 1681 397 1742 etiamsi
420 1680 606 1761 perversitas
628 1678 750 1739 deesset
771 1679 857 1760 impii
880 1677 1031 1758 sacrificii,

106 1781 197 1843 quam
221 1765 431 1845 hacindigna
454 1762 662 1825 celebratione
683 1760 871 1839 sacrificum,
895 1772 926 1823 et
948 1780 1030 1824 com·

109 1848 254 1908 munione
276 1848 424 1908 laicorum
444 1852 511 1909 toto
534 1847 610 1909 orbe
629 1844 895 1908 inundantissima.

192 1929 275 1992 Fidei
298 1939 399 1992 autem
428 1938 532 1992 rectae
553 1928 682 1992 affectus
704 1937 751 1990 est
777 1948 845 1991 nonr
872 1929 1031 2007 accedere,

108 2015 165 2075 nisi
188 2015 292 2075 animo
320 2013 515 2095 quaerendae
537 2011 764 2075 misericordiae
792 2020 822 2073 et
843 2013 1031 2077 remissionis

108 2106 321 2179 pennatorum,
355 2098 415 2159 hoc
443 2105 505 2175 est,
540 2098 655 2160 esurire
689 2104 721 2158 et
758 2097 841 2158 sitire
874 2097 1030 2160 iustitiam.

108 2181 299 2243 Esurientem
327 2183 407 2243 enim
443 2191 475 2242 et
500 2185 623 2243 inanem
656 2181 789 2242 animam
816 2182 961 2261 requirit,
998 2184 1050 2242 st‘

108 2265 205 2346 replet
252 2266 313 2327 boc
361 2265 466 2345 regale
508 2274 539 2326 et
604 2265 799 2346 magnificum
843 2265 1027 2331 convivium.

107 2347 250 2423 Divtres,
302 2354 423 2409 saturos
436 2394 445 2429 ,
498 2347 717 2428 fastidientes,
767 2354 821 2409 aut
871 2348 1027 2411 hominum
1107 2427 1109 2431 Ι

105 2433 204 2514 grstia
217 2439 247 2493 et
260 2432 409 2515 pecuniae
425 2429 570 2506 intuitul)
593 2433 754 2492 venientes
773 2429 896 2493 dimittit
909 2433 1028 2509 inanes,

106 2517 168 2578 imo
192 2534 260 2577 cum
285 2515 360 2578 luda
381 2514 474 2576 tradit
494 2514 629 2576 Satanae
650 2512 689 2574 ad
707 2522 863 2575 aeternam
887 2524 1026 2579 mortem,
1071 2541 1076 2549 ·

106 2597 175 2660 Non
200 2599 282 2680 quod
306 2597 517 2660 confirmatum
546 2598 639 2658 velim
662 2595 836 2658 celebrandi
859 2600 1027 2677 negotium,

106 2682 161 2743 sad
183 2701 251 2744 cunr
274 2682 474 2764 praevalente
495 2680 690 2742 traditionum
713 2680 879 2741 etinolitas
901 2699 1028 2742 consue·

106 2766 219 2827 tudinis
241 2766 403 2848 tyrannide
424 2765 587 2846 desperata
608 2765 648 2825 sit
670 2763 823 2825 catholice
845 2765 1026 2825 instauratio

104 2850 194 2911 buius
217 2850 310 2912 divini
321 2849 520 2930 Testamenti,
534 2848 565 2910 id
583 2848 692 2909 saltem
711 2846 893 2928 efficiamus,
912 2853 945 2908 ut
966 2845 1027 2908 ilde

106 2941 191 2996 recta
212 2933 390 2995 incedentes
414 2935 512 2994 minus
533 2950 716 3013 peccemus,
745 2932 771 2992 si
792 2930 871 2993 torte
892 2949 961 2991 cum
983 2948 1027 2992 sr-

106 3016 242 3078 rsntibns
264 3017 369 3079 electis
383 3016 507 3079 tandem
523 3016 686 3077 salvemur.
718 3015 815 3076 Video
837 3015 919 3075 enim
935 3032 1027 3094 quam

105 3101 252 3181 plurimos
273 3099 443 3163 incredibili
468 3098 585 3177 taedio,
614 3099 692 3161 alios
714 3108 817 3159 autem
840 3097 1027 3179 perturbata,

105 3189 209 3264 saera,
231 3191 323 3265 atque
345 3183 468 3246 tandem
491 3184 712 3264 contemptrice
731 3183 919 3243 conscientia
940 3200 1027 3242 acce·

105 3268 189 3347 dere,
211 3268 286 3329 nihil
309 3276 501 3350 quaerentes,
524 3268 582 3327 nisi
600 3276 633 3327 ut
654 3283 732 3347 opus
752 3266 852 3345 ipsum
866 3263 1027 3346 perficient

104 3361 136 3412 et
165 3351 268 3414 debito
296 3371 366 3412 sese
398 3351 543 3430 liberent,
574 3356 627 3410 aut
659 3349 743 3410 luero
771 3350 945 3429 potiantur,
974 3355 1027 3409 sut

104 3435 247 3498 roborem
269 3433 410 3498 evadant.
454 3430 687 3497 Oborrendam
715 3431 795 3493 hanc
815 3439 846 3493 st
870 3431 1026 3495 miserabi-

104 3518 164 3579 lem
210 3520 479 3600 raesnmpticnam.

186 3540 226 3665 bt
250 3609 282 3664 ut
302 3601 340 3664 sd
369 3620 425 3664 vos
447 3599 751 3681 Vnittsrnbergenses
775 3617 860 3660 meos
880 3606 1026 3676 reverter,

176 3787 208 3856 1)
227 3785 260 3842 1n
277 3784 322 3842 ed
340 3784 425 3856 orla:
444 3782 543 3840 intutu

134 3887 224 3930 suasa
237 3898 291 3940 orn.
304 3888 331 3932 r.
345 3889 374 3930 a.
389 3887 418 3930 aa
431 3888 473 3930 nr.
484 3886 534 3929 sas.
543 3887 564 3928 s
578 3896 600 3938 p.
616 3883 665 3928 vor.
679 3881 717 3928 vs.
823 3853 864 3917 14
