2392 4170
181 228 245 298 242
490 230 534 288 De
551 230 627 288 votis
641 228 802 289 monasticis

264 393 325 456 Sed
356 393 492 475 nunquid
525 397 633 456 iterum
664 402 716 456 tuo
749 399 780 453 te
800 392 866 453 iura
887 397 918 453 et
938 392 1104 454 autoritate

183 477 305 558 spolio?
326 478 419 559 plane
442 481 589 542 autoritas
621 478 673 539 tibi
705 480 736 539 in
772 495 822 537 me
849 482 953 537 manat
973 476 1104 555 integra,

183 559 265 641 quod
288 559 327 622 sd
352 561 568 623 monachatum
591 562 710 640 attinet,
743 578 847 621 verum
868 560 894 619 is
916 561 978 619 iam
1000 558 1104 619 nultus

181 646 212 704 in
234 663 301 704 -me
323 651 378 724 est,
416 652 448 705 nt
470 644 543 708 dixi.
587 645 729 706 Ceterum
751 646 787 722 is,
814 643 866 723 qui
887 661 937 704 me
958 642 1106 722 extraxit,

181 728 228 786 ius
257 725 351 788 habet
384 729 414 787 iu
448 748 497 788 me
527 728 624 788 maius
644 729 709 788 iure
733 735 796 806 tuo,
817 745 836 786 a
858 743 919 806 quo
942 744 992 786 me
1014 723 1105 786 vides

101 848 105 857 ‹
181 811 314 890 positum
345 811 405 870 iam
428 831 491 873 non
515 812 544 870 in
567 810 675 871 fictitio
697 810 750 871 iiio
773 811 1023 885 monasticorum,
1046 807 1105 870 sed

180 911 255 954 vero
278 893 359 953 cuitu
384 895 451 955 Dei.
494 893 527 954 ln
550 895 716 955 ministerio
739 893 819 955 enirn
842 890 926 952 verbi
950 911 998 952 me
1031 910 1106 953 esse

181 977 248 1055 quis
271 983 374 1056 potest
395 975 554 1038 dubitare?
599 979 640 1037 At
660 976 711 1037 hic
734 976 832 1036 cuitus
854 975 945 1055 plane
967 981 1023 1053 est,
1053 977 1106 1036 oui

180 1059 293 1119 aedera
326 1058 418 1121 debet
446 1067 606 1140 parentum
630 1060 790 1138 autoritas,
819 1059 940 1119 dicente
962 1056 1104 1120 Christo:

181 1140 240 1217 Qui
273 1150 356 1203 amat
390 1151 506 1223 patrem
542 1150 571 1203 et
593 1153 719 1203 matrem
752 1143 820 1222 plus
843 1160 934 1221 quarn
957 1161 1016 1219 me,
1038 1160 1104 1204 non

180 1231 227 1285 est
265 1245 314 1285 me
345 1224 464 1308 dignus.
506 1222 578 1287 Non
606 1226 688 1306 quod
721 1231 883 1306 parentum
906 1226 1105 1287 autoritatem

179 1308 240 1369 hoc
261 1307 355 1369 verbo
377 1308 624 1392 evacuaveritl),
659 1329 728 1369 cnm
750 1308 919 1390 Apostolus
942 1309 1033 1369 toties
1054 1309 1106 1369 in·

178 1391 288 1472 culcet,
311 1401 342 1452 ut
365 1390 419 1451 iiiii
442 1392 589 1453 obediant
610 1389 803 1473 parentibus,
838 1390 893 1452 sed
925 1392 951 1450 si
983 1400 1106 1473 pugnet

178 1484 338 1554 parantum
370 1482 399 1534 et
422 1475 533 1536 Christi
563 1478 686 1536 vocatio
718 1474 766 1536 vei
801 1476 964 1556 autoritas,
988 1474 1104 1536 Christi

178 1558 326 1619 autoritas
347 1577 476 1639 regnare
497 1558 565 1619 sola
587 1557 688 1621 debet.

259 1638 369 1720 Itaque
391 1641 447 1702 sub
470 1641 679 1703 conscientiae
701 1660 788 1701 meae
809 1640 946 1721 periculo
968 1639 1022 1701 tibi
1037 1659 1102 1702 non

178 1722 303 1786 obedire
325 1743 387 1785 non
410 1744 534 1805 possem
560 1725 620 1807 (ita
632 1745 699 1785 sum
711 1724 804 1786 modo
816 1714 1105 1808 periuasissimus),

177 1805 228 1866 nbi
251 1807 451 1869 ministerium
475 1807 559 1869 verbi
582 1808 661 1869 ultra
673 1808 889 1869 monachatum
913 1825 972 1867 non
995 1825 1103 1868 acces·

177 1890 277 1953 sisset.
320 1889 389 1952 Hoc
411 1899 467 1971 est,
491 1891 574 1971 quod
597 1891 672 1972 dixi,
695 1910 795 1971 neque
808 1897 950 1970 teneque
972 1909 1021 1952 me
1043 1892 1104 1952 sci·

177 1974 258 2035 visse
282 1983 382 2055 antea,
407 1973 553 2036 mandata
565 1975 621 2036 Dei
644 1974 785 2035 omnibus
808 1972 1006 2054 praeferenda
1021 1993 1103 2039 esse.

176 2055 236 2118 Sed
248 2064 330 2119 totus
346 2057 441 2118 ferme
457 2058 538 2119 orbis
552 2059 610 2120 hac
622 2060 795 2139 ignorantia
807 2055 936 2138 laborat,
949 2064 1102 2137 regnante

177 2141 357 2220 operatione
379 2143 488 2202 erroris
528 2141 583 2202 sub
616 2142 850 2203 abominatione
873 2140 991 2221 papali,
1015 2142 1102 2221 quod

175 2231 205 2282 et
221 2222 333 2283 Paulus
357 2224 511 2303 praedixit
534 2224 648 2305 dicens,
672 2225 736 2285 fore
757 2225 898 2285 homines
919 2224 1102 2304 parentibus

175 2324 236 2366 non
260 2305 454 2386 obedientes,
491 2307 573 2388 quod
608 2311 639 2369 in
660 2307 830 2369 monachos
861 2313 892 2368 et
921 2308 1101 2370 sacerdotes

175 2388 313 2467 quadrat,
337 2409 391 2450 eos
416 2393 620 2471 potissimum,
643 2392 693 2472 qui
709 2392 812 2471 specie
826 2392 946 2471 pietatis
965 2397 996 2450 et
1008 2391 1100 2455 titulo

174 2472 328 2533 servitutis
357 2474 412 2534 Dei
447 2482 608 2554 parentum
647 2476 803 2535 autoritati
841 2493 875 2535 se
907 2472 1101 2554 subtrahunt,

174 2557 260 2634 quasi
284 2556 346 2616 uita
367 2558 406 2618 sit
428 2560 558 2618 servitus
582 2559 637 2618 Dei
660 2558 730 2635 alia,
751 2576 842 2637 quarn
867 2556 1017 2618 mandatis
1032 2559 1100 2619 eius

174 2637 309 2720 obedire,
332 2641 411 2700 inter
433 2661 513 2720 quae
535 2647 634 2701 estet
657 2641 831 2702 obedientia
854 2647 1026 2721 parentum.

256 2723 342 2784 Mitto
363 2725 467 2804 itaque
489 2725 570 2785 hunc
591 2724 710 2805 librum,
733 2726 762 2784 in
787 2743 847 2803 quo
864 2723 979 2805 videas,
1002 2742 1100 2804 quan·

173 2805 211 2863 tis
233 2807 328 2885 signis
351 2815 380 2867 et
404 2808 563 2868 virtutibus
578 2807 716 2869 Christus
729 2826 778 2868 me
800 2806 968 2868 absolverit
989 2816 1098 2870 avoto

173 2891 362 2966 monastico,
397 2897 427 2950 et
449 2897 534 2952 tanta
557 2890 698 2952 libertate
718 2910 766 2952 ma
787 2888 925 2968 donarit,
959 2896 1000 2970 nt,
1025 2909 1097 2952 cnm

173 2973 309 3032 omniurn
344 2992 465 3035 servum
488 2975 612 3054 fecerit,
646 2975 719 3034 nuiii
750 2981 852 3035 tamen
876 2971 1015 3034 subditus
1039 2976 1098 3035 sim

172 3056 230 3115 nisi
250 3057 307 3116 sibi
330 3058 399 3119 soii.
442 3055 515 3139 Ipse
528 3060 609 3119 enirn
625 3066 672 3118 est
687 3077 772 3118 meus
784 3056 977 3118 immediatus
993 3058 1097 3137 (quod

173 3140 304 3222 vocant)
331 3140 521 3221 Episcopus,
557 3141 678 3223 Abbas,
701 3139 800 3221 Prior,
822 3140 983 3218 Dominus,
1005 3140 1100 3202 Pater

171 3229 201 3279 et
223 3222 383 3302 Magister,
421 3225 513 3285 atium
545 3244 607 3285 non
639 3226 712 3285 novi
745 3224 885 3303 amptius.
928 3223 979 3285 Sic
1001 3243 1097 3304 spero

170 3303 223 3363 tibi
245 3303 340 3365 fliium
363 3327 455 3368 unum
479 3309 627 3390 rapuerit,
660 3314 693 3368 ut
721 3307 824 3366 multis
847 3307 914 3367 aliis
937 3306 1007 3367 tiliis
1030 3310 1096 3370 suis

169 3405 224 3467 per
246 3408 294 3448 me
317 3392 478 3452 consulere
500 3393 642 3472 incipiat,
677 3390 759 3471 quod
795 3397 825 3450 tn
854 3409 917 3453 non
943 3387 1039 3452 modo
1062 3391 1096 3453 li-

170 3469 276 3532 benter
297 3473 390 3555 serre,
422 3474 476 3535 sed
508 3483 539 3536 et
567 3474 664 3535 multo
693 3473 806 3555 gaudio
829 3473 966 3554 gaudere
987 3472 1097 3556 dobes,

168 3572 227 3614 nec
248 3556 329 3617 aliud
352 3564 383 3618 te
406 3558 553 3619 iacturum
578 3577 658 3636 esse,
680 3557 752 3618 mihi
776 3558 945 3619 certissime
968 3577 1093 3640 persua·

514 3674 587 3681 ...-

239 3744 271 3819 1)
292 3743 322 3797 ln
341 3741 384 3797 ad.
403 3742 507 3812 priora:
527 3742 677 3800 evacuarit.
