<?xml version="1.0" encoding="UTF-8"?>
<!DOCTYPE html PUBLIC "-//W3C//DTD XHTML 1.0 Transitional//EN"
    "http://www.w3.org/TR/xhtml1/DTD/xhtml1-transitional.dtd">
<html xmlns="http://www.w3.org/1999/xhtml" xml:lang="en" lang="en">
 <head>
  <title>
</title>
<meta http-equiv="Content-Type" content="text/html;charset=utf-8" />
  <meta name='ocr-system' content='tesseract 3.04.00' />
  <meta name='ocr-capabilities' content='ocr_page ocr_carea ocr_par ocr_line ocrx_word'/>
</head>
<body>
  <div class='ocr_page' id='page_1' title='image "./dmartinilutheri03luthgoog_0069.png"; bbox 0 0 2392 4170; ppageno 0'>
   <div class='ocr_carea' id='block_1_1' title="bbox 132 231 801 306">
    <p class='ocr_par' dir='ltr' id='par_1_1' title="bbox 132 231 801 306">
     <span class='ocr_line' id='line_1_1' title="bbox 132 231 801 306; baseline -0.009 -8"><span class='ocrx_word' id='word_1_1' title='bbox 132 231 173 298; x_wconf 73' lang='lat' dir='ltr'>bd</span> <span class='ocrx_word' id='word_1_2' title='bbox 390 235 428 290; x_wconf 77' lang='lat' dir='ltr'>De</span> <span class='ocrx_word' id='word_1_3' title='bbox 443 233 525 306; x_wconf 57' lang='lat' dir='ltr'>oser,</span> <span class='ocrx_word' id='word_1_4' title='bbox 545 236 643 304; x_wconf 62' lang='lat' dir='ltr'>mort</span> <span class='ocrx_word' id='word_1_5' title='bbox 661 236 801 292; x_wconf 60' lang='lat' dir='ltr'>heinsius</span> 
     </span>
    </p>
   </div>
   <div class='ocr_carea' id='block_1_2' title="bbox 33 390 1093 3541">
    <p class='ocr_par' dir='ltr' id='par_1_2' title="bbox 33 390 1093 2217">
     <span class='ocr_line' id='line_1_2' title="bbox 33 390 1056 472; baseline 0.002 -21"><span class='ocrx_word' id='word_1_6' title='bbox 33 418 37 426; x_wconf 93' lang='lat'>·</span> <span class='ocrx_word' id='word_1_7' title='bbox 132 391 268 452; x_wconf 84' lang='lat' dir='ltr'>omnium</span> <span class='ocrx_word' id='word_1_8' title='bbox 298 390 445 471; x_wconf 75' lang='lat' dir='ltr'>baptismi</span> <span class='ocrx_word' id='word_1_9' title='bbox 480 392 526 451; x_wconf 85' lang='lat' dir='ltr'>sui</span> <span class='ocrx_word' id='word_1_10' title='bbox 552 392 733 453; x_wconf 76' lang='lat' dir='ltr'>memorism</span> <span class='ocrx_word' id='word_1_11' title='bbox 765 391 992 472; x_wconf 69' lang='lat' dir='ltr'>apprehendet,</span> <span class='ocrx_word' id='word_1_12' title='bbox 1025 399 1056 453; x_wconf 87' lang='lat' dir='ltr'>et</span> 
     </span>
     <span class='ocr_line' id='line_1_3' title="bbox 132 473 1057 555; baseline 0.003 -21"><span class='ocrx_word' id='word_1_13' title='bbox 132 474 344 555; x_wconf 75' lang='lat' dir='ltr'>promissionis</span> <span class='ocrx_word' id='word_1_14' title='bbox 371 473 511 552; x_wconf 75' lang='lat' dir='ltr'>divinoe,</span> <span class='ocrx_word' id='word_1_15' title='bbox 549 493 641 554; x_wconf 86' lang='lat' dir='ltr'>quam</span> <span class='ocrx_word' id='word_1_16' title='bbox 670 474 818 554; x_wconf 86' lang='lat' dir='ltr'>deseruit,</span> <span class='ocrx_word' id='word_1_17' title='bbox 844 494 915 535; x_wconf 86' lang='lat' dir='ltr'>eum</span> <span class='ocrx_word' id='word_1_18' title='bbox 945 474 1057 537; x_wconf 87' lang='lat' dir='ltr'>flduois</span> 
     </span>
     <span class='ocr_line' id='line_1_4' title="bbox 132 557 1060 639; baseline 0 -21"><span class='ocrx_word' id='word_1_19' title='bbox 132 557 328 629; x_wconf 63' lang='lat' dir='ltr'>reeordatusr</span> <span class='ocrx_word' id='word_1_20' title='bbox 342 557 473 618; x_wconf 77' lang='lat' dir='ltr'>eandem</span> <span class='ocrx_word' id='word_1_21' title='bbox 496 557 679 619; x_wconf 80' lang='lat' dir='ltr'>eonfiteatur</span> <span class='ocrx_word' id='word_1_22' title='bbox 699 558 844 635; x_wconf 89' lang='lat' dir='ltr'>Domino,</span> <span class='ocrx_word' id='word_1_23' title='bbox 867 558 1005 639; x_wconf 80' lang='lat' dir='ltr'>gaudeus</span> <span class='ocrx_word' id='word_1_24' title='bbox 1023 578 1060 625; x_wconf 86' lang='lat' dir='ltr'>se</span> 
     </span>
     <span class='ocr_line' id='line_1_5' title="bbox 131 640 1058 722; baseline 0.001 -20"><span class='ocrx_word' id='word_1_25' title='bbox 131 647 250 702; x_wconf 87' lang='lat' dir='ltr'>tautum</span> <span class='ocrx_word' id='word_1_26' title='bbox 270 640 372 701; x_wconf 84' lang='lat' dir='ltr'>edbud</span> <span class='ocrx_word' id='word_1_27' title='bbox 393 643 423 700; x_wconf 85' lang='lat' dir='ltr'>iu</span> <span class='ocrx_word' id='word_1_28' title='bbox 441 642 600 721; x_wconf 79' lang='lat' dir='ltr'>praesidio</span> <span class='ocrx_word' id='word_1_29' title='bbox 624 641 865 721; x_wconf 76' lang='lat' dir='ltr'>haberesalutis,</span> <span class='ocrx_word' id='word_1_30' title='bbox 886 642 968 721; x_wconf 88' lang='lat' dir='ltr'>quud</span> <span class='ocrx_word' id='word_1_31' title='bbox 984 641 1058 722; x_wconf 80' lang='lat' dir='ltr'>bap·-</span> 
     </span>
     <span class='ocr_line' id='line_1_6' title="bbox 132 724 1058 804; baseline 0 -20"><span class='ocrx_word' id='word_1_32' title='bbox 132 726 239 785; x_wconf 84' lang='lat' dir='ltr'>tisstus</span> <span class='ocrx_word' id='word_1_33' title='bbox 262 726 302 784; x_wconf 85' lang='lat' dir='ltr'>sit</span> <span class='ocrx_word' id='word_1_34' title='bbox 321 724 539 804; x_wconf 69' lang='lat' dir='ltr'>detestatusque</span> <span class='ocrx_word' id='word_1_35' title='bbox 561 740 647 785; x_wconf 84' lang='lat' dir='ltr'>suam</span> <span class='ocrx_word' id='word_1_36' title='bbox 660 726 786 804; x_wconf 78' lang='lat' dir='ltr'>impiam</span> <span class='ocrx_word' id='word_1_37' title='bbox 798 725 1058 804; x_wconf 84' lang='lat' dir='ltr'>iugratitudinem,</span> 
     </span>
     <span class='ocr_line' id='line_1_7' title="bbox 132 807 1093 889; baseline 0 -21"><span class='ocrx_word' id='word_1_38' title='bbox 132 807 215 887; x_wconf 88' lang='lat' dir='ltr'>quod</span> <span class='ocrx_word' id='word_1_39' title='bbox 250 807 350 868; x_wconf 84' lang='lat' dir='ltr'>sfide</span> <span class='ocrx_word' id='word_1_40' title='bbox 384 815 413 867; x_wconf 91' lang='lat' dir='ltr'>et</span> <span class='ocrx_word' id='word_1_41' title='bbox 441 808 567 868; x_wconf 82' lang='lat' dir='ltr'>veritate</span> <span class='ocrx_word' id='word_1_42' title='bbox 595 808 733 869; x_wconf 85' lang='lat' dir='ltr'>eiusdem</span> <span class='ocrx_word' id='word_1_43' title='bbox 769 808 926 868; x_wconf 69' lang='lat' dir='ltr'>desernit.</span> <span class='ocrx_word' id='word_1_44' title='bbox 981 808 1059 868; x_wconf 85' lang='lat' dir='ltr'>Mire</span> <span class='ocrx_word' id='word_1_45' title='bbox 1090 884 1093 889; x_wconf 14' lang='grc' dir='ltr'>ι</span> 
     </span>
     <span class='ocr_line' id='line_1_8' title="bbox 86 885 1058 973; baseline -0.001 -22"><span class='ocrx_word' id='word_1_46' title='bbox 86 885 91 900; x_wconf 73' lang='grc'><strong>“</strong></span> <span class='ocrx_word' id='word_1_47' title='bbox 133 891 214 951; x_wconf 88' lang='lat' dir='ltr'>euim</span> <span class='ocrx_word' id='word_1_48' title='bbox 238 910 292 951; x_wconf 87' lang='lat' dir='ltr'>sor</span> <span class='ocrx_word' id='word_1_49' title='bbox 314 892 379 951; x_wconf 87' lang='lat' dir='ltr'>eius</span> <span class='ocrx_word' id='word_1_50' title='bbox 402 891 639 973; x_wconf 75' lang='lat' dir='ltr'>confortabitur,</span> <span class='ocrx_word' id='word_1_51' title='bbox 662 897 692 952; x_wconf 88' lang='lat' dir='ltr'>et</span> <span class='ocrx_word' id='word_1_52' title='bbox 714 891 752 951; x_wconf 85' lang='lat' dir='ltr'>sd</span> <span class='ocrx_word' id='word_1_53' title='bbox 775 911 861 971; x_wconf 86' lang='lat' dir='ltr'>spem</span> <span class='ocrx_word' id='word_1_54' title='bbox 885 892 1058 953; x_wconf 76' lang='lat' dir='ltr'>miseriror-</span> 
     </span>
     <span class='ocr_line' id='line_1_9' title="bbox 133 973 1058 1055; baseline -0.001 -20"><span class='ocrx_word' id='word_1_55' title='bbox 133 973 202 1035; x_wconf 86' lang='lat' dir='ltr'>dise</span> <span class='ocrx_word' id='word_1_56' title='bbox 224 973 416 1050; x_wconf 85' lang='lat' dir='ltr'>animabitur,</span> <span class='ocrx_word' id='word_1_57' title='bbox 438 975 464 1034; x_wconf 87' lang='lat' dir='ltr'>si</span> <span class='ocrx_word' id='word_1_58' title='bbox 477 975 651 1036; x_wconf 80' lang='lat' dir='ltr'>oonsideret</span> <span class='ocrx_word' id='word_1_59' title='bbox 672 974 806 1034; x_wconf 83' lang='lat' dir='ltr'>diviusm</span> <span class='ocrx_word' id='word_1_60' title='bbox 820 975 1058 1055; x_wconf 74' lang='lat' dir='ltr'>promissionem</span> 
     </span>
     <span class='ocr_line' id='line_1_10' title="bbox 133 1056 1059 1137; baseline 0.002 -21"><span class='ocrx_word' id='word_1_61' title='bbox 133 1056 190 1117; x_wconf 90' lang='lat' dir='ltr'>sibi</span> <span class='ocrx_word' id='word_1_62' title='bbox 218 1058 346 1133; x_wconf 85' lang='lat' dir='ltr'>fontem,</span> <span class='ocrx_word' id='word_1_63' title='bbox 382 1072 472 1136; x_wconf 86' lang='lat' dir='ltr'>quem</span> <span class='ocrx_word' id='word_1_64' title='bbox 501 1056 692 1137; x_wconf 86' lang='lat' dir='ltr'>impossibile</span> <span class='ocrx_word' id='word_1_65' title='bbox 720 1063 767 1119; x_wconf 87' lang='lat' dir='ltr'>est</span> <span class='ocrx_word' id='word_1_66' title='bbox 794 1057 928 1134; x_wconf 89' lang='lat' dir='ltr'>mentiri,</span> <span class='ocrx_word' id='word_1_67' title='bbox 957 1057 1059 1118; x_wconf 83' lang='lat' dir='ltr'>adhue</span> 
     </span>
     <span class='ocr_line' id='line_1_11' title="bbox 53 1140 1060 1221; baseline 0.002 -22"><span class='ocrx_word' id='word_1_68' title='bbox 53 1146 55 1150; x_wconf 79' lang='grc'>’</span> <span class='ocrx_word' id='word_1_69' title='bbox 132 1141 281 1221; x_wconf 82' lang='lat' dir='ltr'>integrum</span> <span class='ocrx_word' id='word_1_70' title='bbox 301 1147 336 1202; x_wconf 85' lang='lat' dir='ltr'>et</span> <span class='ocrx_word' id='word_1_71' title='bbox 355 1160 417 1200; x_wconf 92' lang='lat' dir='ltr'>uon</span> <span class='ocrx_word' id='word_1_72' title='bbox 440 1146 599 1217; x_wconf 83' lang='lat' dir='ltr'>mutetam,</span> <span class='ocrx_word' id='word_1_73' title='bbox 621 1159 679 1200; x_wconf 87' lang='lat' dir='ltr'>neo</span> <span class='ocrx_word' id='word_1_74' title='bbox 699 1140 885 1213; x_wconf 80' lang='lat' dir='ltr'>mutabilem,</span> <span class='ocrx_word' id='word_1_75' title='bbox 901 1140 968 1200; x_wconf 88' lang='lat' dir='ltr'>ullis</span> <span class='ocrx_word' id='word_1_76' title='bbox 988 1159 1060 1221; x_wconf 66' lang='lat' dir='ltr'>pes»</span> 
     </span>
     <span class='ocr_line' id='line_1_12' title="bbox 131 1223 1059 1293; baseline 0.001 -9"><span class='ocrx_word' id='word_1_77' title='bbox 131 1225 209 1284; x_wconf 84' lang='lat' dir='ltr'>estis</span> <span class='ocrx_word' id='word_1_78' title='bbox 232 1238 316 1293; x_wconf 82' lang='lat' dir='ltr'>esse,</span> <span class='ocrx_word' id='word_1_79' title='bbox 336 1225 417 1285; x_wconf 84' lang='lat' dir='ltr'>siout</span> <span class='ocrx_word' id='word_1_80' title='bbox 437 1224 549 1285; x_wconf 79' lang='lat' dir='ltr'>Paulus</span> <span class='ocrx_word' id='word_1_81' title='bbox 572 1224 646 1284; x_wconf 87' lang='lat' dir='ltr'>dioit</span> <span class='ocrx_word' id='word_1_82' title='bbox 666 1227 695 1288; x_wconf 86' lang='lat'>2.</span> <span class='ocrx_word' id='word_1_83' title='bbox 718 1224 851 1287; x_wconf 84' lang='lat' dir='ltr'>Timoth.</span> <span class='ocrx_word' id='word_1_84' title='bbox 874 1225 912 1287; x_wconf 86' lang='lat'>2:</span> <span class='ocrx_word' id='word_1_85' title='bbox 941 1223 972 1285; x_wconf 84' lang='lat' dir='ltr'>Si</span> <span class='ocrx_word' id='word_1_86' title='bbox 996 1243 1059 1285; x_wconf 83' lang='lat' dir='ltr'>uon</span> 
     </span>
     <span class='ocr_line' id='line_1_13' title="bbox 133 1307 1059 1387; baseline 0.003 -21"><span class='ocrx_word' id='word_1_87' title='bbox 133 1307 294 1377; x_wconf 65' lang='lat' dir='ltr'>oredimus,</span> <span class='ocrx_word' id='word_1_88' title='bbox 316 1307 367 1367; x_wconf 84' lang='lat' dir='ltr'>iile</span> <span class='ocrx_word' id='word_1_89' title='bbox 388 1307 668 1387; x_wconf 82' lang='lat' dir='ltr'>fideiispermanet,</span> <span class='ocrx_word' id='word_1_90' title='bbox 690 1308 837 1387; x_wconf 86' lang='lat' dir='ltr'>seipsum</span> <span class='ocrx_word' id='word_1_91' title='bbox 859 1318 975 1386; x_wconf 79' lang='lat' dir='ltr'>negare</span> <span class='ocrx_word' id='word_1_92' title='bbox 995 1326 1059 1369; x_wconf 74' lang='lat' dir='ltr'>uon</span> 
     </span>
     <span class='ocr_line' id='line_1_14' title="bbox 133 1386 1061 1470; baseline -0.002 -18"><span class='ocrx_word' id='word_1_93' title='bbox 133 1396 245 1470; x_wconf 85' lang='lat' dir='ltr'>potest.</span> <span class='ocrx_word' id='word_1_94' title='bbox 281 1391 376 1470; x_wconf 86' lang='lat' dir='ltr'>Haeo,</span> <span class='ocrx_word' id='word_1_95' title='bbox 399 1393 534 1470; x_wconf 84' lang='lat' dir='ltr'>iuquam,</span> <span class='ocrx_word' id='word_1_96' title='bbox 556 1392 667 1450; x_wconf 80' lang='lat' dir='ltr'>veritos</span> <span class='ocrx_word' id='word_1_97' title='bbox 679 1389 736 1450; x_wconf 80' lang='lat' dir='ltr'>Dei</span> <span class='ocrx_word' id='word_1_98' title='bbox 760 1410 829 1451; x_wconf 87' lang='lat' dir='ltr'>eum</span> <span class='ocrx_word' id='word_1_99' title='bbox 853 1386 996 1470; x_wconf 72' lang='lat' dir='ltr'>servabit,</span> <span class='ocrx_word' id='word_1_100' title='bbox 1017 1391 1061 1450; x_wconf 75' lang='lat' dir='ltr'>ite</span> 
     </span>
     <span class='ocr_line' id='line_1_15' title="bbox 132 1473 1061 1556; baseline 0.002 -24"><span class='ocrx_word' id='word_1_101' title='bbox 132 1481 174 1548; x_wconf 87' lang='lat' dir='ltr'>nt,</span> <span class='ocrx_word' id='word_1_102' title='bbox 197 1473 222 1533; x_wconf 92' lang='lat' dir='ltr'>si</span> <span class='ocrx_word' id='word_1_103' title='bbox 243 1481 346 1534; x_wconf 87' lang='lat' dir='ltr'>sotera</span> <span class='ocrx_word' id='word_1_104' title='bbox 363 1476 467 1534; x_wconf 87' lang='lat' dir='ltr'>omuis</span> <span class='ocrx_word' id='word_1_105' title='bbox 488 1479 593 1556; x_wconf 85' lang='lat' dir='ltr'>ruent,</span> <span class='ocrx_word' id='word_1_106' title='bbox 620 1473 700 1534; x_wconf 87' lang='lat' dir='ltr'>haee</span> <span class='ocrx_word' id='word_1_107' title='bbox 726 1480 828 1533; x_wconf 86' lang='lat' dir='ltr'>temen</span> <span class='ocrx_word' id='word_1_108' title='bbox 851 1493 921 1533; x_wconf 87' lang='lat' dir='ltr'>eum</span> <span class='ocrx_word' id='word_1_109' title='bbox 943 1473 1061 1535; x_wconf 81' lang='lat' dir='ltr'>eredita</span> 
     </span>
     <span class='ocr_line' id='line_1_16' title="bbox 58 1555 1056 1636; baseline 0.001 -21"><span class='ocrx_word' id='word_1_110' title='bbox 58 1618 59 1627; x_wconf 49' lang='grc'>,</span> <span class='ocrx_word' id='word_1_111' title='bbox 132 1576 194 1616; x_wconf 89' lang='lat' dir='ltr'>non</span> <span class='ocrx_word' id='word_1_112' title='bbox 216 1555 415 1635; x_wconf 75' lang='lat' dir='ltr'>derelinquet</span> <span class='ocrx_word' id='word_1_113' title='bbox 458 1557 558 1616; x_wconf 83' lang='lat' dir='ltr'>Habet</span> <span class='ocrx_word' id='word_1_114' title='bbox 579 1557 661 1616; x_wconf 89' lang='lat' dir='ltr'>euim</span> <span class='ocrx_word' id='word_1_115' title='bbox 683 1556 840 1636; x_wconf 84' lang='lat' dir='ltr'>perbene,</span> <span class='ocrx_word' id='word_1_116' title='bbox 863 1556 947 1635; x_wconf 88' lang='lat' dir='ltr'>quod</span> <span class='ocrx_word' id='word_1_117' title='bbox 964 1556 1056 1616; x_wconf 85' lang='lat' dir='ltr'>insui·</span> 
     </span>
     <span class='ocr_line' id='line_1_17' title="bbox 132 1638 1061 1720; baseline 0.002 -22"><span class='ocrx_word' id='word_1_118' title='bbox 132 1640 207 1700; x_wconf 86' lang='lat' dir='ltr'>tenti</span> <span class='ocrx_word' id='word_1_119' title='bbox 228 1640 421 1701; x_wconf 81' lang='lat' dir='ltr'>adversersio</span> <span class='ocrx_word' id='word_1_120' title='bbox 445 1645 600 1720; x_wconf 84' lang='lat' dir='ltr'>opponet,</span> <span class='ocrx_word' id='word_1_121' title='bbox 622 1638 729 1715; x_wconf 83' lang='lat' dir='ltr'>babet,</span> <span class='ocrx_word' id='word_1_122' title='bbox 763 1639 846 1718; x_wconf 91' lang='lat' dir='ltr'>quod</span> <span class='ocrx_word' id='word_1_123' title='bbox 868 1639 1061 1700; x_wconf 75' lang='lat' dir='ltr'>turbantibus</span> 
     </span>
     <span class='ocr_line' id='line_1_18' title="bbox 131 1720 1061 1802; baseline 0 -20"><span class='ocrx_word' id='word_1_124' title='bbox 131 1724 268 1802; x_wconf 87' lang='lat' dir='ltr'>peoostis</span> <span class='ocrx_word' id='word_1_125' title='bbox 291 1724 512 1784; x_wconf 88' lang='lat' dir='ltr'>eouseieutiam</span> <span class='ocrx_word' id='word_1_126' title='bbox 536 1720 677 1800; x_wconf 79' lang='lat' dir='ltr'>obiiuiat,</span> <span class='ocrx_word' id='word_1_127' title='bbox 704 1722 812 1797; x_wconf 86' lang='lat' dir='ltr'>habet,</span> <span class='ocrx_word' id='word_1_128' title='bbox 835 1723 918 1801; x_wconf 91' lang='lat' dir='ltr'>quod</span> <span class='ocrx_word' id='word_1_129' title='bbox 941 1723 1061 1784; x_wconf 82' lang='lat' dir='ltr'>horron‘</span> 
     </span>
     <span class='ocr_line' id='line_1_19' title="bbox 132 1805 1059 1887; baseline 0 -22"><span class='ocrx_word' id='word_1_130' title='bbox 132 1807 237 1866; x_wconf 88' lang='lat' dir='ltr'>mortis</span> <span class='ocrx_word' id='word_1_131' title='bbox 266 1813 298 1867; x_wconf 91' lang='lat' dir='ltr'>et</span> <span class='ocrx_word' id='word_1_132' title='bbox 324 1806 428 1867; x_wconf 82' lang='lat' dir='ltr'>iudicii</span> <span class='ocrx_word' id='word_1_133' title='bbox 456 1806 660 1885; x_wconf 82' lang='lat' dir='ltr'>respondeat,</span> <span class='ocrx_word' id='word_1_134' title='bbox 692 1805 785 1866; x_wconf 86' lang='lat' dir='ltr'>habet</span> <span class='ocrx_word' id='word_1_135' title='bbox 807 1806 948 1885; x_wconf 89' lang='lat' dir='ltr'>denique,</span> <span class='ocrx_word' id='word_1_136' title='bbox 975 1805 1059 1887; x_wconf 89' lang='lat' dir='ltr'>quod</span> 
     </span>
     <span class='ocr_line' id='line_1_20' title="bbox 88 1887 1063 1969; baseline 0.001 -21"><span class='ocrx_word' id='word_1_137' title='bbox 88 1933 90 1942; x_wconf 90' lang='lat'><em>.</em></span> <span class='ocrx_word' id='word_1_138' title='bbox 131 1889 281 1949; x_wconf 88' lang='lat' dir='ltr'>universis</span> <span class='ocrx_word' id='word_1_139' title='bbox 307 1889 526 1951; x_wconf 81' lang='lat' dir='ltr'>tentationibus</span> <span class='ocrx_word' id='word_1_140' title='bbox 560 1887 703 1948; x_wconf 81' lang='lat' dir='ltr'>solatium</span> <span class='ocrx_word' id='word_1_141' title='bbox 740 1893 794 1966; x_wconf 86' lang='lat' dir='ltr'>sit,</span> <span class='ocrx_word' id='word_1_142' title='bbox 832 1906 943 1969; x_wconf 84' lang='lat' dir='ltr'>nempe</span> <span class='ocrx_word' id='word_1_143' title='bbox 981 1889 1063 1949; x_wconf 88' lang='lat' dir='ltr'>haue</span> 
     </span>
     <span class='ocr_line' id='line_1_21' title="bbox 131 1970 1062 2052; baseline -0.001 -21"><span class='ocrx_word' id='word_1_144' title='bbox 131 1990 225 2032; x_wconf 87' lang='lat' dir='ltr'>uuam</span> <span class='ocrx_word' id='word_1_145' title='bbox 236 1973 407 2051; x_wconf 71' lang='lat' dir='ltr'>veritatem,</span> <span class='ocrx_word' id='word_1_146' title='bbox 429 1970 594 2052; x_wconf 72' lang='lat' dir='ltr'>dioens:*)</span> <span class='ocrx_word' id='word_1_147' title='bbox 618 1971 702 2031; x_wconf 82' lang='lat' dir='ltr'>Deus</span> <span class='ocrx_word' id='word_1_148' title='bbox 715 1979 761 2032; x_wconf 87' lang='lat' dir='ltr'>est</span> <span class='ocrx_word' id='word_1_149' title='bbox 772 1990 868 2032; x_wconf 88' lang='lat' dir='ltr'>verax</span> <span class='ocrx_word' id='word_1_150' title='bbox 889 1973 920 2032; x_wconf 89' lang='lat' dir='ltr'>iu</span> <span class='ocrx_word' id='word_1_151' title='bbox 933 1973 1062 2052; x_wconf 88' lang='lat' dir='ltr'>promis·</span> 
     </span>
     <span class='ocr_line' id='line_1_22' title="bbox 132 2053 1060 2135; baseline 0.003 -22"><span class='ocrx_word' id='word_1_152' title='bbox 132 2054 269 2114; x_wconf 86' lang='lat' dir='ltr'>sionibus</span> <span class='ocrx_word' id='word_1_153' title='bbox 291 2057 364 2132; x_wconf 87' lang='lat' dir='ltr'>suis,</span> <span class='ocrx_word' id='word_1_154' title='bbox 386 2056 473 2114; x_wconf 85' lang='lat' dir='ltr'>euius</span> <span class='ocrx_word' id='word_1_155' title='bbox 495 2057 615 2133; x_wconf 77' lang='lat' dir='ltr'>signum</span> <span class='ocrx_word' id='word_1_156' title='bbox 637 2055 668 2113; x_wconf 90' lang='lat' dir='ltr'>iu</span> <span class='ocrx_word' id='word_1_157' title='bbox 688 2053 841 2135; x_wconf 86' lang='lat' dir='ltr'>baptismo</span> <span class='ocrx_word' id='word_1_158' title='bbox 865 2057 996 2135; x_wconf 87' lang='lat' dir='ltr'>susospi.</span> <span class='ocrx_word' id='word_1_159' title='bbox 1029 2053 1060 2116; x_wconf 74' lang='lat' dir='ltr'>Si</span> 
     </span>
     <span class='ocr_line' id='line_1_23' title="bbox 134 2137 676 2217; baseline -0.004 -19"><span class='ocrx_word' id='word_1_160' title='bbox 134 2137 218 2198; x_wconf 86' lang='lat' dir='ltr'>Deus</span> <span class='ocrx_word' id='word_1_161' title='bbox 240 2157 296 2217; x_wconf 89' lang='lat' dir='ltr'>pro</span> <span class='ocrx_word' id='word_1_162' title='bbox 320 2158 377 2214; x_wconf 86' lang='lat' dir='ltr'>me,</span> <span class='ocrx_word' id='word_1_163' title='bbox 399 2139 468 2217; x_wconf 87' lang='lat' dir='ltr'>quis</span> <span class='ocrx_word' id='word_1_164' title='bbox 490 2143 598 2197; x_wconf 80' lang='lat' dir='ltr'>eontra</span> <span class='ocrx_word' id='word_1_165' title='bbox 621 2157 676 2197; x_wconf 83' lang='lat' dir='ltr'>me</span> 
     </span>
    </p>

    <p class='ocr_par' dir='ltr' id='par_1_3' title="bbox 132 2219 1066 3541">
     <span class='ocr_line' id='line_1_24' title="bbox 216 2219 1062 2300; baseline 0.001 -19"><span class='ocrx_word' id='word_1_166' title='bbox 216 2220 249 2281; x_wconf 82' lang='lat' dir='ltr'>Si</span> <span class='ocrx_word' id='word_1_167' title='bbox 277 2223 356 2281; x_wconf 89' lang='lat' dir='ltr'>euim</span> <span class='ocrx_word' id='word_1_168' title='bbox 384 2220 439 2281; x_wconf 81' lang='lat' dir='ltr'>mii</span> <span class='ocrx_word' id='word_1_169' title='bbox 464 2219 559 2281; x_wconf 74' lang='lat' dir='ltr'>Israel</span> <span class='ocrx_word' id='word_1_170' title='bbox 592 2220 631 2280; x_wconf 85' lang='lat' dir='ltr'>ed</span> <span class='ocrx_word' id='word_1_171' title='bbox 660 2220 880 2300; x_wconf 84' lang='lat' dir='ltr'>poeniteutiam</span> <span class='ocrx_word' id='word_1_172' title='bbox 910 2224 1062 2283; x_wconf 86' lang='lat' dir='ltr'>reversuri</span> 
     </span>
     <span class='ocr_line' id='line_1_25' title="bbox 133 2302 1062 2383; baseline 0.004 -21"><span class='ocrx_word' id='word_1_173' title='bbox 133 2303 390 2382; x_wconf 89' lang='lat' dir='ltr'>primoomnium</span> <span class='ocrx_word' id='word_1_174' title='bbox 413 2304 529 2363; x_wconf 78' lang='lat' dir='ltr'>snitum</span> <span class='ocrx_word' id='word_1_175' title='bbox 551 2302 590 2363; x_wconf 85' lang='lat' dir='ltr'>de</span> <span class='ocrx_word' id='word_1_176' title='bbox 612 2305 756 2383; x_wconf 78' lang='lat' dir='ltr'>Aegypto</span> <span class='ocrx_word' id='word_1_177' title='bbox 780 2302 1008 2380; x_wconf 76' lang='lat' dir='ltr'>memorabent,</span> <span class='ocrx_word' id='word_1_178' title='bbox 1031 2313 1062 2366; x_wconf 88' lang='lat' dir='ltr'>et</span> 
     </span>
     <span class='ocr_line' id='line_1_26' title="bbox 132 2383 1061 2465; baseline 0.003 -20"><span class='ocrx_word' id='word_1_179' title='bbox 132 2383 192 2446; x_wconf 82' lang='lat' dir='ltr'>heo</span> <span class='ocrx_word' id='word_1_180' title='bbox 214 2388 366 2457; x_wconf 81' lang='lat' dir='ltr'>memoria</span> <span class='ocrx_word' id='word_1_181' title='bbox 385 2386 424 2446; x_wconf 86' lang='lat' dir='ltr'>ad</span> <span class='ocrx_word' id='word_1_182' title='bbox 444 2386 560 2463; x_wconf 85' lang='lat' dir='ltr'>Deum,</span> <span class='ocrx_word' id='word_1_183' title='bbox 592 2388 644 2464; x_wconf 89' lang='lat' dir='ltr'>qui</span> <span class='ocrx_word' id='word_1_184' title='bbox 665 2385 814 2447; x_wconf 77' lang='lat' dir='ltr'>eduxerat</span> <span class='ocrx_word' id='word_1_185' title='bbox 836 2405 909 2465; x_wconf 89' lang='lat' dir='ltr'>eos,</span> <span class='ocrx_word' id='word_1_186' title='bbox 930 2394 1061 2448; x_wconf 87' lang='lat' dir='ltr'>reverte·</span> 
     </span>
     <span class='ocr_line' id='line_1_27' title="bbox 135 2467 1062 2548; baseline 0.003 -20"><span class='ocrx_word' id='word_1_187' title='bbox 135 2467 255 2546; x_wconf 87' lang='lat' dir='ltr'>beutur,</span> <span class='ocrx_word' id='word_1_188' title='bbox 278 2489 357 2548; x_wconf 88' lang='lat' dir='ltr'>quae</span> <span class='ocrx_word' id='word_1_189' title='bbox 380 2470 528 2530; x_wconf 84' lang='lat' dir='ltr'>memorio</span> <span class='ocrx_word' id='word_1_190' title='bbox 552 2478 582 2530; x_wconf 90' lang='lat' dir='ltr'>et</span> <span class='ocrx_word' id='word_1_191' title='bbox 604 2469 665 2530; x_wconf 86' lang='lat' dir='ltr'>hoe</span> <span class='ocrx_word' id='word_1_192' title='bbox 685 2470 785 2548; x_wconf 89' lang='lat' dir='ltr'>ipsum</span> <span class='ocrx_word' id='word_1_193' title='bbox 807 2469 994 2548; x_wconf 79' lang='lat' dir='ltr'>praesidium</span> <span class='ocrx_word' id='word_1_194' title='bbox 1017 2473 1062 2531; x_wconf 88' lang='lat' dir='ltr'>sis</span> 
     </span>
     <span class='ocr_line' id='line_1_28' title="bbox 133 2551 1061 2632; baseline 0.004 -21"><span class='ocrx_word' id='word_1_195' title='bbox 133 2553 225 2612; x_wconf 88' lang='lat' dir='ltr'>toties</span> <span class='ocrx_word' id='word_1_196' title='bbox 248 2553 367 2614; x_wconf 84' lang='lat' dir='ltr'>aMose</span> <span class='ocrx_word' id='word_1_197' title='bbox 381 2553 560 2628; x_wconf 75' lang='lat' dir='ltr'>innobentur,</span> <span class='ocrx_word' id='word_1_198' title='bbox 583 2558 615 2612; x_wconf 87' lang='lat' dir='ltr'>et</span> <span class='ocrx_word' id='word_1_199' title='bbox 626 2551 753 2613; x_wconf 83' lang='lat' dir='ltr'>eDerid</span> <span class='ocrx_word' id='word_1_200' title='bbox 766 2553 923 2632; x_wconf 83' lang='lat' dir='ltr'>repetitur,</span> <span class='ocrx_word' id='word_1_201' title='bbox 946 2561 1061 2632; x_wconf 81' lang='lat' dir='ltr'>queuts</span> 
     </span>
     <span class='ocr_line' id='line_1_29' title="bbox 134 2635 1062 2715; baseline 0.003 -20"><span class='ocrx_word' id='word_1_202' title='bbox 134 2636 314 2714; x_wconf 74' lang='lat' dir='ltr'>magistros</span> <span class='ocrx_word' id='word_1_203' title='bbox 344 2642 481 2696; x_wconf 82' lang='lat' dir='ltr'>nostrum</span> <span class='ocrx_word' id='word_1_204' title='bbox 504 2635 543 2696; x_wconf 90' lang='lat' dir='ltr'>de</span> <span class='ocrx_word' id='word_1_205' title='bbox 564 2635 708 2715; x_wconf 78' lang='lat' dir='ltr'>Aegypto</span> <span class='ocrx_word' id='word_1_206' title='bbox 735 2644 844 2695; x_wconf 86' lang='lat' dir='ltr'>nostre</span> <span class='ocrx_word' id='word_1_207' title='bbox 873 2636 990 2696; x_wconf 85' lang='lat' dir='ltr'>exitum</span> <span class='ocrx_word' id='word_1_208' title='bbox 1013 2637 1062 2698; x_wconf 71' lang='lat' dir='ltr'>de</span> 
     </span>
     <span class='ocr_line' id='line_1_30' title="bbox 134 2717 1063 2798; baseline 0.002 -20"><span class='ocrx_word' id='word_1_209' title='bbox 134 2717 241 2779; x_wconf 89' lang='lat' dir='ltr'>bemus</span> <span class='ocrx_word' id='word_1_210' title='bbox 264 2731 450 2796; x_wconf 76' lang='lat' dir='ltr'>memorare,</span> <span class='ocrx_word' id='word_1_211' title='bbox 479 2725 511 2778; x_wconf 83' lang='lat' dir='ltr'>et</span> <span class='ocrx_word' id='word_1_212' title='bbox 531 2719 597 2778; x_wconf 90' lang='lat' dir='ltr'>eius</span> <span class='ocrx_word' id='word_1_213' title='bbox 618 2719 768 2779; x_wconf 85' lang='lat' dir='ltr'>memorie</span> <span class='ocrx_word' id='word_1_214' title='bbox 790 2717 888 2777; x_wconf 85' lang='lat' dir='ltr'>redire</span> <span class='ocrx_word' id='word_1_215' title='bbox 919 2719 958 2778; x_wconf 88' lang='lat' dir='ltr'>ad</span> <span class='ocrx_word' id='word_1_216' title='bbox 981 2730 1063 2798; x_wconf 71' lang='lat' dir='ltr'>eun,</span> 
     </span>
     <span class='ocr_line' id='line_1_31' title="bbox 134 2801 1062 2882; baseline 0.002 -21"><span class='ocrx_word' id='word_1_217' title='bbox 134 2802 186 2880; x_wconf 86' lang='lat' dir='ltr'>qui</span> <span class='ocrx_word' id='word_1_218' title='bbox 208 2817 266 2863; x_wconf 87' lang='lat' dir='ltr'>noe</span> <span class='ocrx_word' id='word_1_219' title='bbox 289 2802 397 2863; x_wconf 80' lang='lat' dir='ltr'>eduxit</span> <span class='ocrx_word' id='word_1_220' title='bbox 423 2810 480 2882; x_wconf 79' lang='lat' dir='ltr'>per</span> <span class='ocrx_word' id='word_1_221' title='bbox 508 2801 663 2862; x_wconf 84' lang='lat' dir='ltr'>ievaerum</span> <span class='ocrx_word' id='word_1_222' title='bbox 686 2801 929 2879; x_wconf 78' lang='lat' dir='ltr'>regenerationis</span> <span class='ocrx_word' id='word_1_223' title='bbox 951 2821 1062 2880; x_wconf 87' lang='lat' dir='ltr'>novae,</span> 
     </span>
     <span class='ocr_line' id='line_1_32' title="bbox 135 2883 1064 2963; baseline 0.001 -18"><span class='ocrx_word' id='word_1_224' title='bbox 135 2885 221 2945; x_wconf 82' lang='lat' dir='ltr'>ouius</span> <span class='ocrx_word' id='word_1_225' title='bbox 250 2886 399 2945; x_wconf 84' lang='lat' dir='ltr'>memorie</span> <span class='ocrx_word' id='word_1_226' title='bbox 430 2887 462 2944; x_wconf 85' lang='lat' dir='ltr'>iu</span> <span class='ocrx_word' id='word_1_227' title='bbox 496 2885 557 2945; x_wconf 90' lang='lat' dir='ltr'>hoo</span> <span class='ocrx_word' id='word_1_228' title='bbox 588 2885 688 2963; x_wconf 90' lang='lat' dir='ltr'>ipsum</span> <span class='ocrx_word' id='word_1_229' title='bbox 725 2883 815 2942; x_wconf 88' lang='lat' dir='ltr'>uobis</span> <span class='ocrx_word' id='word_1_230' title='bbox 845 2885 1064 2946; x_wconf 68' lang='lat' dir='ltr'>sommendat·</span> 
     </span>
     <span class='ocr_line' id='line_1_33' title="bbox 134 2963 1061 3047; baseline 0 -19"><span class='ocrx_word' id='word_1_231' title='bbox 134 2966 203 3028; x_wconf 79' lang='lat' dir='ltr'>est?</span> <span class='ocrx_word' id='word_1_232' title='bbox 225 2967 258 3027; x_wconf 94' lang='lat' dir='ltr'>ld</span> <span class='ocrx_word' id='word_1_233' title='bbox 281 2967 363 3047; x_wconf 83' lang='lat' dir='ltr'>quod</span> <span class='ocrx_word' id='word_1_234' title='bbox 386 2969 521 3029; x_wconf 91' lang='lat' dir='ltr'>omnium</span> <span class='ocrx_word' id='word_1_235' title='bbox 544 2965 795 3028; x_wconf 85' lang='lat' dir='ltr'>eommodissime</span> <span class='ocrx_word' id='word_1_236' title='bbox 816 2963 880 3024; x_wconf 82' lang='lat' dir='ltr'>iieri</span> <span class='ocrx_word' id='word_1_237' title='bbox 909 2966 945 3026; x_wconf 80' lang='lat' dir='ltr'>iu&#39;</span> <span class='ocrx_word' id='word_1_238' title='bbox 962 2987 1061 3028; x_wconf 56' lang='lat' dir='ltr'>saeros·</span> 
     </span>
     <span class='ocr_line' id='line_1_34' title="bbox 134 3048 1064 3130; baseline 0.001 -20"><span class='ocrx_word' id='word_1_239' title='bbox 134 3056 241 3111; x_wconf 87' lang='lat' dir='ltr'>mento</span> <span class='ocrx_word' id='word_1_240' title='bbox 263 3052 351 3130; x_wconf 83' lang='lat' dir='ltr'>penis</span> <span class='ocrx_word' id='word_1_241' title='bbox 375 3052 488 3110; x_wconf 86' lang='lat' dir='ltr'>etvini</span> <span class='ocrx_word' id='word_1_242' title='bbox 512 3056 625 3130; x_wconf 89' lang='lat' dir='ltr'>potest.</span> <span class='ocrx_word' id='word_1_243' title='bbox 657 3048 708 3110; x_wconf 81' lang='lat' dir='ltr'>Sis</span> <span class='ocrx_word' id='word_1_244' title='bbox 731 3050 811 3108; x_wconf 88' lang='lat' dir='ltr'>euim</span> <span class='ocrx_word' id='word_1_245' title='bbox 830 3050 902 3109; x_wconf 87' lang='lat' dir='ltr'>oiim</span> <span class='ocrx_word' id='word_1_246' title='bbox 926 3052 983 3111; x_wconf 84' lang='lat' dir='ltr'>tria</span> <span class='ocrx_word' id='word_1_247' title='bbox 1004 3053 1064 3111; x_wconf 78' lang='lat' dir='ltr'>ists</span> 
     </span>
     <span class='ocr_line' id='line_1_35' title="bbox 134 3130 1064 3213; baseline -0.001 -20"><span class='ocrx_word' id='word_1_248' title='bbox 134 3139 345 3206; x_wconf 73' lang='lat' dir='ltr'>submonente,</span> <span class='ocrx_word' id='word_1_249' title='bbox 373 3134 582 3213; x_wconf 78' lang='lat' dir='ltr'>poenitentia,</span> <span class='ocrx_word' id='word_1_250' title='bbox 613 3130 798 3212; x_wconf 84' lang='lat' dir='ltr'>baptismus,</span> <span class='ocrx_word' id='word_1_251' title='bbox 831 3133 935 3210; x_wconf 82' lang='lat' dir='ltr'>penis,</span> <span class='ocrx_word' id='word_1_252' title='bbox 972 3134 1064 3194; x_wconf 87' lang='lat' dir='ltr'>simul</span> 
     </span>
     <span class='ocr_line' id='line_1_36' title="bbox 135 3213 1064 3296; baseline 0.002 -20"><span class='ocrx_word' id='word_1_253' title='bbox 135 3214 244 3276; x_wconf 86' lang='lat' dir='ltr'>eodem</span> <span class='ocrx_word' id='word_1_254' title='bbox 268 3216 372 3277; x_wconf 78' lang='lat' dir='ltr'>officio</span> <span class='ocrx_word' id='word_1_255' title='bbox 399 3214 685 3296; x_wconf 76' lang='lat' dir='ltr'>frequentabantur,</span> <span class='ocrx_word' id='word_1_256' title='bbox 715 3221 747 3274; x_wconf 88' lang='lat' dir='ltr'>et</span> <span class='ocrx_word' id='word_1_257' title='bbox 774 3213 902 3274; x_wconf 80' lang='lat' dir='ltr'>alterum</span> <span class='ocrx_word' id='word_1_258' title='bbox 934 3216 1064 3278; x_wconf 77' lang='lat' dir='ltr'>aiterum</span> 
     </span>
     <span class='ocr_line' id='line_1_37' title="bbox 134 3297 1064 3379; baseline 0.002 -20"><span class='ocrx_word' id='word_1_259' title='bbox 134 3297 269 3361; x_wconf 83' lang='lat' dir='ltr'>iursbet.</span> <span class='ocrx_word' id='word_1_260' title='bbox 297 3299 346 3359; x_wconf 85' lang='lat' dir='ltr'>lta</span> <span class='ocrx_word' id='word_1_261' title='bbox 366 3300 476 3379; x_wconf 84' lang='lat' dir='ltr'>iegitur</span> <span class='ocrx_word' id='word_1_262' title='bbox 489 3300 530 3359; x_wconf 90' lang='lat' dir='ltr'>de</span> <span class='ocrx_word' id='word_1_263' title='bbox 550 3297 682 3376; x_wconf 84' lang='lat' dir='ltr'>quedam</span> <span class='ocrx_word' id='word_1_264' title='bbox 705 3304 812 3357; x_wconf 79' lang='lat' dir='ltr'>saneto</span> <span class='ocrx_word' id='word_1_265' title='bbox 825 3299 951 3377; x_wconf 76' lang='lat' dir='ltr'>virgine,</span> <span class='ocrx_word' id='word_1_266' title='bbox 974 3318 1064 3378; x_wconf 82' lang='lat' dir='ltr'>quae,</span> 
     </span>
     <span class='ocr_line' id='line_1_38' title="bbox 136 3379 1065 3462; baseline 0 -20"><span class='ocrx_word' id='word_1_267' title='bbox 136 3381 259 3460; x_wconf 80' lang='lat' dir='ltr'>quoties</span> <span class='ocrx_word' id='word_1_268' title='bbox 280 3382 473 3458; x_wconf 82' lang='lat' dir='ltr'>tentabatur,</span> <span class='ocrx_word' id='word_1_269' title='bbox 493 3401 555 3442; x_wconf 93' lang='lat' dir='ltr'>uou</span> <span class='ocrx_word' id='word_1_270' title='bbox 579 3381 636 3440; x_wconf 85' lang='lat' dir='ltr'>nisi</span> <span class='ocrx_word' id='word_1_271' title='bbox 658 3379 812 3460; x_wconf 89' lang='lat' dir='ltr'>baptismo</span> <span class='ocrx_word' id='word_1_272' title='bbox 835 3396 891 3441; x_wconf 84' lang='lat' dir='ltr'>suo</span> <span class='ocrx_word' id='word_1_273' title='bbox 914 3401 1065 3462; x_wconf 77' lang='lat' dir='ltr'>repugne-</span> 
     </span>
     <span class='ocr_line' id='line_1_39' title="bbox 136 3462 1066 3541; baseline 0.001 -16"><span class='ocrx_word' id='word_1_274' title='bbox 136 3463 203 3540; x_wconf 85' lang='lat' dir='ltr'>bet,</span> <span class='ocrx_word' id='word_1_275' title='bbox 233 3463 339 3526; x_wconf 81' lang='lat' dir='ltr'>disens</span> <span class='ocrx_word' id='word_1_276' title='bbox 366 3466 559 3526; x_wconf 87' lang='lat' dir='ltr'>brevissime:</span> <span class='ocrx_word' id='word_1_277' title='bbox 592 3462 766 3524; x_wconf 80' lang='lat' dir='ltr'>Obrietisua</span> <span class='ocrx_word' id='word_1_278' title='bbox 792 3483 878 3541; x_wconf 74' lang='lat' dir='ltr'>sum3</span> <span class='ocrx_word' id='word_1_279' title='bbox 916 3465 1066 3526; x_wconf 76' lang='lat' dir='ltr'>intellexit</span> 
     </span>
    </p>
   </div>
   <div class='ocr_carea' id='block_1_3' title="bbox 136 3547 1065 3630">
    <p class='ocr_par' dir='ltr' id='par_1_4' title="bbox 136 3547 1065 3630">
     <span class='ocr_line' id='line_1_40' title="bbox 136 3547 1065 3630; baseline 0 -21"><span class='ocrx_word' id='word_1_280' title='bbox 136 3548 220 3609; x_wconf 88' lang='lat' dir='ltr'>enim</span> <span class='ocrx_word' id='word_1_281' title='bbox 263 3548 361 3610; x_wconf 90' lang='lat' dir='ltr'>bostis</span> <span class='ocrx_word' id='word_1_282' title='bbox 404 3548 505 3609; x_wconf 87' lang='lat' dir='ltr'>statim</span> <span class='ocrx_word' id='word_1_283' title='bbox 549 3547 689 3608; x_wconf 77' lang='lat' dir='ltr'>virtutem</span> <span class='ocrx_word' id='word_1_284' title='bbox 724 3547 869 3627; x_wconf 76' lang='lat' dir='ltr'>bsptisni</span> <span class='ocrx_word' id='word_1_285' title='bbox 910 3555 942 3609; x_wconf 85' lang='lat' dir='ltr'>et</span> <span class='ocrx_word' id='word_1_286' title='bbox 983 3548 1065 3630; x_wconf 82' lang='lat' dir='ltr'>fidei,</span> 
     </span>
    </p>
   </div>
   <div class='ocr_carea' id='block_1_4' title="bbox 194 3727 374 3800">
    <p class='ocr_par' dir='ltr' id='par_1_5' title="bbox 194 3727 374 3800">
     <span class='ocr_line' id='line_1_41' title="bbox 194 3727 374 3800; baseline -0.006 -15"><span class='ocrx_word' id='word_1_287' title='bbox 194 3727 228 3800; x_wconf 75' lang='lat'>⁸)</span> <span class='ocrx_word' id='word_1_288' title='bbox 247 3729 326 3785; x_wconf 69' lang='lat' dir='ltr'>son.</span> <span class='ocrx_word' id='word_1_289' title='bbox 346 3729 374 3788; x_wconf 79' lang='lat' dir='ltr'>s.</span> 
     </span>
    </p>
   </div>
   <div class='ocr_carea' id='block_1_5' title="bbox 0 0 1208 4170">
    <p class='ocr_par' dir='ltr' id='par_1_6' title="bbox 0 0 1208 4170">
     <span class='ocr_line' id='line_1_42' title="bbox 0 0 1208 4170; baseline 0 0"><span class='ocrx_word' id='word_1_290' title='bbox 0 0 1208 4170; x_wconf 95' lang='lat' dir='ltr'> </span> 
     </span>
    </p>
   </div>
  </div>
 </body>
</html>
