2392 4170
156 248 222 318 360
387 255 545 325 Responsio
564 254 597 310 D.
611 254 647 310 Ι.
662 254 690 310 h
709 254 745 310 sd
762 255 884 310 librum·

158 416 288 470 orantes.
330 408 438 488 Neque
460 411 541 470 enirn
562 417 696 491 popalus
718 411 885 471 maiestatis
911 417 944 471 et
962 410 1081 491 gloriae
1119 407 1123 414 ’

158 490 311 552 vocabulo
339 500 489 553 censetur.
540 493 648 574 Neque
675 495 700 554 si
722 501 915 572 censeretur,
945 510 1080 574 unquam

158 574 231 634 talia
253 593 362 655 possus
382 584 444 650 eet,
478 595 547 636 oum
570 577 654 638 nulla
674 578 820 638 maiestas
839 577 871 636 in
893 592 962 637 sum
978 576 1080 637 litate

157 676 215 717 nus
237 658 450 740 praevaluerit,
470 661 538 740 ipse
550 661 666 721 veroin
689 662 865 721 maiestates
876 659 937 720 hoc
956 661 1099 747 saepius-

159 742 365 821 praevaluerit
385 750 416 803 et
435 743 556 819 iecerit,
585 748 619 804 nt
644 745 704 803 iem
729 761 801 803 non
815 742 915 803 solum
935 743 968 802 in
989 742 1081 803 relius

159 824 336 904 hominum,
370 826 424 886 eed
457 827 487 885 in
518 826 727 887 maieetntibue
759 834 790 886 et
821 824 1082 895 dominationibus

158 924 282 989 quoque
304 928 361 989 pro
384 908 509 969 libidine
530 908 615 969 ludat
636 908 864 985 transferendo,
890 907 1081 987 evacuanda,

157 991 316 1070 mutando,
338 993 459 1072 quotiee
485 994 582 1053 visum
606 1002 662 1055 est.
705 992 816 1052 Nonne
836 991 915 1053 hoec
932 991 1082 1053 historiae

152 1072 200 1135 -de
219 1093 316 1154 regno
340 1075 495 1150 Frnnotae,
517 1073 679 1152 Graeciae,
701 1073 902 1148 Germaniae,
925 1073 1082 1154 Neapofls,

159 1155 283 1219 Siciliae
306 1166 336 1217 et
356 1158 424 1219 aliis
442 1158 613 1219 testantur?
639 1157 750 1218 Nonne
776 1158 868 1217 etiam
889 1157 940 1216 tric
959 1156 1082 1234 lanx,

115 1262 124 1273 ’
158 1239 271 1320 alioqui
284 1240 382 1302 bonus
394 1243 447 1317 vir,
470 1259 593 1301 suorum
616 1241 710 1301 ialsus
722 1240 858 1301 consitiis
879 1246 910 1300 et
931 1241 1083 1321 exemplis

157 1321 286 1384 ducatus
306 1323 411 1385 ltaliae
431 1332 529 1384 tentat
550 1325 608 1384 hnc
630 1324 801 1405 tyrannide,
823 1322 954 1383 Urbinas
976 1323 1082 1405 expol-

157 1425 219 1484 sos,
240 1406 441 1468 Ferrariensis
462 1426 556 1487 saepe
578 1407 714 1487 petitus?
735 1407 775 1466 Bt
795 1404 988 1466 aemulantur
1009 1424 1082 1468 sum

158 1489 337 1551 Cardinales
360 1498 391 1550 et
411 1491 549 1571 episcopi
572 1497 705 1567 strenue,
726 1488 770 1549 illi
793 1489 926 1570 regibus,
947 1489 978 1548 tri
999 1486 1083 1550 Prin-

157 1572 276 1653 cipibuu
297 1573 472 1653 superiores
493 1572 576 1650 laeti,
597 1573 827 1652 ignavissimum
851 1572 1009 1632 hominum
1073 1607 1084 1618 ·

158 1675 224 1732 nus,
245 1656 299 1716 rix
320 1657 423 1736 porcis
445 1655 563 1716 alendis
583 1654 728 1716 idoneum
782 1654 833 1715 Sic
850 1655 1006 1716 honorent
1048 1674 1081 1716 o·

158 1739 356 1814 minatiouse,
379 1739 424 1798 sic
446 1739 631 1800 benedicunt
652 1739 843 1814 maiestates,
867 1739 912 1797 sic
933 1746 1086 1818 quaerunt

156 1840 235 1900 quae
264 1820 392 1882 aliorum
422 1830 492 1883 sunt
511 1821 567 1881 sibi
589 1821 801 1902 displicentes,
833 1822 878 1880 sic
899 1821 1082 1900 posita-su·

156 1903 245 1964 dacia
265 1903 411 1964 incedunt
432 1906 469 1964 in'
485 1906 594 1964 timore
616 1904 683 1965 Dei.
726 1904 794 1964 Vae
814 1904 883 1966 illis.

240 1986 285 2047 De
318 1987 427 2067 quibus
462 1996 492 2047 et
520 1987 611 2048 Iudae
636 1987 755 2047 Petrum
785 1986 961 2046 ‘aemulatus
992 1986 1081 2048 dicit:

157 2069 300 2129 Similiter
321 2078 351 2129 et
372 2070 403 2129 lri
426 2071 629 2130 somniatores
655 2079 663 2137 t
671 2068 701 2129 id
724 2076 786 2146 est,
814 2071 941 2129 somniie
962 2069 1079 2144 delusi)

157 2153 209 2230 qui
233 2169 356 2212 carnem
380 2153 501 2231 quidem
525 2153 691 2229 macutant,
714 2151 954 2213 dominationem
977 2161 1082 2214 autem

157 2244 314 2313 spernunt,
337 2237 512 2295 maiestates
534 2243 637 2296 autem
661 2235 882 2315 blasphemant.
926 2235 968 2296 Et
987 2236 1081 2317 paulo

157 2318 311 2396 superine:
335 2317 579 2379 Subintroierunt
601 2320 680 2378 enim
704 2318 827 2398 quidam
851 2318 1007 2395 homines,
1030 2321 1081 2398 qui

157 2399 230 2459 olim
253 2402 432 2482 praescripti
454 2402 574 2461 suntin
599 2401 658 2462 hoc
679 2403 778 2481 ipsum
801 2401 963 2477 iudicium,
985 2402 1082 2483 impii,

158 2482 280 2543 Domini
303 2486 398 2544 nostri
421 2487 549 2564 gratiam
573 2484 789 2544 transferentes
811 2486 842 2543 in
866 2483 1028 2559 luxuriam,
1050 2494 1082 2544 et

156 2565 256 2626 eolum
287 2565 511 2628 dominatorem
545 2577 576 2627 et
615 2567 771 2627 dominum
807 2575 943 2627 nostrum
981 2569 1080 2628 lesum

157 2649 309 2710 Christum
331 2657 495 2729 negantes,
519 2651 578 2710 boc
600 2659 659 2725 est,
684 2648 766 2729 quod
788 2650 894 2709 Petrus
915 2650 974 2724 ait,
993 2649 1082 2710 iuxta

156 2731 265 2793 Christi
289 2733 489 2813 Evangelium
514 2734 605 2793 etiem
634 2751 691 2791 aua
712 2731 858 2811 dogmata
880 2731 1079 2812 subinferent,

156 2822 318 2895 nentesque
340 2815 518 2895 perditionis
539 2817 626 2875 iuxta
647 2814 850 2893 introducent,
873 2814 983 2894 quibus
1007 2834 1080 2877 vera

157 2896 233 2957 tides
261 2899 487 2978 exstinguetur,
518 2905 549 2958 et
570 2899 707 2959 Christus
737 2905 855 2958 retento
883 2899 1009 2958 nomine
1034 2917 1080 2959 re·

157 2970 233 3040 vern‘
251 2980 413 3061 negabitur
431 2981 516 3042 solus
539 3001 606 3041 esee
628 2981 801 3041 dominator
823 2990 852 3040 et
867 2999 922 3040 rex
943 2982 974 3039 in
997 2981 1079 3042 iusti·

157 3063 251 3123 tinet
280 3063 414 3124 veritate.
464 3064 584 3124 Interim
612 3064 668 3123 sub
697 3065 821 3123 nomine
848 3065 913 3123 eiua
941 3063 1080 3126 luxuriae

158 3228 288 3306 epistola
320 3228 413 3289 iudae
449 3230 520 3289 mihi
554 3230 709 3308 quondam
741 3230 854 3289 inutilis
882 3229 964 3305 vina,
997 3240 1079 3290 uu'nc

157 3311 262 3390 agnita
283 3319 329 3371 eet
356 3308 475 3373 ePetri
498 3313 629 3392 epistola
656 3320 795 3392 sumpta,
825 3321 948 3392 propter
976 3313 1077 3373 solum

157 3411 269 3473 papam
291 3413 360 3455 esse
388 3397 508 3474 scripte.
555 3396 688 3474 Uterque
719 3395 799 3454 enim
830 3393 962 3471 indicat,
993 3394 1076 3476 quod

157 3475 384 3555 subintrabunt,
422 3477 452 3538 id
486 3485 549 3554 est,
586 3480 673 3538 iuxta
707 3477 907 3558 Evangelium
944 3497 1000 3538 sna
1034 3479 1077 3538 in·

157 3559 267 3638 terent,
301 3568 346 3636 et,
378 3567 410 3619 ut
444 3561 486 3620 ait
514 3561 637 3640 Petrus,
668 3559 934 3645 subintroducent,
965 3560 1075 3636 idest,

157 3642 242 3704 iuxta
274 3643 470 3704 introducent
506 3652 622 3719 sectae,
663 3645 822 3703 manifeste
862 3660 967 3703 eorum
1007 3645 1076 3705 insi·

157 3724 260 3788 diosas
294 3733 325 3787 et
357 3725 483 3787 fallaces
516 3727 692 3805 illusiones,
728 3725 837 3806 quibus
868 3727 988 3788 retento
1019 3746 1075 3788 no·
