2392 4170
418 246 504 310 Missa
521 243 638 324 privata
649 250 693 310 l).·
704 245 737 310 il
756 246 787 309 L.
1016 250 1078 318 173
1156 226 1158 235 Α

156 424 284 488 fuisset?
321 423 411 508 Impii
434 430 514 488 enim
537 437 608 487 sunt
630 427 767 508 plerique
789 426 854 486 eius
876 424 1080 506 errorespsetl

155 509 310 571 confessio
333 516 364 570 et
384 511 475 570 timor
496 510 557 572 Dei
591 510 663 571 lecit
684 528 739 570 eos
760 505 957 589 ignoscibiles
979 515 1011 569 et
1031 508 1078 570 iu·

154 594 266 654 noxios
292 593 370 675 sibi,
404 601 482 672 quos
515 600 618 655 lemen
642 593 667 653 si
695 593 763 671 quis
793 610 849 672 pro
876 591 1020 672 exemplo
1048 599 1080 652 et

156 676 227 756 lege
249 683 409 754 sequetur,
431 695 534 737 nonne
555 678 585 753 ip
610 676 775 757 perniciem
798 694 885 735 suam
907 674 1078 754 sequetur?

155 757 242 820 Sicut
265 767 295 818 et
318 760 470 840 contingit
493 761 608 837 multis,
632 761 682 838 qui
709 758 831 818 Petrum
856 757 935 819 dicta
958 777 1014 818 ceu
1035 758 1079 818 in·

153 841 292 902 lullibilia
313 843 438 903 oracula
460 845 525 902 sine
547 841 659 903 iudicio
682 851 860 921 sequuntur.

236 923 285 984 Ex
308 926 416 1005 quibus
431 925 545 986 clerum
568 933 624 1001 est,
646 925 777 985 Sanctus
789 943 890 985 errare
912 924 1078 1004 aliquando

155 1009 246 1067 etiam
267 1004 299 1067 'in
323 1012 438 1089 pietate
460 1010 631 1070 etveritute
652 1006 733 1088 fidei,
756 1007 838 1087 quod
854 1014 910 1087 est,
933 1026 987 1068 eos
1000 1026 1078 1070 nou-

154 1090 225 1151 dum
249 1110 317 1152 esse
339 1091 503 1172 periectos,
526 1098 679 1151 etlumen
708 1091 748 1151 ob
776 1099 918 1173 coeptum
948 1098 979 1152 et
1010 1110 1077 1154 cre-

154 1181 291 1233 scentem
307 1174 397 1236 fidem
412 1194 472 1235 uon
486 1177 600 1256 perire;
623 1176 722 1254 perire
744 1181 845 1235 sulem
871 1192 936 1253 eos,
959 1176 1009 1254 qui
1032 1195 1076 1238 er·

154 1275 254 1316 rorem
277 1258 358 1318 huuc
380 1278 435 1338 pro
468 1259 595 1319 veritate
618 1258 774 1338 arripiunt,
796 1259 878 1317 etin
901 1258 1076 1339 exemplum

154 1341 285 1422 trahunt,
308 1348 341 1402 ut
361 1360 486 1421 prorsus
506 1342 579 1402 nihil
601 1341 686 1401 iuvet
707 1359 808 1420 neque
824 1347 961 1420 excuset,
984 1342 1076 1403 Suno-

156 1432 255 1483 torum
278 1431 368 1505 gesta
387 1424 481 1485 fuisse
507 1426 657 1484 imitatum
681 1425 855 1504 quempiam
878 1425 944 1484 siue
966 1426 1077 1486 autori-

156 1510 219 1567 tute
242 1506 417 1588 Scripturas
440 1510 607 1588 agentium.
650 1506 682 1566 Si
714 1508 793 1567 enim
817 1506 920 1567 Sancti
948 1527 1009 1568 uon
1033 1528 1078 1569 er-

153 1597 256 1650 rarent
277 1592 306 1651 iu
319 1591 399 1672 lide,
423 1592 536 1670 pietate
558 1600 589 1651 et
610 1590 738 1650 scientia
760 1591 904 1669 veritatis,
927 1610 980 1651 cur
1003 1610 1076 1673 apo·

154 1672 251 1733 stolus
273 1675 380 1735 Petrus
404 1673 539 1752 doceret,
562 1691 701 1733 crescere
722 1671 830 1733 iulide
853 1680 885 1733 et
900 1675 1077 1755 cognitione

154 1754 286 1817 Christi?
336 1757 374 1818 lot
401 1758 522 1835 Paulus,
544 1775 682 1817 crescere
708 1757 740 1816 in
762 1755 931 1839 Christum,
954 1778 993 1818 ue
1020 1759 1076 1820 sic·

154 1846 186 1898 ut
207 1842 292 1919 pueri
326 1839 575 1902 circumferamur
606 1841 689 1899 omni
712 1847 802 1901 rento
825 1839 991 1902 doctrinae.
1037 1845 1077 1904 At

153 1921 235 2002 quod
264 1923 335 1983 lidei
365 1924 472 2000 deest,
494 1943 578 1985 error
608 1933 638 1983 et
658 1923 825 2003 impietatis
847 1924 996 2003 reliquum
1019 1933 1083 2003 est,

153 2006 321 2067 secundum
336 2006 418 2086 quod
436 2007 567 2069 Sanctos
587 2005 754 2089 aliquapdo
775 2025 868 2086 agere
890 2006 965 2069 dure
987 2007 1076 2070 huius

153 2089 235 2148 vitae
268 2091 390 2151 miserie
420 2097 451 2151 et
477 2093 644 2152 necessitas
676 2091 768 2170 cogit.
827 2089 905 2152 Sunt
933 2109 1007 2172 ergo
1037 2110 1075 2154 ec

154 2173 247 2233 modo
276 2174 355 2234 lecta
387 2173 583 2252 Sanctorum,
612 2173 667 2234 sibi
695 2175 769 2254 ipsis
798 2175 927 2236 innoxie
949 2182 1075 2256 propter

152 2253 255 2335 fidem,
278 2257 331 2317 sed
353 2255 472 2338 impiis,
496 2259 545 2338 qui
569 2255 728 2318 sacrificiis
750 2264 781 2318 et
802 2259 947 2340 operibus
968 2258 1075 2342 fidunt,

153 2341 414 2418 perniciosissima
436 2341 587 2421 exempla,
610 2342 681 2419 quia
703 2340 812 2402 uolunt
833 2342 951 2403 discere
972 2342 1075 2424 fidem,

153 2422 208 2482 sed
245 2431 361 2484 tantum
396 2442 490 2504 opera
526 2426 557 2484 in
599 2423 729 2487 Sanctis.
795 2424 871 2485 Oum
906 2426 1076 2507 Apostolus

153 2505 243 2567 Hebr.
259 2509 306 2570 13.
330 2506 465 2588 mundet,
491 2514 522 2566 ut
540 2507 806 2567 conversationem
829 2507 1010 2570 Sanctorum
1032 2512 1076 2572 iu·

153 2593 301 2669 tueamur,
325 2589 379 2650 sed
403 2592 456 2668 sic,
480 2596 512 2650 ut
531 2591 685 2650 imitemur
708 2607 813 2650 eorum
836 2590 936 2655 fidem.
971 2593 1074 2656 Nostri

152 2678 254 2732 autem
276 2675 418 2754 Pupistae
439 2672 557 2734 dieunt:
581 2672 611 2735 S.
635 2673 807 2734 Beruurdus
830 2676 875 2738 sic
896 2675 977 2755 lecit,
999 2695 1073 2757 ergo

152 2757 197 2815 sic
219 2763 266 2815 est
287 2756 475 2837 iaciendum3
501 2756 531 2818 S.
554 2755 743 2837 Augustinus
764 2760 809 2818 sic
830 2757 911 2838 lecit,
934 2778 1007 2840 ergo
1030 2761 1075 2822 sic

152 2845 200 2899 est
232 2839 414 2903 iaciendum.
474 2840 626 2901 Animalia
658 2840 776 2901 scilicet
807 2842 984 2922 immunda,
1016 2862 1074 2906 nec

151 2922 347 3000 ruminantia,
369 2924 583 3005 necuugulum
606 2922 782 3004 dividentia,
805 2924 906 2987 solum
924 2927 954 2987 iu
978 2945 1074 3008 opere

151 3006 258 3066 intenti
281 3008 399 3068 irruunt
420 3028 489 3069 cum
511 3015 578 3068 tota
598 3009 770 3071 securitate.
806 3025 808 3031 ’

234 3089 284 3151 lta
301 3099 332 3152 et
353 3091 403 3152 hic
430 3093 460 3151 iu
483 3090 632 3152 sacrificio
655 3091 767 3153 Missae
794 3093 853 3153 illis
876 3095 1018 3175 contigit,
1041 3103 1073 3157 et

152 3172 254 3233 adhuc
277 3175 394 3253 ubsque
418 3175 511 3237 dubio
533 3174 623 3236 bonis
646 3184 676 3235 et
698 3155 803 3237 eleciis
825 3178 896 3238 viris
910 3178 1070 3259 contingit,

151 3263 184 3315 ut
206 3257 336 3338 simplici
358 3258 459 3319 cordis
481 3258 542 3319 fide
563 3258 728 3340 celebrent,
751 3259 932 3323 arbitrantes
954 3263 1007 3343 pio
1029 3282 1074 3323 er·

151 3357 222 3400 rore
243 3340 427 3401 sucrificium
449 3362 527 3404 esse.
571 3343 683 3403 Verum
716 3344 872 3422 quianon
903 3346 934 3405 iu
958 3344 1072 3406 sacriti-

152 3423 231 3483 eium
255 3424 315 3486 hoc
338 3423 504 3503 confidunt,
526 3426 589 3485 imo
605 3443 661 3506 pro
684 3426 782 3487 inutili
804 3431 963 3508 etpeecati
977 3447 1072 3510 opere

151 3505 276 3584 habeut,
300 3507 381 3588 quod
404 3510 461 3587 ipsi
483 3508 609 3588 faciunt,
631 3517 750 3589 puroet
772 3509 841 3570 sols
862 3511 1071 3574 misericordia

151 3590 214 3649 uixi
247 3598 416 3669 serventur,
440 3610 479 3651 ne
499 3609 603 3652 errore
623 3601 759 3672 pereant.
804 3590 889 3669 Quos
912 3613 981 3655 cum
1002 3597 1070 3656 imi·

151 3678 254 3734 tsutm
274 3675 373 3736 securi
400 3675 449 3734 isti
477 3693 604 3755 operum
627 3678 804 3738 secerdotes
831 3679 897 3739 siue
917 3679 976 3740 hec
998 3677 1070 3756 llus,

123 3734 333 3822 *morittium
363 3778 450 3821 suum
479 3761 603 3845 egregie
632 3760 768 3848 tollunt,
798 3769 827 3825 et
866 3781 973 3829 secure
1003 3761 1072 3830 eliis
