2392 4170
369 280 402 319 ex
421 262 577 322 Academia
594 263 785 338 Wittsmhcrg.
970 265 1033 336 229

112 434 260 515 lanigera,
283 440 314 495 et
333 439 477 516 excipere
498 435 649 497 Christum
673 437 786 517 voluit,
808 444 927 518 praeter
960 459 1033 519 pau·

112 538 175 597 cos,
199 517 307 596 quibus
330 517 389 581 hoc
412 519 513 580 datum
536 521 601 596 fuit,
625 540 737 600 nempe
757 517 943 598 imbecilles,
976 523 1031 582 mi·

112 603 186 678 seri,
210 601 380 681 simplices,
403 603 456 663 sed
480 606 584 682 spiritu
610 605 732 664 Domini
755 605 925 666 illuminati.

194 683 279 746 Idem
303 685 394 765 plane
417 706 499 748 nnuc
520 688 640 752 accidit.
674 687 854 766 Quanquam
879 689 907 747 in
928 707 1031 750 sacro·

112 773 219 829 sancto
244 768 413 848 Evangelio
436 790 528 849 supra
551 782 809 832 commemoratus
834 791 938 851 varus,
973 773 1030 832 sin·

112 871 199 911 cerus
214 851 507 932 probatissimasque
523 854 647 914 Coenae
666 875 748 931 usus,
774 855 929 933 multaque
941 874 1031 933 >prae-

109 947 196 996 terea
219 935 377 1015 religionis
400 937 501 1016 capita
524 957 669 1017 expresse
694 938 869 1014 traduntur,
905 935 1031 999 Pontiu-

112 1038 163 1079 ces
186 1027 287 1078 tamen
312 1018 430 1096 etalii,
454 1022 504 1098 qui
528 1019 584 1080 sibi
610 1021 726 1081 titulum
752 1023 923 1100 sapientiae
958 1040 1027 1080 ven·

112 1104 225 1181 dicant,
248 1102 296 1161 vel
318 1103 364 1161 sui
389 1112 534 1181 quaestus
557 1112 588 1164 et
615 1104 812 1164 emolumenti
844 1124 953 1183 causa,
983 1104 1032 1164 vel

112 1185 194 1264 quod
218 1204 312 1245 caeca
341 1185 472 1264 quadam
503 1195 533 1246 et
568 1188 721 1247 malitiosa
755 1186 923 1247 dil‘iidentic
957 1206 1031 1247 suae

112 1269 269 1348 dignitati,
297 1270 472 1349 potentiae,
507 1271 631 1345 honori,
669 1270 879 1349 tranquillitati
903 1278 939 1340 et
963 1270 1031 1330 aliis

113 1352 284 1412 commodis
308 1360 462 1433 metuunt,
500 1353 552 1412 illa
589 1373 688 1432 neque
722 1353 1030 1433 intelligereneque

112 1435 284 1495 concedere
307 1444 445 1514 possunt.
494 1437 559 1496 Nec
592 1439 690 1496 minus
727 1457 781 1516 per
813 1435 967 1497 doctrinas
1002 1443 1032 1496 et

113 1519 292 1578 traditiones
315 1519 463 1578 humanas
485 1540 609 1600 prorsus
632 1521 789 1580 excaecati
821 1527 905 1597 sunt,
940 1538 1029 1598 quam

114 1601 276 1674 Pharisaei,
301 1601 473 1681 Pontifices,
497 1602 622 1664 Scribae
644 1603 753 1663 Christi
778 1612 915 1682 ternpore
938 1602 1031 1662 adrni-

112 1687 229 1746 ratione
248 1706 369 1746 suarum
386 1687 593 1761 traditionum,
618 1686 763 1762 cultuum,
785 1687 887 1764 legum
906 1695 936 1746 et
951 1685 1031 1745 illius
1071 1726 1076 1734 -

112 1776 224 1843 status,
258 1771 288 1829 in
321 1788 381 1848 qno
408 1770 465 1849 ipsi
497 1769 712 1849 praestabant,
752 1770 830 1829 adeo
863 1769 1029 1830 dementati

112 1859 214 1930 erant,
256 1860 289 1912 ut
322 1851 473 1913 Christum
511 1872 571 1913 nou
601 1853 699 1913 solnm
726 1874 788 1912 non
825 1860 1031 1931 agnoscerent

112 1943 164 1995 ant
185 1937 364 2016 reciperent,
387 1935 439 1996 sed
463 1939 564 2016 potius
587 1938 705 1996 insania
728 1944 758 1997 et
779 1937 880 1997 furore
894 1935 1028 2015 quodam

111 2020 255 2078 concitati
279 2021 350 2079 totis
373 2019 485 2080 viribus
508 2029 730 2100 oppugnarent.

175 2101 304 2176 Quare,
328 2103 386 2162 etsi
411 2123 499 2163 verus
529 2104 597 2176 itte,
631 2104 763 2183 simplex
786 2111 816 2163 et
838 2103 1030 2163 Christianus

112 2187 184 2245 ritus
206 2185 318 2244 Missae
341 2187 369 2244 iu
394 2187 563 2266 Evangelio
587 2187 757 2247 luculenter
779 2186 949 2264 descriptus
972 2191 1028 2259 est,

110 2270 157 2327 cui
180 2270 344 2346 praecipue
368 2268 459 2329 debet
480 2269 605 2349 adiungi
629 2273 737 2331 concio
766 2290 804 2330 ex
845 2269 938 2329 verbo
971 2268 1028 2328 Dei

110 2359 230 2430 sumpta
259 2349 297 2408 de
319 2349 394 2424 fine,
424 2371 479 2410 usn
508 2361 538 2411 et
569 2352 666 2413 fructu
701 2353 788 2412 huius
822 2353 1026 2423 ceremoniae,

109 2442 212 2494 tamen
236 2452 327 2493 nemo
350 2436 531 2493 assentietur
558 2443 610 2494 aut
637 2436 787 2495 concedet
819 2438 899 2513 piam
934 2442 1027 2494 mute-
1088 2448 1090 2455 ’

109 2520 224 2578 tionem
247 2516 321 2592 lieri,
345 2517 400 2576 nisi
425 2517 533 2596 quibus
556 2517 687 2597 desuper·
718 2518 864 2577 donatum
898 2519 1029 2597 patefac·

110 2609 234 2680 tumque
254 2599 351 2660 fuerit.
629 2610 631 2613 ·

194 2685 238 2744 De
261 2682 489 2743 fundationibus
513 2690 542 2743 et
565 2682 687 2761 quando
719 2689 894 2762 praesentes
918 2682 1030 2741 Missae

109 2767 301 2828 introductae
329 2768 404 2845 sint,
427 2766 467 2827 de
489 2766 598 2844 quibus
620 2765 734 2826 habent
763 2764 813 2826 llI.
837 2772 868 2824 et
899 2762 952 2825 IV.
983 2784 1030 2825 ar·

109 2852 203 2924 ticoli,
225 2852 299 2911 satis
321 2856 453 2923 constat,
476 2849 615 2927 Collegia
638 2857 751 2924 vetera,
781 2849 968 2908 monasteria
1000 2853 1031 2907 st

110 2934 223 3013 templa
244 2936 331 2994 initio
354 2952 415 2993 non
439 2933 574 3007 lundata,
598 2934 773 3012 constituta,
805 2932 961 3009 ordinata,
985 2950 1029 2990 re·

109 3019 229 3096 giisque
270 3016 379 3097 opibus
422 3015 609 3096 locupletata
645 3017 739 3075 inisse
786 3015 824 3075 ad
863 3016 1028 3075 lectionem

108 3101 267 3162 Missurum
300 3101 347 3162 vel
374 3100 516 3167 horarum
554 3100 779 3160 Canonicarum
817 3098 1028 3158 deblateratio·

108 3205 189 3261 nem‚
212 3183 329 3264 absque
352 3185 450 3243 fructu
480 3191 510 3242 et
542 3182 671 3243 utilitate
704 3183 854 3242 ecclesiae
886 3200 924 3241 ac
959 3180 1029 3241 iidei

109 3268 310 3348 Christianae,
334 3267 416 3346 quod
439 3265 605 3326 nunciare
633 3263 677 3343 fit,
705 3265 766 3325 sed
788 3265 892 3344 potins
922 3271 954 3323 ut
978 3265 1028 3323 iu·

108 3357 217 3411 ventus
248 3352 278 3410 in
312 3370 401 3410 sacra
433 3349 589 3428 Scriptura
626 3356 657 3408 et
688 3349 846 3429 religionis
890 3346 1029 3408 doctrina

108 3434 285 3497 erudiretur.
824 3455 828 3462 ·

189 3518 296 3597 ltaque
324 3523 428 3577 vetera
451 3515 614 3595 Collegia,
644 3514 804 3577 Cocnobia
829 3520 859 3575 et
881 3514 1029 3575 Dicceses

108 3602 228 3662 luerunt
255 3601 381 3662 scholae
414 3600 558 3659 iuvenum
588 3595 830 3662 Christianorum
864 3616 961 3677 usque
990 3595 1028 3656 ad

50 3764 52 3767 .
107 3684 287 3766 Augustini,
307 3686 369 3745 imo
394 3681 541 3744 Bernardi
570 3688 712 3746 aetatem.
757 3681 805 3743 Ad
834 3683 915 3742 hune
935 3680 1027 3740 linem

108 3769 212 3829 omnia
233 3769 316 3831 bona
337 3767 558 3846 facultatesque
579 3765 809 3830 ecclesiasticae
843 3765 965 3846 legatae
997 3769 1029 3823 et
1077 3782 1079 3786 ·
