2392 4170
383 239 507 296 Rationis
527 238 708 295 bstontsuss
724 242 775 294 ets.
986 229 1049 299 411

131 394 238 463 osefis
259 391 384 469 dixisse,
402 391 593 470 dormitasse,
617 399 649 457 ul
671 392 748 455 bees
768 392 860 455 etiam
876 393 979 452 ovutio
994 389 1051 453 bs·

131 477 274 546 mmsis
289 497 381 558 super
404 496 528 538 arenam
550 478 679 557 nitatur,
715 477 829 540 ruituro
850 473 940 535 simul
961 481 1053 554 atquo

131 559 244 628 librum
265 561 330 620 eius
353 579 518 640 aggressus
539 559 635 627 luero.

218 642 333 708 Ultimo
348 652 554 729 ‘praegustum
571 642 667 705 libelli
702 644 748 704 sni
781 641 926 724 propinat
953 639 1052 721 propi-

136 735 226 791 nator
249 726 480 805 urbanissimus,
501 734 534 788 et
553 727 671 806 aliquot
684 746 770 788 meos
783 723 1053 805 artinnlosopponi

136 809 212 870 dioit
243 810 400 890 principiis
433 808 517 873 fidei.
559 809 705 872 Bibnmus
738 817 771 872 et
789 827 847 870 nos
880 818 965 890 poet.
982 824 1053 869 eum

132 891 219 965 bauo
238 893 410 972 elegantem
434 902 643 974 milegastum,
664 891 794 970 videbis,
817 911 897 972 quas
920 893 981 955 sint
999 892 1053 952 Lo·

133 977 392 1056 santiiprinoipis
414 975 494 1037 fidei.
539 976 659 1039 Primus
679 984 742 1039 est:
781 977 863 1038 Deus
897 973 1056 1057 pruesopil

131 1057 345 1138 impossibilis.
391 1059 482 1121 Hune
501 1061 547 1122 sio
569 1066 679 1121 trsotal
702 1061 746 1120 vir
768 1058 916 1122 honestus
939 1066 973 1120 et
992 1074 1055 1119 reo·

133 1151 191 1220 lits„
215 1150 251 1206 ut
273 1143 506 1223 respirationem
528 1151 621 1224 neget
636 1143 718 1219 mihi,
741 1144 831 1206 etism
845 1142 968 1204 sdieota
988 1160 1055 1222 pns-

110 1250 112 1254 >
135 1225 238 1298 titula,
261 1225 363 1305 nobis,
382 1246 437 1293 seu
461 1229 536 1287 nitra
557 1228 687 1307 gratiam
710 1225 780 1304 Dei,
803 1244 896 1306 quem
918 1244 978 1288 non
1002 1223 1055 1286 dii·

133 1308 234 1373 utetur
255 1309 285 1370 in
309 1309 384 1380 mois
407 1309 515 1373 libellis
549 1309 696 1375 ndditarn.
739 1309 922 1386 Quaerimus
943 1316 1056 1385 autem,

134 1390 219 1472 quod
240 1393 277 1453 sit
301 1392 384 1454 istud
404 1400 466 1455 tam
489 1393 619 1474 rigidum
636 1399 667 1456 ei
688 1393 857 1456 inelemens
874 1392 1056 1474 prinoipinm

134 1473 225 1549 fidei,
259 1475 344 1554 quod
363 1483 473 1556 neget,
505 1477 614 1555 nobis,
644 1476 760 1554 idest,
791 1475 904 1538 viribus
934 1475 1057 1553 nocuis,

135 1558 211 1622 eitun
231 1560 380 1638 gratinus,
409 1579 480 1621 esse
502 1559 646 1622 mandata
667 1559 725 1621 Dei
746 1559 970 1639 impossibilia?
1005 1559 1054 1621 An

134 1640 270 1703 Paulus?
309 1643 358 1703 An
381 1642 550 1704 Christus?
589 1644 636 1705 An
665 1643 767 1706 Moses
799 1642 861 1703 boo
893 1641 1056 1705 madidis?

137 1723 218 1796 Non,
241 1723 297 1785 sed
319 1725 515 1787 densatellum
537 1725 691 1807 quoddam
713 1727 890 1806 humanum,
912 1744 931 1787 e
951 1725 1057 1789 Hiero·

142 1825 236 1888 nymo
260 1816 426 1889 sumptum,
447 1809 529 1889 qnod
554 1818 599 1871 est
622 1809 812 1886 huiusmodi:

219 1889 281 1966 Qui
319 1892 443 1969 dixerit,
484 1893 582 1955 Deum
619 1894 814 1974 praecepisse
846 1890 1058 1971 impossibilia,

138 1973 305 2035 snatbems
327 1976 375 2038 sit.
418 1975 487 2038 Hoo
515 1975 641 2039 verbum
671 1975 805 2037 hominis
827 1974 1005 2054 ambiguum
1027 1983 1058 2035 et

137 2054 301 2119 obesorum
324 2059 369 2119 sio
389 2059 517 2120 instatur
539 2080 557 2120 e
580 2059 748 2140 sophistis,
772 2068 803 2121 ut
825 2057 966 2120 omnibus
990 2076 1058 2118 seo

136 2138 220 2203 aibas
243 2140 357 2201 olsusis
381 2161 443 2202 non
466 2143 523 2203 nisi
539 2143 757 2205 vooilerentus:
781 2141 965 2219 Anathems,
986 2161 1057 2203 sne·

139 2221 261 2300 thema,
284 2223 468 2300 anathema,
494 2233 526 2285 ut
547 2245 602 2287 eos
624 2227 725 2287 furere
743 2227 812 2307 ipss
832 2244 911 2286 vooe
930 2224 1058 2286 iudioes.

137 2303 215 2367 llnio
239 2306 332 2368 verbo
356 2307 489 2370 bumana
512 2309 620 2370 cedere
643 2317 769 2391 oportet
790 2317 819 2368 et
841 2308 951 2384 silere,
973 2307 1057 2387 quid

137 2386 210 2466 quid
244 2387 419 2469 Soripturse
451 2391 699 2454 evidentissimus
734 2400 769 2453 et
798 2391 989 2454 alerissitnse
1028 2397 1059 2455 sl

138 2470 374 2550 copiosissimos
396 2479 646 2553 controvertunt,
680 2495 720 2536 ns
751 2475 899 2554 syllabam
934 2474 1056 2554 quidem

137 2553 274 2632 glossae
295 2555 456 2617 luoidantis
485 2565 546 2618 tem
570 2567 708 2620 tenerum
730 2557 926 2618 deorstelluut
950 2558 1057 2621 ndm'tb

136 2634 187 2716 tit,
219 2637 274 2698 sed
304 2640 539 2718 rigidissimum,
573 2647 606 2701 ut
626 2647 731 2722 sonat,
766 2641 883 2720 instari,
920 2642 1056 2703 omniurn

136 2719 262 2781 auribus
286 2720 417 2800 obtrudi,
441 2724 575 2785 omniurn
600 2722 744 2786 sordibus
766 2722 1058 2804 insntnnioportsu

136 2803 274 2881 perienlo
298 2806 435 2867 rnnxirno
458 2805 528 2869 fidei
552 2816 582 2868 et
604 2802 973 2888 odguosoendsegrstine
990 2807 1058 2885 Dei,

80 2910 86 2920 ’
136 2885 221 2946 nulls
249 2905 360 2966 sauss,
397 2907 487 2967 qusm
519 2890 592 2969 quis
623 2889 797 2953 humanitus
829 2896 996 2964 statutum,
1026 2895 1058 2955 et

136 2968 276 3047 Magistri
299 2972 396 3033 nostri
412 2972 580 3035 seeundum
603 2973 702 3053 ipsum
717 2973 853 3034 iudicare
867 2973 967 3034 solent
991 2980 1057 3035 tart·

136 3071 228 3132 quam
251 3054 387 3132 regulam
410 3055 609 3119 infallibilem.
652 3055 731 3119 Num
753 3056 879 3119 liberum
900 3055 1057 3117 arbitrium
1106 3080 1113 3089 ·

136 3154 198 3198 non
222 3155 328 3214 porum
353 3138 460 3201 virium
483 3138 522 3199 sb
544 3138 605 3200 hoo
628 3139 793 3200 deoretello
815 3141 967 3220 oonoapit

220 3218 362 3299 [lenique
383 3221 443 3282 hoo
456 3223 648 3302 ,principium
670 3221 740 3284 fidei
770 3229 833 3283 tarn
853 3222 990 3283 insolens
1011 3228 1058 3282 est

137 3308 170 3362 et
189 3301 386 3363 ambitiosum
420 3323 476 3366 osu
499 3305 648 3367 Romulus
671 3304 815 3384 quidam,
853 3305 906 3382 qui
937 3306 1057 3366 sosium

137 3402 225 3446 snum
250 3404 287 3445 so
320 3385 444 3448 fratrem
467 3387 594 3449 Remum
627 3407 689 3448 non
712 3390 793 3449 sinat·
815 3391 970 3449 communi
1004 3391 1057 3449 inr·

137 3468 224 3548 perio
248 3487 387 3547 regnare.
431 3470 486 3532 Est
508 3473 588 3531 enim
621 3478 651 3533 et
680 3469 763 3532 aliud
797 3471 954 3537 dseretuu
977 3473 1057 3537 <ustis

138 3550 232 3630 pium,
261 3553 345 3611 iuxta
358 3551 419 3613 hoo
431 3554 609 3615 scandalum
629 3555 773 3635 positum,
796 3553 879 3634 quod
894 3555 940 3616 sio
952 3554 1060 3617 habeb:

138 3631 201 3708 Qni
220 3632 347 3710 dixerit,
384 3655 442 3698 noa
467 3655 562 3716 posse
584 3637 729 3700 mendate
750 3638 809 3699 Dei
841 3638 969 3717 implens
991 3637 1059 3698 abs·

139 3733 205 3798 qus,
220 3717 324 3798 gustis
342 3716 421 3799 us,
451 3719 615 3785 annmems
637 3722 685 3784 sit
728 3719 796 3786 llos
822 3720 932 3789 iulelix
958 3720 1060 3785 dans
