2392 4170
131 255 193 320 372
365 257 520 325 Responsio
540 257 568 310 ll.
590 255 623 308 ti.
642 256 672 309 L.
692 255 727 308 ad
745 255 846 309 librum

133 410 278 490 magister
300 408 350 469 ille
372 409 587 485 ecelesiarum,
622 410 689 470 fons
722 409 825 489 legum
859 409 1057 489 elisantiae,

132 502 239 573 pastor
260 492 441 553 universalis
464 492 624 569 aeclesiae,
649 500 742 572 eaput
771 493 921 552 ecelesiae
950 491 1057 552 eutho-

134 577 221 656 lieae‚
245 581 279 636 ut
299 577 390 635 etiam
414 575 581 635 deleat-etur
596 578 624 635 in
640 595 675 635 ea
690 576 862 655 perditione
884 577 1056 636 animorum

133 667 164 718 et
185 660 358 719 vastatione
381 658 462 734 fidoi,
486 660 615 737 denique
639 661 730 718 instat
753 671 782 717 et
805 667 901 738 urget.
946 657 1056 737 Neque

132 742 319 802 remittithas
328 744 585 822 quoqueiustitias
599 752 628 800 et
636 751 774 820 peecata,
783 743 840 800 nisi
850 761 905 821 pro
914 742 1056 820 pecunie.

217 825 293 886 Cum
316 844 389 905 ergo
413 845 494 906 papa
516 837 674 904 peceatum
699 826 799 899 iaciat,
834 823 882 884 ubi
917 823 1057 892 Christus

135 914 295 988 peecatum
328 909 414 987 tollit,
439 918 470 968 et
505 909 649 967 iustitiam
684 909 798 982 statuit,
833 907 882 966 ubi
917 907 1057 967 Christus

133 993 278 1051 iustitiam
307 992 401 1067 toltit,
431 998 462 1050 et
490 993 693 1051 conscientias
716 991 877 1069 illaqueat,
899 990 950 1049 ubi
973 990 1058 1051 Chri·

134 1085 199 1134 stus
221 1074 425 1135 eonscientiae
449 1074 596 1151 liberavit,
619 1076 765 1134 etomnia
789 1075 942 1133 contraria
954 1073 1056 1149 faeiat,

133 1160 164 1216 in
187 1158 287 1219 looum
310 1159 427 1237 gratiae
450 1176 567 1236 ponens
592 1166 751 1235 peooatum
781 1159 862 1216 etin
893 1155 996 1217 looum
1024 1154 1057 1216 tl-

134 1240 185 1300 dei
206 1241 318 1320 legem,
341 1240 441 1300 adhue
470 1239 590 1300 dubitas
618 1242 717 1318 ipsum
750 1259 817 1298 esse
845 1239 1056 1300 autiohristum

135 1325 217 1384 illum
242 1323 421 1403 legitimum,
445 1324 703 1382 abominationem
728 1331 877 1399 stantem,
901 1322 952 1382 ubi
974 1331 1057 1382 stone

135 1426 197 1466 non
221 1406 333 1467 debet?
377 1408 423 1466 An
458 1426 518 1465 nou
549 1415 620 1464 sunt
647 1405 810 1466 eontrarii?
854 1406 992 1466 christus
1015 1404 1057 1464 di-

136 1492 195 1566 eit¹
219 1490 268 1548 hie
293 1489 406 1549 nullum
437 1497 484 1548 est
507 1497 683 1568 peceatum,
707 1510 786 1567 papa
811 1489 900 1563 dicit,
921 1490 985 1548 imo
1008 1488 1058 1547 hio

134 1584 181 1632 est
202 1581 379 1653 peecatum3
402 1580 433 1632 et
452 1572 512 1650 ille³
535 1573 584 1631 hio
606 1572 688 1630 nulla
709 1581 756 1630 est
777 1573 900 1647 iustitia,
923 1580 1057 1652 arpapo,

134 1659 195 1714 imo
218 1657 267 1715 hio
289 1666 336 1714 est
356 1656 478 1716 iustitia.
523 1655 554 1716 Si
577 1656 657 1714 enim
682 1655 776 1714 libera
790 1656 987 1733 permitteret,
1005 1661 1060 1715 aut

134 1740 241 1798 saltem
264 1739 476 1798 exhortaretur
503 1740 617 1816 solum,
646 1739 841 1798 antichristus
870 1757 931 1798 non
964 1745 1056 1798 esset.

136 1824 177 1882 At
198 1840 279 1881 nuno
302 1824 373 1900 quia
395 1823 544 1903 praecipit
566 1824 595 1880 in
626 1823 749 1881 nomine
772 1821 881 1881 Christi
905 1820 1059 1881 mandaui-

137 1915 182 1965 ter
204 1912 235 1965 et
256 1904 312 1964 sub
347 1916 476 1984 peoooto
511 1906 630 1964 mortali
654 1906 765 1983 exigit,
799 1923 923 1984 prorsus
958 1910 1061 1963 vastat

134 1989 308 2065 ecelesiam,
331 1989 497 2068 corrumpit
519 1987 621 2063 fidem,
644 1994 804 2067 peecatum
828 1988 931 2047 statuit
944 1993 976 2046 et
993 2005 1059 2066 per·

136 2072 179 2130 dit
203 2071 418 2131 eonscientiae.

219 2153 315 2213 Huius
336 2155 457 2233 generis
486 2163 556 2212 sunt
585 2155 798 2213 venerationes
822 2154 891 2214 illae
916 2155 1060 2224 vestium,

138 2255 297 2316 vasorum,
319 2237 524 2314 reliquiarum.
568 2237 683 2296 Mulieri
707 2239 797 2295 otiam
831 2236 1059 2297 sanctimoniali

102 2361 104 2365 -
137 2322 273 2400 tetigisse
305 2319 419 2400 pallam
453 2321 555 2378 altaris
588 2318 696 2400 (quam
729 2319 858 2402 voeant)
898 2328 1058 2399 peceatum

136 2411 193 2479 est,
216 2404 352 2483 tetigisse
377 2403 503 2462 oalioem
528 2412 687 2500 peecatpm
711 2413 773 2480 est,
797 2402 990 2462 saoriiioasse
1012 2421 1062 2463 oe·
1117 2468 1118 2473 χ

136 2487 193 2546 lioe
236 2505 297 2546 non
342 2493 523 2546 oonseorato
575 2495 732 2564 peceatum
776 2493 838 2564 est,
888 2486 1063 2545 celebrasse

137 2572 166 2628 in
208 2570 342 2629 vestibus
387 2569 522 2630 nondum
568 2570 755 2630 consecratis
798 2578 958 2650 peecatum
1004 2576 1060 2643 est,

137 2654 252 2714 omissa
274 2653 429 2732 manipula
454 2653 499 2712 vel
522 2653 583 2712 alia
605 2657 692 2731 parto
726 2654 852 2719 vestium
886 2651 1061 2712 celebrasse

138 2745 298 2818 peooatum
321 2743 384 2811 est,
409 2755 537 2796 vocasse.
572 2756 698 2815 puerum
736 2743 788 2794 aut
823 2737 955 2794 loentum
992 2754 1061 2795 esse

136 2823 215 2880 inter
237 2819 331 2880 verba
353 2820 488 2880 (lunonis
512 2828 670 2898 peecatum
694 2826 749 2894 est,
785 2821 844 2878 iam
879 2828 909 2877 et
932 2818 1060 2878 balbuti-

137 2907 197 2963 isse
220 2922 257 2963 ao
279 2902 426 2962 titubasse
459 2904 489 2961 in
513 2903 611 2962 verbis
638 2903 773 2961 (lunonis
807 2909 969 2981 peoeatum
1004 2909 1062 2974 aar,

138 2987 274 3066 tetigisse
297 2985 439 3065 reliquias
463 2994 585 3045 sanotae
613 2992 773 3066 peecatum
796 2993 858 3059 est,
882 3002 973 3064 porro
997 2986 1066 3044 teti-

138 3071 333 3149 gissemaro
358 3069 404 3128 vel
428 3069 521 3148 digito
546 3089 658 3148 eorpus
682 3069 791 3128 Christi
830 3070 920 3127 otiam
957 3086 1061 3127 neees-

138 3155 227 3212 sitate
250 3152 401 3211 avellendi
425 3173 443 3210 a
466 3153 569 3231 palato
594 3161 709 3211 tantum
734 3162 779 3209 ost
801 3151 1005 3230 saerilegium,
1029 3160 1062 3209 ut

139 3238 239 3295 viram
263 3253 385 3295 earnem
415 3237 443 3294 ei
467 3235 629 3314 abradant,
666 3255 727 3313 qua
759 3243 846 3314 parte
880 3236 994 3314 tetigit,
1030 3243 1062 3293 ut

138 3322 206 3398 ipsa
229 3319 348 3378 insania
379 3338 438 3378 uon
463 3319 560 3397 possit
593 3339 661 3378 esse
683 3327 743 3376 tam
769 3319 892 3394 insana3
928 3318 1061 3377 futurum

139 3402 216 3461 forte
238 3411 293 3478 est,
317 3409 349 3460 ut
371 3413 400 3459 et
423 3402 552 3480 linguas,
564 3402 697 3480 palatum
721 3409 752 3460 et
765 3411 867 3480 guttur
881 3411 910 3460 et
922 3407 1060 3461 ventrem

139 3485 217 3544 torte
239 3487 407 3559 excorient,
431 3493 555 3563 propter
579 3494 689 3544 tactum
715 3486 852 3563 corporis
874 3483 996 3546 Christi.
1021 3483 1063 3545 At

138 3568 266 3628 laesisse
289 3575 474 3647 proximum,
497 3575 705 3627 oontreotosse
728 3568 826 3627 furtim
850 3587 898 3628 res
922 3568 988 3627 eius
1010 3577 1062 3627 sut

139 3670 201 3712 non
225 3650 389 3728 adiuvisse,
412 3651 474 3710 sero
497 3650 611 3709 nullum
635 3659 863 3731 peecatumest.
906 3652 1062 3729 Autquae

139 3743 283 3817 portenta
305 3735 454 3795 soelerum
478 3754 539 3794 non
553 3744 707 3816 perpetrat
731 3754 812 3816 papa
834 3753 902 3795 oum
916 3735 978 3795 suis
995 3735 1061 3796 istis
