2392 4170
355 277 398 337 De
416 275 592 336 instituendis
609 275 741 372 ministris
760 275 828 336 essi.
994 251 1058 345 493

136 459 280 521 numero,
307 444 359 522 qui
382 443 549 504 ministerio
573 440 727 503 ordinario
749 441 923 522 fungantur,
946 440 1057 502 eonsti·
1149 467 1152 473 ·

137 530 231 587 tuere.
275 525 382 605 ltsque
403 526 515 587 frustra
537 525 694 586 Bohemos
710 525 811 586 Roma
833 531 948 606 petere,
972 523 1057 603 quod

136 608 248 689 singuli
282 617 391 671 coetus
425 609 529 671 iuuere
562 611 684 689 possint
718 609 777 689 ipsi
810 608 859 669 vel
888 607 935 668 illi
964 607 1055 669 etiarn

137 692 339 770 committere,
362 693 415 772 qui
436 694 495 752 iem
520 689 700 753 aPontiiiee
722 692 751 752 in
775 691 1056 754 administratorem

136 777 332 856 episeopetus
355 783 552 855 oonseeratus
576 776 624 853 sit,
646 776 745 854 iisque
767 793 876 855 porro,
898 792 976 854 quos
997 774 1056 834 iste

136 857 290 938 suffragiis
302 865 443 921 coetuum
459 865 672 940 praesentatos
684 857 873 918 ordinaverit
886 855 1056 934 (Seokend.

135 941 213 1004 Hist.
241 941 327 1007 Luth.
347 942 373 1008 Ι.
402 943 483 1006 Seet.
512 945 561 1009 57.
590 947 618 1016 §.
643 937 745 1007 CLIV.
784 939 914 1004 Walehii
942 938 1055 1006 introd.

136 1027 166 1085 in
190 1025 232 1087 Τ.
247 1027 283 1086 X.
305 1026 385 1107 Opp.
410 1026 495 1090 Luth.
517 1046 547 1106 p.
570 1023 636 1104 91).
1042 1078 1046 1086 .

218 1107 306 1170 Huno
338 1109 447 1171 librum
477 1108 589 1170 Paulus
614 1107 760 1190 Speratus
795 1125 877 1168 anno
909 1105 990 1172 1524
1023 1106 1055 1167 iu

135 1195 342 1271 germanicum
363 1191 518 1253 transtulit
539 1209 730 1268 sermonem,
753 1193 814 1251 suis
837 1188 911 1252 oiim
934 1189 1055 1251 audito·
1154 1193 1156 1197 ’

135 1275 217 1336 ribus
240 1275 522 1356 Selisburgeneibus
555 1281 585 1335 et
607 1272 927 1354 Wuresburgensibus
948 1293 1055 1334 mense

136 1355 278 1420 Ianuario
301 1360 391 1419 huius
420 1359 492 1418 enni
523 1358 677 1419 dedicavit
706 1357 866 1437 formaque
892 1364 1055 1437 quartana·
1178 1365 1180 1369 '

135 1443 181 1501 ria
201 1444 232 1502 in
254 1443 353 1503 luoem
377 1441 472 1503 edidit
500 1441 556 1503 sub
578 1439 639 1502 heo
661 1441 874 1521 inscriptione:
908 1440 973 1504 dion
996 1444 1055 1504 bem

87 1574 91 1579 .
136 1525 356 1606 siletuitigltsu,
389 1528 441 1587 mie
472 1543 540 1587 mou
576 1527 667 1588 tieret
690 1528 735 1586 ber
759 1525 872 1605 timisa
892 1526 978 1588 meleu
1000 1527 1054 1587 sub

137 1610 268 1686 constes
289 1612 338 1686 iol.
361 1607 456 1672 urent.
478 1605 589 1684 liutius.
632 1606 696 1671 mis
713 1608 833 1686 titides,
857 1607 898 1672 bie
920 1610 977 1670 tusi
999 1607 1055 1682 iiius
1108 1661 1111 1667 .

136 1691 234 1770 steten,
257 1693 298 1754 bie
318 1694 392 1769 bulte
413 1710 481 1754 mou
503 1693 651 1771 smtladret
673 1691 768 1770 celetur
790 1696 879 1768 tuest,
908 1685 1067 1767 ioubetiirt.

137 1775 178 1836 bie
200 1776 380 1853 testicutes
404 1787 451 1854 osu
479 1775 551 1838 mort
578 1776 633 1838 snb
664 1775 693 1837 iu
720 1777 893 1852 ocularet
918 1772 995 1839 iim.
1018 1773 1054 1835 V.
1151 1831 1154 1836 ,

135 1856 319 1936 miteretur
351 1857 406 1930 {lm
433 1855 540 1920 XXIV
572 1858 623 1921 ist.
670 1855 717 1932 3η
745 1855 822 1918 line:
858 1855 992 1922 &struit
1021 1877 1054 1937 su
1081 1915 1107 1920 ,.

135 1941 319 2022 issittembetg
343 1941 479 2018 illsidiot
501 1939 594 2005 dulles
616 1943 662 2004 bet
682 1940 797 2020 &inser
819 1938 1038 2005 M.D.XXIV.'

220 2025 452 2087 Vetustissimos
474 2024 563 2084 huius
585 2023 654 2084 libri
676 2023 828 2085 editiones
850 2029 936 2087 sunt:
1151 2035 1154 2040 '

176 2109 223 2170 De
244 2110 327 2170 insti·
346 2110 351 2191 Ι
370 2107 491 2176 tuendis
514 2108 657 2168 ministris
677 2109 681 2187 Ι
700 2107 871 2185 Eoelesia'e,
893 2104 932 2168 ed
945 2105 1059 2168 (ilaris-⁴
1150 2108 1152 2114 '

176 2192 284 2252 simum
307 2191 316 2273 1
340 2200 479 2253 senatum
501 2192 687 2274 Pregensem
712 2191 913 2272 {Bohemiao
945 2196 950 2269 Ι
977 2192 1054 2251 Mar·

177 2274 257 2334 tinus
285 2274 406 2338 Luther.
441 2277 447 2354 Ι
475 2275 734 2359 Vuittembergae.
762 2279 767 2356 Ι
801 2275 912 2352 (Tituli
940 2275 1054 2356 pagina
1093 2284 1096 2289 '

176 2357 272 2437 signis
301 2357 532 2438 typographiois
565 2366 675 2421 orneta
695 2358 809 2420 sunum
839 2378 901 2420 non
929 2358 1053 2438 iudiost,
1147 2420 1163 2440 ¹.

175 2440 206 2501 in
231 2438 293 2500 fine
315 2459 373 2501 nee
395 2460 492 2517 annus
506 2459 566 2502 neo
579 2441 895 2523 loeussignilioetur).
920 2440 1056 2524 (Panzer

176 2521 230 2599 lx,
252 2524 302 2590 83.
326 2544 353 2586 v.
377 2522 406 2589 d.
428 2523 525 2584 Hardt
545 2522 570 2600 Ι,
595 2523 682 2606 132.)

216 2609 263 2669 De
284 2606 477 2669 instituendis
499 2608 643 2668 Ministris
666 2607 833 2686 Eeolssiee,
855 2608 894 2669 ed
917 2608 1064 2670 Olerissi·'

176 2712 258 2753 mum
282 2690 429 2754 Senatum
451 2691 638 2771 Pragensem
661 2691 844 2771 Bohemiae‚
866 2692 1053 2753 Martinus
1159 2694 1162 2701 ’

175 2775 324 2842 Luther.
347 2773 493 2836 Eiusdem
515 2773 658 2834 Formulu
679 2775 791 2836 Missae
813 2783 843 2835 et
864 2776 1053 2836 eommunio·
1141 2774 1144 2779 ⁴

178 2857 767 3023 ffiffid⁰r⁰s133iagv¹¹i“embergemi
791 2857 1052 2940 (Wittembergee

264 3083 266 3087 ,
369 3026 487 3087 Penzer
510 3023 630 3105 lx,.84.
659 3045 687 3087 v.
711 3022 740 3086 d.
762 3023 858 3086 Herdt
881 3025 917 3108 11,
943 3029 1011 3091 115.

216 3106 324 3171 Latine
346 3112 517 3190 exscriptus
540 3117 585 3168 est
602 3109 652 3168 hio
666 3107 742 3168 liber
756 3110 847 3171 etiam
865 3111 897 3169 in
911 3109 959 3170 ed.
971 3107 1052 3190 Opp.

132 3190 218 3256 Luth.
252 3193 385 3270 lenensi,
414 3193 449 3256 Τ.
471 3193 515 3273 11,
537 3191 629 3258 5761).
663 3190 809 3256 Vittemb.
830 3191 871 3271 11,
894 3194 965 3271 362,
987 3211 1060 3272 gers

134 3277 253 3337 menioe
275 3279 306 3337 in
330 3276 378 3342 ed.
415 3276 560 3338 Vittemb.
582 3275 648 3354 Vll,
670 3277 741 3340 346.
777 3274 900 3340 Altenb.
921 3276 959 3352 11,
980 3275 1052 3341 494.

132 3358 212 3438 Lips.
234 3356 353 3438 XVIII,
379 3357 450 3424 433.
488 3357 609 3422 Wulob.
632 3359 675 3439 X,
706 3360 795 3425 1808.
831 3357 1052 3422 'Nos'textum

131 3440 317 3502 reddidimus
344 3442 512 3503 seeundum
536 3443 701 3504 editionem
730 3443 925 3524 originalem,
956 3461 1052 3524 quam
1123 3444 1128 3484 s
1159 3453 1161 3457 ’

132 3544 226 3606 supro
253 3514 453 3605 priore'loeo
478 3525 692 3606 laudavimus,
724 3534 755 3588 et
782 3547 862 3608 quae
890 3526 979 3590 nobis
1010 3545 1052 3588 ex
1109 3589 1115 3603 ,

131 3607 318 3672 bibliotheca
339 3607 540 3671 Seheurliana
560 3616 685 3709 praesto
709 3617 783 3676 eret.
909 3613 912 3618 ’
