2340 4162
335 203 369 257 D.
389 205 424 258 ll.
441 204 523 259 Lutlr.
540 204 726 264 Praeludium.
952 206 995 275 33

68 361 207 439 capiunt,
234 359 280 418 ita
305 377 364 418 nec
386 357 558 438 disputant,
587 379 626 419 au
659 359 830 422 accidentia
858 362 900 424 ibi
933 367 995 425 sint

68 444 129 503 sine
161 440 352 520 substantia,
380 440 434 500 sed
459 442 588 522 simplici
610 442 670 503 fide
693 442 804 504 Christi
828 464 940 527 corpus
964 457 996 510 et

68 528 249 605 sangninem
270 525 421 585 veraciter
442 523 482 585 ibi
506 526 655 586 contineri
671 526 807 606 credunt,
833 529 904 591 dato
917 533 994 592 otio-

68 611 106 668 sis
126 609 188 667 illis
211 609 339 687 negotio
363 606 401 667 de
424 626 473 682 eo,
496 608 578 688 quod
601 611 748 688 continet,
771 610 953 691 disputandi.

136 693 190 751 -At
213 691 318 752 dicent
337 690 426 767 forte,
448 691 497 751 Ex
508 692 673 752 Aristotele
688 692 802 770 doceri,
824 694 993 757 subiectum

68 785 95 835 et
116 774 329 856 praedicatum
350 775 570 854 propositionis
593 775 795 836 affirmativae
810 776 922 838 debere
938 799 994 860 pro

68 857 177 919 eodem
200 877 388 939 supponere,
410 877 464 917 seu
489 855 541 938 (ut
562 858 677 919 bestiae
698 860 793 938 ipsius
822 861 915 920 verba
941 881 995 942 po-

67 960 136 1002 nam
159 960 201 1001 ex
223 942 253 1005 6.
275 941 574 1020 Metaphysieorum)
599 940 648 1001 Ad
662 940 874 1002 affirmativam
898 946 995 1023 requi·

68 1026 139 1084 ritnr
161 1031 375 1085 extremorum
399 1024 601 1103 compositio,
634 1042 724 1102 quam
758 1025 800 1084 illi
834 1035 995 1105 exponunt

67 1128 120 1188 pro
143 1107 257 1168 eodem
285 1107 540 1187 suppositionem.
584 1105 685 1182 Quare
712 1107 783 1167 dum
812 1108 897 1168 dico:
927 1109 995 1170 Hoc

67 1199 111 1252 est
133 1209 249 1271 corpus
270 1209 391 1267 meum,
419 1189 588 1250 subiectum
618 1209 678 1249 uon
708 1208 801 1270 posse
829 1211 885 1272 pro
913 1211 994 1272 pane

52 1290 255 1354 supponere,
276 1272 330 1333 sed
354 1291 410 1353 pro
432 1291 564 1352 corpore
586 1271 706 1333 Christi.

137 1355 220 1432 Quid
230 1355 281 1416 hic
292 1355 449 1416 dicemus?
461 1355 584 1435 qnando
593 1355 787 1416 Aristotelem
802 1362 833 1415 et
844 1355 994 1416 humanus

68 1440 221 1500 doctrinas
243 1439 373 1500 facimus
387 1446 449 1499 tarn
463 1437 635 1499 sublimium
649 1445 681 1498 et
701 1437 869 1498 divinarum
892 1459 993 1499 rerum

69 1541 227 1600 censores,
255 1541 310 1581 cur
336 1541 397 1582 non
426 1522 556 1602 explosa
582 1523 641 1583 ista
662 1523 838 1581 curiositate
867 1522 898 1581 in
927 1542 992 1582 ver·

71 1605 114 1665 bis
142 1606 256 1666 Christi
294 1605 471 1685 simpliciter
498 1605 678 1679 haeremus,
712 1606 810 1684 parati
841 1605 994 1684 ignorare,

76 1688 213 1771 quidquid
235 1687 277 1748 ibi
300 1687 370 1767 fiat,
393 1690 590 1766 contentique
611 1707 716 1748 verum
748 1705 858 1767 corpus
882 1688 992 1749 Christi

78 1773 179 1832 virtute
198 1771 364 1832 verborum
386 1771 447 1831 illic
469 1770 599 1831 adesse?
630 1771 677 1830 An
701 1778 747 1829 est
767 1790 906 1847 necesse,
931 1790 994 1831 mo·

73 1852 125 1914 dos
146 1855 336 1934 operationis
359 1855 480 1915 divinae
502 1856 627 1914 omnino
650 1853 932 1932 comprehendere?

146 1938 280 2017 Verum,
308 1937 380 2016 qnid
403 1936 442 1998 ad
464 1937 659 1998 Aristotelem
689 1936 813 1996 dicunt?
846 1939 897 2016 qui
928 1937 995 1997 sub

70 2021 181 2081 lectum
204 2019 348 2081 omnibus
370 2020 624 2101 praedicamentis
652 2020 853 2080 accidentium
884 2021 996 2096 tribuit,

69 2103 136 2164 licet
157 2104 362 2164 substantiam
386 2103 537 2164 velitesse
550 2105 679 2182 primurn
693 2103 874 2165 subiectum.
909 2103 996 2164 Unde

69 2187 147 2266 apud
178 2208 249 2247 eum
279 2187 339 2247 hoc
361 2186 479 2266 album,
515 2188 575 2246 hoe
598 2206 757 2265 maguum,
793 2187 853 2246 hoc
882 2187 996 2264 aliquid

68 2278 137 2330 sunt
160 2271 311 2347 subiecta,
335 2269 503 2349 dequibus
529 2270 642 2348 aliquid
666 2270 867 2348 praedicatur.
911 2270 998 2344 Quae

68 2356 90 2412 si
113 2373 189 2413 vera
211 2363 290 2431 sunt,
314 2372 448 2431 quaero,
476 2354 500 2411 si
523 2353 592 2412 ideo
623 2362 669 2412 est
696 2353 994 2413 transsubstantiatio

69 2436 225 2515 ponenda,
240 2455 280 2496 ne
291 2455 403 2516 corpus
418 2437 527 2496 Christi
541 2437 668 2515 depone
681 2436 860 2515 verificetur,
875 2456 995 2495 curuon

68 2521 158 2579 etiam
183 2522 308 2598 ponitur
330 2520 630 2594 transaccidentatio,
653 2539 690 2577 ne
709 2539 819 2598 corpus
833 2520 942 2579 Christi
958 2520 995 2578 de

67 2603 228 2663 accidente
246 2602 433 2662 affirmetur?
462 2602 539 2662 Nam
563 2600 641 2661 idern
655 2603 822 2681 periculum
837 2612 948 2676 manet,
971 2604 995 2660 si

68 2707 120 2765 per
149 2686 320 2746 subiectum
347 2686 498 2765 intelligat
519 2687 603 2764 quis,
636 2686 695 2744 hoc
717 2683 834 2762 album,
867 2687 914 2744 vel
938 2687 997 2744 hoc

68 2769 233 2829 rotundum
257 2777 303 2838 est
317 2788 427 2847 corpus
441 2788 559 2845 meum,
582 2777 612 2828 et
640 2787 699 2846 qua
712 2771 829 2828 ratione
844 2769 995 2828 transsub-

69 2854 225 2912 stantiatio
249 2854 386 2930 ponitur,
415 2852 559 2931 ponenda
581 2860 673 2910 estet
694 2853 994 2927 transaccidentatio‚

70 2942 196 3015 propter
208 2937 451 3015 suppositionem
474 2936 562 2994 istem
580 2942 783 2994 extremorum
796 2956 851 3015 pro
875 2936 994 2996 eodem.

152 3017 184 3079 si
213 3027 314 3078 autern
344 3018 498 3078 intellectu
526 3018 678 3078 excedens
709 3020 816 3078 eximis
840 3019 993 3093 accidens,

71 3110 101 3160 ut
123 3121 185 3162 non
213 3103 287 3161 velis
301 3101 469 3161 subiectum
483 3121 537 3181 pro
561 3120 598 3161 eo
617 3121 800 3181 supponere,
822 3102 993 3162 cumdiois:

71 3184 136 3244 lloc
157 3193 204 3244 est
233 3204 345 3263 corpus
379 3205 496 3260 meum,
532 3204 585 3244 cur
619 3204 679 3243 nou
714 3186 820 3244 eadem
850 3186 994 3245 facilitate

70 3269 259 3328 transcendis
282 3268 481 3327 substantiam
507 3268 617 3347 panis?
640 3275 713 3327 utet
734 3268 816 3328 illam
834 3270 909 3329 velis
932 3288 992 3326 non

71 3353 168 3430 accipi
191 3371 245 3431 per
267 3352 455 3429 subiectum,
483 3359 515 3411 ut
544 3371 604 3410 non
636 3353 734 3410 minus
765 3354 794 3410 in
824 3352 994 3412 substantia

70 3454 159 3513 quam
183 3434 341 3494 accidente
363 3437 401 3492 sit
423 3434 482 3494 hoc
513 3453 624 3512 corpus
659 3454 769 3495 meum.
813 3435 993 3494 Praesertim

72 3537 140 3577 cum
164 3518 298 3578 divinum
327 3517 400 3576 illud
433 3519 471 3576 sit
494 3537 588 3596 opus,
617 3519 733 3576 virtutis
764 3518 996 3596 omnipotentis,

70 3619 148 3679 quae
180 3610 297 3660 tanturn
325 3610 354 3659 et
382 3600 482 3660 taliter
509 3602 539 3659 in
569 3600 754 3673 substantia,
790 3607 937 3679 qnantum
967 3602 999 3655 et

70 3684 199 3764 qualiter
219 3686 250 3743 in
273 3684 430 3745 accidente
452 3688 554 3763 potest
578 3684 708 3763 operari.

100 3801 193 3841 bothert
207 3811 259 3850 opp.
273 3801 301 3842 V.
315 3801 343 3840 A.
357 3801 387 3840 ad
400 3801 440 3840 ref.
454 3801 506 3841 hiet.
519 3801 535 3841 i.
547 3812 568 3850 p
585 3801 635 3843 Vol.
652 3801 678 3844 V.
