2392 4170
131 256 195 331 504
483 242 721 313 manemus

133 423 205 487 ferri
239 426 294 482 aut
314 417 492 481 sacerdotes
515 414 596 491 fieri,
631 430 721 493 quam
744 410 802 473 snb
823 412 932 494 Papae
954 430 1062 492 regno,
1162 408 1165 421 '

133 507 255 588 species
278 503 400 584 quidem
424 499 586 563 ordinandi
606 504 637 557 et
658 496 836 558 sacerdotes
863 496 993 559 creandi
1014 496 1064 556 bic
1162 560 1166 587 1

135 587 299 670 magnilica
326 596 428 668 paret,
466 583 522 645 sed
552 599 655 662 regem
688 583 861 661 specierum
895 582 973 643 nibil
1007 580 1064 641 nisi
1163 590 1166 633 :

135 674 270 755 speciem
294 677 449 752 praestare
482 666 587 745 decet,
619 682 680 744 qua
709 684 781 726 suas
810 666 1063 726 abominationes
1163 676 1167 691 '

136 756 281 818 stabiliat.
324 753 426 830 Quare
448 751 498 811 bic
520 749 590 810 fidei
615 749 806 811 couscientia
826 769 886 809 nos
910 756 1011 829 urget,
1035 756 1065 807 ut
1163 734 1166 807 !

136 839 193 900 sub
217 838 413 899 anathemate
434 836 491 895 Dei
513 850 678 892 careamus
700 833 739 892 ab
761 833 822 893 illis
852 832 1008 911 ordinari,
1036 840 1065 891 et
1163 834 1166 839 '

157 923 230 983 lanc
251 922 358 980 salutis
380 929 506 979 nostrae
528 917 606 976 ratio
630 917 715 996 cogit
736 918 936 995 necessario,
971 916 1012 975 ab
1033 915 1065 974 il·
1163 978 1167 993 Ι

136 944 236 1066 iorum
266 1004 434 1065 exsecratis
465 1009 496 1063 et
528 999 681 1060 damnatis
707 999 866 1060 ordinibus
900 999 1065 1061 abstinere.

136 1086 203 1151 Vae
226 1090 306 1148 enim
330 1086 401 1162 illis,
424 1085 477 1165 qui
498 1084 569 1143 buic
586 1082 763 1144 adversario
778 1084 834 1144 Dei
846 1090 877 1144 et
894 1083 972 1143 Baal
989 1083 1067 1143 Peor

104 1208 107 1213 ·
138 1190 208 1234 sese
229 1171 424 1247 initiaverint,
448 1172 507 1228 ism
531 1167 664 1226 scientes
686 1175 716 1227 et
737 1165 915 1248 prudentes.

222 1250 336 1315 Verum
360 1252 438 1313 baec
459 1251 537 1312 ratio
560 1268 634 1330 prae
662 1251 773 1310 ceteris
800 1249 983 1311 nationibus
1012 1267 1066 1309 vos

141 1338 278 1400 Boemos
302 1337 437 1397 maxime
471 1352 597 1395 movere
622 1332 723 1396 debet.
778 1333 860 1395 Nam
892 1332 986 1394 vobis
1007 1351 1067 1392 non
1164 1346 1168 1405 ᾗ

141 1420 235 1482 modo
272 1422 397 1500 impium
432 1421 461 1479 in
501 1422 671 1496 conspectu
699 1418 772 1495 Dei,
805 1416 1067 1497 quemadmodum
1164 1414 1168 1425 '

140 1506 269 1584 ceteris,
302 1503 355 1564 sed
378 1508 409 1562 et
431 1512 519 1582 turpe
542 1518 647 1560 coram
670 1500 844 1563 bominibus
873 1510 923 1560 eat
945 1499 1068 1561 ordines

140 1588 180 1648 ab
203 1588 293 1650 hoste
316 1595 417 1646 vestro
441 1595 504 1645 tum
528 1594 644 1664 petere,
667 1588 730 1643 tum
752 1585 922 1664 suscipere,
946 1585 1001 1663 qui
1021 1581 1067 1644 lo·

140 1671 275 1732 hannem
298 1671 378 1731 Huss
400 1678 432 1729 et
452 1668 674 1747 Hieronymum
698 1667 884 1748 Pragensem
902 1687 974 1727 cum
998 1665 1069 1727 mul·

141 1755 180 1814 tis
201 1755 269 1814 aliis
297 1754 433 1834 pessimo
461 1752 585 1812 nomine
614 1751 749 1828 exussit,
777 1753 828 1830 qui
858 1770 984 1832 semper
1015 1768 1069 1809 vos

142 1839 313 1898 exstinctos
336 1835 444 1914 voluit,
468 1835 519 1913 qui
542 1852 599 1893 vos
620 1833 768 1895 baeretici
795 1835 931 1894 nominis
960 1851 1070 1914 oppro-

141 1920 208 1982 brio
238 1923 304 1981 eine
326 1919 402 1997 fine,
434 1919 500 1977 sine
528 1912 625 1976 modo
658 1936 714 1997 per
734 1917 839 1979 orbem
873 1922 1070 1997 conspurcat,
1167 1944 1171 1975 :

144 2004 232 2063 cuius
255 2001 469 2084 pestilentibus
492 2000 654 2060 conatibus
677 2019 733 2061 vos
756 2002 1010 2082 tantosauguine
1028 2018 1070 2059 re
1168 2004 1172 2053 “.

146 2088 277 2147 stitistis.
320 2084 458 2146 Necdum
481 2090 583 2144 tamen
607 2083 692 2143 illum
715 2085 948 2164 sanguinarium
970 2093 1069 2164 tyran·
1169 2090 1172 2097 '

146 2190 218 2228 num
243 2188 367 2229 suorum
391 2167 576 2245 flagitiorum
600 2167 752 2245 poenitet,
775 2187 833 2227 nec
855 2176 986 2228 revocat
1008 2186 1071 2226 san·

148 2253 249 2332 guinis
271 2255 452 2311 innocenter
474 2250 608 2308 damnati
634 2251 825 2329 exemplum,
856 2270 916 2309 nec
943 2249 1071 2309 restituit

117 2335 326 2415 'sacrilegum
360 2335 494 2393 nominis
528 2332 691 2393 Christiani
723 2335 866 2412 spolium,
899 2353 960 2394 nec
990 2331 1071 2411 quid·

147 2437 238 2497 quam
262 2417 346 2478 dolet
368 2425 485 2476 tantum
508 2418 675 2496 germanici
699 2419 856 2495 sanguinis
884 2424 997 2476 contra
1019 2434 1071 2474 vos

144 2502 265 2580 frustra,
288 2520 356 2560 curn
380 2500 514 2580 pernicie
536 2499 722 2574 animarum,
751 2519 807 2579 pro
842 2520 897 2559 sua
921 2499 1071 2578 sacrilega

146 2584 307 2664 tyrannide
330 2584 388 2643 fusi
410 2583 457 2664 ¹),
480 2583 551 2661 quin
577 2584 676 2662 pergit
698 2582 797 2642 fronte
825 2591 856 2642 et
886 2584 1012 2642 cervice
1032 2583 1072 2641 in·
1174 2578 1177 2585 '

150 2669 276 2727 duratus
300 2671 330 2727 et
353 2665 454 2725 adhuc
477 2665 580 2724 mallet
602 2684 659 2725 vos
681 2673 711 2724 et
733 2685 790 2726 nos
806 2666 901 2725 semel
925 2665 1072 2744 perditos,

149 2771 186 2810 ne
210 2750 344 2809 scintilla
367 2756 449 2809 esset
471 2748 604 2828 reliqua,
637 2767 716 2827 quae
738 2769 793 2829 pro
819 2749 943 2809 Christo
967 2747 1072 2827 paulu·

148 2834 209 2892 lum
235 2835 370 2894 micaret.

229 2917 328 2976 Tenet
350 2914 450 2975 adhuc
471 2913 527 2973 sub
549 2932 605 2973 sua
627 2913 844 2975 maledictione
873 2914 952 2973 sutili
979 2925 1010 2974 et
1039 2915 1073 2972 ir·

148 3002 206 3059 rita
229 3018 331 3078 regem
356 2998 523 3076 Georgium
548 3015 616 3056 cum
645 3017 701 3056 sua
729 2998 846 3056 familia
868 2997 1073 3056 Monsterber·

146 3083 249 3162 gensi,
279 3082 448 3140 clarissimo
475 3083 591 3140 Ducatu
614 3080 775 3159 Boemiae,
811 3080 1072 3159 quemadmodum

150 3173 180 3225 et
205 3165 317 3225 multos
342 3165 429 3226 alios.
473 3162 532 3223 Sed
551 3162 631 3222 bene
653 3171 714 3239 est,
745 3163 826 3241 quod
850 3164 1007 3223 revelatus
1030 3172 1074 3221 est

148 3247 243 3307 homo
265 3248 396 3327 peccati,
419 3247 471 3327 qui
494 3265 548 3325 per
570 3246 690 3306 Petrum
713 3246 888 3326 praedictus
910 3256 970 3325 est,
993 3245 1074 3325 quod

147 3348 238 3409 reges
262 3340 292 3388 et
314 3331 466 3408 principes
492 3328 708 3389 maledicturus
731 3338 813 3388 esset
840 3331 908 3388 sine
930 3337 1075 3390 tremore.

149 3413 304 3473 Habemus
325 3414 450 3491 insuper
471 3411 563 3471 olium
592 3412 785 3492 pontificem,
816 3414 867 3492 qui
899 3412 973 3473 huic
1003 3432 1076 3473 suae
1183 3448 1186 3461 ι

149 3495 356 3556 maledictioni
380 3494 543 3574 benedicit,
566 3496 643 3555 siout
665 3496 810 3576 scriptum
839 3505 902 3555 est:
948 3495 1076 3559 Maledi·
1182 3498 1187 3525 ¹

147 3586 218 3639 cent
240 3579 298 3653 illi,
321 3588 352 3637 tu
374 3597 447 3637 vero
480 3577 661 3656 benedices,
700 3587 733 3639 ut
760 3578 938 3641 maledictio
975 3581 1078 3662 Papae

222 3771 255 3853 1)
276 3768 312 3831 ln
330 3766 380 3829 etl.
397 3767 477 3829 leue.
492 3765 588 3821 tusum
604 3776 677 3817 esse.
