2392 4170
159 270 222 344 204
288 230 292 236 '
512 275 555 334 De
573 275 736 350 abroganda

159 404 320 522 perfectius
342 441 456 503 servire
476 440 599 522 reliquis
622 396 817 520 Christianis,
840 459 909 504 oum
932 438 1000 502 sins
1020 437 1084 503 fide

160 531 287 607 agentes
320 525 415 587 multo
441 526 503 587 sint
522 527 654 607 peiores.
688 528 789 608 Atque
809 527 839 588 hi
862 523 979 587 ferendi
1000 530 1083 605 sunt,

160 606 231 669 dum
253 607 344 669 iidem
367 608 489 670 Patrnm
511 611 683 688 imitantur,
705 612 812 689 quales
834 630 853 670 a
874 608 1027 690 prinoipio
1051 607 1083 675 S.

160 690 330 771 Benedicti,
353 692 527 773 Augustini,
549 693 676 755 Antonii
699 695 783 755 luere
804 693 955 774 discipuli.

242 775 294 837 sia
315 776 439 836 exoelsa
459 776 563 856 aliqua
590 797 651 838 non
680 778 919 859 displicuerunt,
951 773 1083 837 utillud

158 858 189 919 in
219 857 340 921 Gibeon
369 859 536 920 maximum
560 861 588 924 3.
611 861 687 942 Reg.
718 863 757 938 3.,
785 862 816 923 in
847 879 908 941 qno
931 858 1082 921 Salomon

160 942 358 1019 sacrificavit,
380 949 410 1003 et
431 942 515 1020 illud,
537 944 567 1003 in
584 962 645 1023 quo
664 944 787 1006 Samuel
804 949 940 1006 moratus
956 941 1084 1005 Saulem

159 1027 268 1104 unxit,
298 1026 370 1106 quia
397 1026 428 1086 in
456 1025 518 1087 lide
538 1028 683 1108 agebant,
704 1048 766 1089 non
789 1029 820 1089 in
853 1027 922 1089 solo
949 1031 1084 1087 externo

158 1108 280 1172 Petrum
303 1110 458 1190 exemplo,
480 1111 559 1172 siout
575 1113 762 1192 posteriores
774 1113 875 1173 faeere
888 1110 998 1172 solent.
1029 1109 1084 1170 Ae

159 1211 219 1272 que
239 1193 270 1253 hi
293 1211 400 1254 omnes
433 1192 534 1254 edhua
560 1196 590 1254 in
613 1197 786 1276 praeceptis
807 1195 864 1255 Dei
897 1193 1082 1274 hypooritae

159 1283 238 1340 sunt.
282 1275 416 1337 Exoelsa
438 1277 518 1336 enim
540 1278 600 1338 ista
621 1279 841 1359 iustitiaelegis
863 1278 985 1338 divinae
1009 1284 1082 1337 aunt

159 1359 302 1440 operibus
331 1361 397 1420 sine
425 1358 487 1421 lide
507 1368 623 1441 partae.
666 1361 709 1424 At
736 1362 942 1423 sacerdotium
970 1358 1081 1420 Bethsl

159 1442 270 1504 nullius
293 1442 367 1505 boni
388 1462 461 1504 usus
483 1451 548 1520 est,
577 1445 631 1506 sed
653 1463 776 1527 semper
796 1445 944 1505 adversus
966 1443 1081 1503 Leviti-

158 1545 226 1588 oum
249 1526 463 1591 sacerdotium.
496 1524 546 1589 Ita
567 1529 772 1591 sacerdotium
793 1528 986 1610 papistioum,
1008 1526 1084 1606 qnia

157 1610 370 1673 traditionibus
392 1610 548 1672 hominnm
578 1619 714 1691 constat,
741 1632 863 1693 semper
901 1609 1083 1672 adversetur

158 1713 221 1756 non
248 1700 365 1755 tantum
393 1692 463 1755 lidei
493 1701 524 1755 et
553 1696 727 1757 Christiano
754 1695 943 1771 sacerdotio,
971 1691 1028 1753 sed
1050 1697 1083 1752 et

158 1777 218 1859 legi
239 1777 296 1838 Dei
328 1796 367 1838 ao
393 1777 529 1839 Levitico
557 1780 742 1842 sacerdotio.
789 1778 940 1842 laetantia
975 1781 1081 1837 tamen

180 1879 253 1923 anes
275 1862 359 1941 ipsos
382 1867 438 1942 est,
461 1861 543 1941 quod
572 1863 630 1925 soli
652 1864 714 1924 sint
734 1863 866 1924 seelesis
895 1867 925 1921 et
944 1858 1082 1940 populus

157 1881 227 2025 bei,
249 1946 321 2024 quia
343 1945 430 2005 loeus
455 1964 560 2006 eorum
585 1947 706 2027 Betbel,
740 1946 769 2008 id
793 1952 856 2022 est,
878 1943 989 2005 domus
1011 1942 1083 2018 Dei,

156 2034 295 2107 vocatur,
318 2027 400 2105 quod
422 2028 574 2108 propbeta
594 2030 714 2090 Hoseas
737 2036 855 2090 mutare
872 2034 918 2087 est
939 2044 1033 2087 ausus
1050 2030 1084 2086 at

157 2110 314 2192 appellare
335 2109 508 2188 Bethoron,
535 2112 565 2172 id
588 2118 657 2191 est,
685 2112 809 2173 domum
833 2109 1001 2190 iniquitatis
1024 2127 1081 2169 seu

36 2192 39 2197 ’
157 2193 285 2272 doloris,
306 2193 367 2254 hoa
390 2199 446 2269 est,
465 2195 598 2258 iustitiae
620 2197 749 2276 impiae,
772 2214 850 2274 quae
873 2193 1082 2253 eonscientiae

156 2276 369 2352 excarnificat,
400 2277 454 2336 sed
477 2297 538 2338 non
561 2281 703 2360 impune,
725 2298 783 2339 neo
820 2280 886 2338 sine
918 2276 1081 2355 sanguine,

155 2362 234 2422 siout
255 2360 280 2420 si
302 2361 395 2421 modo
417 2360 549 2441 Papistis
572 2362 733 2423 ecelesiam
756 2359 940 2422 iactantibus
963 2377 1080 2419 nomen

156 2443 186 2504 id
211 2449 326 2522 mutes,
355 2450 386 2503 et
412 2444 549 2524 appelles
572 2465 627 2506 eos
656 2464 848 2526 synagogam
872 2443 1024 2520 Satanae,
1049 2440 1082 2501 id
1167 2452 1171 2460 ’

155 2526 238 2607 quod
261 2545 332 2587 vere
354 2527 556 2607 appellantur,
578 2529 632 2589 sed
655 2547 717 2590 non
737 2530 870 2609 impune.
898 2526 1081 2586 Haeretious

157 2612 237 2672 enim
261 2630 295 2671 es
318 2616 349 2671 et
371 2610 555 2691 exurendus,
579 2613 650 2692 qnia
671 2612 844 2686 ecelesiam,
867 2607 1080 2670 sioutHoseas

156 2693 273 2771 Betbel,
296 2693 525 2774 blasphemasti.

240 2777 318 2838 Huio
340 2784 491 2838 consonat
513 2785 544 2840 et
565 2798 677 2839 nomen
700 2777 901 2853 Hieroboam,
930 2772 1012 2852 quod
1036 2775 1082 2833 in-

156 2859 297 2941 tilligitur
318 2866 416 2939 autor,
439 2862 594 2942 magister,
615 2863 715 2923 maior
737 2860 850 2942 populi.
875 2867 907 2919 ut
929 2858 1015 2917 ouius
1028 2876 1081 2918 au·

155 2945 262 3005 toritas
290 2943 320 3004 in
359 2943 476 3023 populo
505 2945 652 3007 valetud
691 2943 874 3006 docendum.
918 2941 969 3001 Sio
995 2940 1081 3000 enirn

157 3027 242 3107 Papa
265 3026 303 3086 de
317 3026 427 3106 seipso
441 3026 527 3088 dieit:
550 3029 608 3089 Ubi
629 3034 676 3088 est
687 3029 854 3103 maioritas,
876 3024 916 3085 ibi
930 3028 977 3083 est
993 3042 1083 3084 man·

156 3108 249 3170 dandi
269 3110 424 3171 autoritas.
457 3110 498 3170 Et
518 3112 667 3174 maiorem
691 3131 725 3172 se
747 3109 913 3187 omnibus,
944 3105 1081 3186 denique

155 3194 334 3273 magistrum
370 3192 583 3276 eeclesiarum,
619 3194 696 3255 Rebi
731 3195 848 3255 soilieet
881 3189 1082 3271 populorum,

154 3275 300 3352 honest,
327 3294 436 3336 revera
456 3274 620 3338 Ieroboam
648 3277 730 3339 laoit.
773 3275 870 3339 Vituli
896 3274 981 3335 aurei
1009 3279 1083 3333 sunt

156 3357 305 3437 dogmata
326 3377 381 3419 suo
404 3361 511 3438 spiritu
535 3360 688 3441 oontlata,
715 3362 911 3421 sacerrimum
934 3355 1009 3417 illud
1032 3357 1081 3418 ins

156 3442 360 3517 sanonicum,
381 3442 417 3517 ‚in
451 3462 513 3521 quo
547 3462 609 3503 non
646 3446 745 3504 minus
773 3443 932 3503 veritatem
956 3441 1082 3520 pietatis

154 3526 248 3585 laetat
268 3524 414 3604 inveniri,
443 3544 533 3605 quam
556 3526 607 3588 ille
638 3527 709 3588 olim
734 3526 879 3600 instabat,
901 3523 1000 3584 Deum
1026 3542 1079 3583 ve·

154 3626 220 3668 rum
243 3607 272 3666 in
296 3606 398 3667 vitulis
420 3610 520 3670 aureis
544 3610 613 3672 soli.
657 3611 787 3672 Constat
809 3610 907 3687 enim,
931 3606 1081 3687 dogmata

154 3709 210 3771 par
230 3689 315 3751 idola
336 3688 499 3769 significari
523 3693 625 3754 multis
647 3693 723 3756 loeis
735 3693 920 3775 Scripturas,
943 3688 1028 3770 quod
1049 3695 1082 3751 et

155 3773 267 3834 vitulus
297 3791 407 3833 aursus
443 3777 546 3838 Aaron
577 3778 651 3839 satis
682 3783 841 3839 monstrat.
886 3773 963 3836 Stilo
996 3773 1078 3834 enim
