2392 4170
382 266 435 322 Per
455 265 604 336 Magistros
622 266 799 322 Pariaienses.
1013 267 1054 337 53

131 449 178 504 est
190 440 267 502 falso
282 440 455 523 Augustino
470 440 623 518 attributa,
646 441 763 501 articuli
783 443 1051 524 autemloquendo

132 525 171 587 ds
200 525 333 586 ecclesia
360 524 525 602 militante,
557 523 596 585 de
626 543 685 602 quo
712 524 752 585 ibi
776 524 809 585 iit
831 546 948 605 sermo,
983 533 1053 589 sunt

132 609 362 689 Propositiones
384 608 567 670 haereticae.

212 691 251 766 4)
275 691 338 753 Iste
367 692 529 752 articulus:
563 691 649 751 Duae
678 698 822 772 naturae,
852 693 993 755 divinitas
1024 705 1053 754 et

131 776 316 855 humanitas,
340 780 409 835 sunl
428 794 504 834 unus
524 774 671 852 Christus,
695 783 741 835 est
763 776 959 838 acatholicis
982 799 1053 838 con-

130 858 295 923 cedendus.
338 857 379 918 Et
420 858 558 918 similiter
593 858 660 918 ille:
697 859 813 918 Divisio
850 859 1051 922 humanorum

132 961 261 1023 operum
284 950 340 1018 est,
363 941 447 1020 quod
463 949 533 1001 sunt
548 943 682 1001 virtuosa
705 942 752 1001 vel
775 943 897 1022 vitiosa,
922 946 1003 1024 quia,
1028 948 1051 1004 si

131 1026 225 1087 homo
249 1033 295 1086 est
310 1026 438 1085 vitiosus
464 1033 494 1085 et
516 1026 578 1104 agit
593 1025 768 1104 quidquam,
793 1027 902 1088 vitiose
925 1030 998 1108 agit,
1022 1037 1053 1088 et

131 1111 157 1170 si
179 1118 226 1170 est
248 1110 400 1172 virtuosus
424 1114 454 1167 et
476 1110 539 1188 agit
561 1107 725 1187 quidquam
749 1109 883 1170 virtuose
905 1114 978 1192 agit.

214 1192 299 1253 Haec
327 1192 501 1271 Propositio
536 1199 583 1251 est
616 1192 707 1272 falsa,
742 1199 772 1251 et
807 1211 846 1251 ex
879 1195 1054 1274 ignorantia

132 1296 223 1337 verae
258 1275 434 1355 theologiae
469 1281 602 1350 asserta3
640 1276 754 1352 primus
794 1283 895 1336 autem
931 1278 1052 1338 illorum

132 1359 347 1435 articulorum,
371 1358 504 1419 scilicet:
529 1358 615 1417 Duae
639 1364 766 1417 naturae
789 1366 846 1422 etc.
870 1367 916 1419 est
938 1360 1054 1440 Propo-

132 1443 203 1504 sitio
225 1443 389 1517 haeretica,
412 1441 565 1502 secundus
588 1459 672 1516 vero,
695 1441 812 1502 scilicet
824 1442 932 1503 divisio
949 1444 1054 1504 huma-

132 1546 240 1587 norum
256 1544 381 1607 operum
399 1532 468 1587 etc..
482 1532 529 1584 est
541 1524 720 1604 Propositio
745 1527 868 1606 sapiens
892 1524 1053 1589 haeresim.

512 1674 568 1738 Da
591 1692 669 1758 spe.

134 1816 136 1818 V
219 1836 254 1904 1)
280 1829 358 1912 Spes
381 1851 443 1892 uon
467 1832 609 1912 provenit
630 1849 670 1891 ex
693 1833 816 1892 meritis.

217 1915 302 1976 Haec
323 1915 498 1995 Propositio
529 1922 576 1975 est
603 1912 697 1990 falsa,
732 1917 990 1996 praesumptionis
1012 1916 1053 1974 in·

134 1999 270 2079 ductiva,
294 2017 331 2059 ac
354 1999 448 2059 sacris
471 1997 615 2078 Sripturis
639 1997 796 2059 difformis.

256 2194 262 2210 ·
327 2180 382 2242 De
404 2196 533 2262 poena
553 2175 859 2241 haereticorum.

135 2417 156 2479 s
182 2331 251 2431 Ι,1)
273 2332 453 2393 Haereticos
486 2331 622 2390 comburi
657 2339 703 2390 est
730 2339 837 2391 contra
867 2332 1054 2391 voluntatem

159 2423 304 2560 pmlliec
327 2497 503 2577 Propositio
534 2503 581 2557 est
603 2496 696 2575 laisa,
733 2502 841 2558 eontra
868 2497 1055 2557 voluntalem

135 2584 265 2665 Spiritus
299 2581 391 2642 divini
433 2588 550 2640 asserta
589 2587 618 2639 et
656 2580 767 2639 errori<
791 2577 990 2638 Catharorum
1028 2587 1058 2638 et

137 2666 336 2728 Valdensium
361 2683 509 2724 consona.

303 2813 360 2878 De
382 2810 673 2877 observatione
695 2808 899 2894 legalium.

223 2972 256 3045 1)
280 2971 364 3031 Licet
392 2989 487 3050 opera
513 2968 590 3048 legis
620 2985 821 3047 quaecunque
849 2964 928 3040 lieri,
968 2964 992 3022 si
1023 2984 1060 3023 ee

139 3057 273 3135 requirat
296 3054 407 3114 caritas
430 3052 581 3131 fraterna,
617 3049 709 3111 modo
734 3069 795 3110 nou
826 3050 895 3126 lege
918 3054 1059 3128 cogente,

139 3158 202 3220 quo
226 3157 299 3199 casu
321 3136 392 3197 licet
414 3137 506 3196 etiam
531 3135 623 3196 modo
639 3132 899 3213 circumcidi'sine
914 3130 1061 3210 periculo,

140 3230 172 3284 et
194 3241 262 3282 oum
287 3219 383 3280 multo
407 3220 525 3282 merito.
941 3256 943 3261 «

224 3303 310 3365 Haec
334 3302 507 3381 Propositio
544 3306 591 3361 est
613 3300 805 3361 Christianae
841 3297 899 3377 legi
930 3296 1062 3375 inimica,

140 3387 286 3463 Iudaicae
310 3384 456 3467 perfidiae
479 3384 585 3444 favens
609 3389 639 3443 et
660 3382 826 3443 haeretica.

338 3533 392 3597 Dc
416 3532 522 3597 bello
544 3538 683 3598 contra
704 3530 865 3595 Turoas.

229 3687 264 3770 l)
290 3687 438 3749 Proeliari
455 3687 602 3748 adversus
614 3687 728 3747 Turcas
742 3691 790 3745 est
810 3704 983 3765 repugnare
998 3683 1064 3743 Deo

145 3772 279 3834 visitanti
302 3772 476 3852 iniquitates
500 3777 620 3831 nostras
642 3789 697 3862 per
718 3765 796 3837 illos,
844 3800 847 3804 ⁴
