2392 4170
379 276 548 350 dusmense
566 286 676 351 asarta:
746 287 751 295 ·
950 288 994 360 ru

70 459 218 521 listram·
238 463 376 545 apertum
390 466 456 544 'pro
479 482 513 524 se
548 442 632 547 esse,
668 471 700 527 ut
722 452 831 526 ceddre
854 466 998 547 nequeat,

69 545 142 603 nisi·
165 545 259 606 verbo
295 546 368 606 Det·
387 548 515 607 meliora
549 548 685 610 edoctus.
738 546 878 610 Scribere
915 550 1004 610 enim.

68 626 100 688 s:
135 624 185 688 dli
230 619 357 690 stinum':
381 620 594 707 &edidicisse
615 632 696 691 hunc
727 632 876 692 honorem
923 631 997 693 solis

69 708 218 770 timisti·
258 710 387 792 habete,
418 713 468 791 qui
497 712 661 774 Canonici‘
680 723 845 794 vocantur,
881 721 911 774 ut
944 724 998 776 ve-'·

68 812 120 854 ros
143 792 263 876 credat,
288 798 396 855 ceteris
421 814 493 856 vero
516 797 710 877 Doctorlbus,
733 798 926 877 quantalibet
948 798 995 858 vel

47 878 231 938 sanandus
252 876 463 940 retroactam
485 879 632 960 polleant,
655 883 701 941 ita·
719 880 839 940 demum
861 889 995 958 credere,

68 961 95 1022 si
119 973 197 1021 vera
213 960 392 1026 scriberent.¹
433 962 479 1022 Ad
503 961 580 1023 haec
613 963 643 1026 S.
668 964 799 1024 Paulum*
827 964 866 1023 ad
900 964 995 1024 'l'lre'd-

67 1042 279 1104 salonicenses
307 1046 484 1125 scripsisse:
516 1044 626 1106 Omnia
653 1044 903 1127 probatd,·qiibd
938 1046 993 1108 bo·-

67 1144 152 1186 nunr-
172 1134 376 1205 esttenete,-
404 1135 435 1188 et
471 1127 510 1188 ad
547 1128 690 1190 Galatas:
731 1129 862 1190 Etiamsi
899 1149 994 1210 ange-

67 1210 114 1271 lus
131 1209 387 1289 annotaremus,
409 1210 544 1272 staliud
568 1212 734 1293 praedicet,
756 1214 920 1273 anathema
945 1216 994 1274 sit.

66 1293 176 1373 ltaque
197 1294 531 1357 ennonoredendun.
579 1295 651 1356 ldeo
685 1306 716 1355 et
748 1314 782 1354 se
815 1296 995 1376 suppliciter

67 1395 166 1454 orare,
189 1396 227 1436 ne
249 1378 470 1438 conscientiam
491 1397 576 1438 suam
600 1379 730 1440 vinculis
758 1377 932 1458 Scripturas
963 1388 994 1439 et

67 1461 151 1520 verbi
173 1458 267 1521 divini
290 1460 415 1540 ligatam
438 1470 569 1542 urgeant
589 1462 628 1522 ad
652 1462 825 1542 negandum
849 1470 918 1522 tam*
932 1461 991 1522 ola·

65 1562 132 1603 rum
156 1543 280 1603 verbum
306 1544 373 1623 Dei,
395 1552 491 1623 utque
513 1563 547 1606 se
564 1545 812 1606 commendatum
832 1544 993 1622 baberent,
1103 1576 1105 1580 >

65 1635 95 1686 et
117 1628 281 1708 praecipue
303 1626 385 1708 apud
407 1627 591 1689 Caesaream
614 1629 805 1690 Maiestatem
824 1627 991 1709 efficerent,

65 1730 105 1770 ns
128 1716 290 1789 cogeretur
312 1718 420 1772 contra
437 1713 658 1773 conscientiam
675 1715 704 1773 in
722 1713 780 1772 hac
798 1731 892 1773 cansa
908 1712 992 1790 quid-

65 1812 156 1873 quam
181 1811 286 1873 agere,
307 1793 421 1874 alioqui
443 1813 477 1855 sc
505 1794 581 1857 nihil
608 1814 669 1857 non
701 1795 750 1856 vel
780 1794 990 1874 obsequentis·

65 1878 142 1937 sime
166 1877 325 1938 facturum.
461 1890 464 1894 ’

146 1957 232 2021 llaec
253 1958 405 2022 dicentem
436 1962 638 2044 interrogavit
668 1960 803 2022 Marohic
833 1961 990 2022 Bradllen·

64 2042 225 2124 burgensis
245 2039 434 2124 Ioa'obimus,
457 2045 596 2125 Elector,
624 2064 696 2105 num
720 2045 848 2106 didisset
870 2064 902 2105 se
927 2064 987 2105 non

63 2128 307 2207 cessurnmynisi
323 2128 498 2190 nonnarum
513 2146 602 2190 sacra
615 2125 794 2209 Scriptura?
817 2127 996 2208 Respondit

64 2210 366 2271 Doctdr²blartinust
389 2211 501 2292 Etiam,
519 2213 649 2273 Domine
667 2212 913 2290 clementissime,
938 2210 986 2272 vel

63 2293 233 2355 rationibus
256 2294 442 2355 clarissimis
455 2304 485 2355 et
506 2294 708 2357 evidentibus.

146 2375 194 2440 [ta
215 2377 318 2439 soluto
346 2377 607 2455 hononorem,
642 2378 830 2460 Principibus
860 2378 986 2458 reliquis

62 2460 96 2520 in·
130 2461 563 2543 onriam'profrcisoantibus,
603 2462 792 2522 Trevirensis
832 2457 986 2542 Arcbiepi-

62 2546 368 2626 seopus'Doetcrem
393 2545 554 2606 Martinam
577 2545 690 2604 accivit
711 2546 741 2603 in
775 2563 862 2604 suum
895 2544 985 2604 tricli-

62 2629 161 2706 nium,
196 2627 332 2689 edhlbito
366 2626 496 2689 Officiali
534 2648 589 2689 suc
629 2625 768 2688 Iohanne
802 2624 915 2707 Elusio,
956 2635 987 2687 et

63 2712 223 2793 Coohle03
261 2712 389 2773 Doctori
420 2711 552 2773 Martino
590 2710 720 2772 Lnthero
753 2709 915 2770 adstabant
949 2710 989 2772 u:

62 2793 268 2876 Hieronymus
304 2793 428 2856 Sohurff
463 2795 673 2856 etllicolaus
697 2793 899 2856 Amsdorlins.
942 2795 985 2854 lbi

61 2885 124 2940 tum
160 2880 264 2960 coepit
295 2877 443 2940 Olflcialis
476 2879 682 2959 argumentari
716 2887 748 2938 ut
776 2875 923 2957 Sophiste
956 2886 986 2938 et

62 2963 246 3040 canonista,
280 2961 386 3045 Papae
421 2981 545 3022 oausam
587 2960 769 3038 defendens,
810 2980 850 3021 ex
889 2960 984 3021 literis

61 3048 156 3108 sacris
198 3046 263 3107 iere
313 3066 435 3128 semper
483 3052 571 3106 natas
618 3044 711 3105 luisse
749 3043 907 3123 haereses,
954 3054 986 3104 ut

60 3132 225 3193 Asianum·
246 3150 286 3191 ex
324 3130 384 3191 hoc
412 3129 590 3207 Evangelii:
625 3126 739 3207 Ioseph
773 3129 835 3188 non
868 3146 987 3206 cogno·-

60 3216 104 3276 vit
130 3215 294 3293 coniugem
325 3232 429 3291 suern,
462 3212 563 3273 donec
594 3221 715 3293 pareret
745 3212 991 3290 primogenitumv

59 3319 158 3360 suum.
201 3296 320 3357 Deinde
341 3316 379 3359 eo
401 3315 592 3377 progressus,
615 3305 648 3355 ut
678 3296 823 3355 niteretur
854 3295 1000 3354 convclv

59 3380 124 3442 lere
168 3381 249 3441 hanc
287 3381 546 3461 propositionem,
589 3378 753 3439 ecclesiam
799 3376 993 3437 catholicam

59 3484 129 3526 esse
152 3464 379 3524 universitatem
401 3461 597 3526 Sanctorum.
632 3465 733 3522 Ausus
756 3461 847 3521 etiam
871 3479 911 3520 ex
937 3459 983 3520 lo-

61 3548 229 3609 lio'l'acere
261 3547 412 3625 triticum,
447 3553 477 3606 et
510 3565 550 3607 ex
582 3563 745 3626 corporum
780 3545 986 3625 excrementis

62 3629 211 3707 membra.
253 3628 339 3692 Haec
360 3639 391 3691 et
413 3623 524 3709 similia
545 3628 672 3711 ridicula
693 3638 724 3688 et
745 3626 842 3688 iutilia
860 3624 902 3699 ,ab
915 3626 983 3708 ipso

57 3710 248 3795 in'uiedi'ur'n
270 3713 392 3797 prolata
416 3706 532 3774 Doctor
553 3711 699 3774 Martinus
722 3718 753 3770 et
774 3709 810 3772 D.
834 3706 983 3791 Hierony·

59 3818 127 3863 mus
151 3796 274 3861 Subaris
291 3794 541 3881 perstrinxerunt,
565 3797 667 3858 sobrie
692 3805 804 3870 tamen,
828 3792 909 3855 velut
943 3791 983 3854 ad

726 3876 772 3946 2*
