2392 4170
131 219 175 288 88
388 223 431 278 Da
450 219 526 293 capt
545 220 645 290 Babyl.
662 219 804 277 Ecclesiae

130 377 261 457 habent,
284 385 478 441 sacramenta
498 376 569 439 ildei
592 377 651 438 dici
673 395 735 438 non
757 375 909 457 possunt?
950 374 1061 456 Neque

131 463 210 522 enim
228 460 376 529 ¹salutem
412 470 586 542 operantur.
640 461 683 541 At
709 467 903 521 sacramenta
935 464 1062 520 servant

131 545 290 607 credentes
312 545 506 626 promissioni
530 544 660 605 divinae.

425 727 476 787 De
504 727 765 787 Matrimonia.

215 883 439 944 Matrimonium
463 901 523 943 non
548 881 647 943 solum
669 883 734 943 sine
756 883 819 945 ulla
834 882 1061 962 Scripturapro

131 979 325 1028 sacramento
361 973 520 1043 censetur,
556 985 661 1025 verum
690 965 806 1026 eisdem
836 964 1061 1043 traditionibus,

132 1050 242 1130 quibus
265 1057 489 1110 sacramentum
505 1068 574 1108 esse
595 1050 736 1125 iactatur,
759 1066 875 1109 merum
896 1048 1060 1109 ludibrium
1083 1110 1096 1123 ,

131 1132 244 1193 lactum
268 1141 329 1211 est,
352 1132 473 1212 dequo
496 1132 608 1211 aliquid
632 1133 800 1195 videamus.
845 1133 1003 1210 Diximus,
1029 1132 1061 1191 in

134 1218 217 1276 omni
240 1227 432 1277 sacramento
446 1216 549 1276 baberi
563 1216 688 1276 verbum
703 1217 915 1296 promissionis
928 1215 1062 1292 divinae,

133 1301 181 1359 cui
206 1300 288 1360 credi
312 1308 454 1381 oporteat
475 1298 514 1359 ab
538 1318 592 1374 en,
615 1301 666 1379 qui
689 1303 808 1379 signum
833 1300 976 1379 suscipit,
1003 1316 1064 1361 neo

133 1383 234 1443 solum
257 1385 379 1464 siguum
406 1402 500 1463 posse
526 1391 750 1443 sacramentum
780 1402 857 1444 esse.
901 1383 1060 1461 Nusquam

131 1474 233 1527 autem
254 1467 375 1547 legitur,
397 1466 510 1546 aliquid
533 1467 650 1545 gratiae
670 1467 728 1526 Dei
751 1473 959 1546 accepturum,
981 1466 1062 1544 quis-

132 1551 199 1629 quis
221 1569 348 1611 nxorem
372 1550 509 1628 duxerit,
531 1550 603 1628 quin
626 1568 684 1610 nec
707 1551 827 1628 signum
850 1555 898 1609 est
918 1549 1062 1609 divinit-us

131 1633 301 1694 institutum
323 1635 353 1693 in
377 1634 588 1706 matrimonio,
617 1652 675 1693 nec
697 1635 778 1693 enim
801 1634 921 1713 uspiam
951 1630 1063 1712 legitur

134 1715 234 1777 aDeo
258 1718 438 1794 institutum,
461 1722 493 1775 ut
509 1715 622 1795 aliquid
636 1717 831 1796 significaret,
855 1716 926 1775 licet
947 1717 1061 1793 omnia,

133 1818 212 1879 quae
235 1799 393 1861 visibiliter
414 1805 575 1880 geruntur,
599 1802 719 1878 possint
740 1800 869 1879 intelligi
891 1798 1010 1878 figurae
1032 1804 1062 1860 et

132 1882 301 1963 allegoriae
322 1903 421 1944 rerum
435 1882 639 1944 invisibilium.
676 1882 825 1964 Atfigura
839 1889 891 1941 aut
913 1881 1062 1963 allegoria

131 1984 193 2026 non
225 1973 296 2026 sunt
323 1973 532 2042 sacramenta,
569 1973 600 2024 ut
631 1985 687 2026 uos
722 1966 759 2026 de
788 1965 989 2026 sacramentis
1019 1964 1062 2027 lo·

133 2067 262 2128 quimus,

215 2130 333 2192 Deinde
356 2149 425 2191 cum
439 2131 664 2191 matrimonium
686 2131 776 2192 fuerit
789 2130 828 2193 ab
840 2132 926 2192 initio
946 2129 1060 2211 mundi,

131 2223 161 2274 et
184 2213 264 2294 apud
287 2212 427 2274 infideles
450 2214 550 2274 adhuc
571 2221 768 2294 permaneat,
801 2215 902 2275 nullae
932 2214 1062 2275 subsunt

131 2299 276 2373 rationes,
298 2305 568 2357 ntsacramcntum
592 2297 781 2378 novaelegis
803 2298 940 2358 etsolins
962 2297 1061 2359 eccls-
1099 2312 1102 2317 “

132 2380 196 2440 siae
220 2381 320 2461 possit
341 2381 409 2441 dici.
453 2380 522 2441 Non
555 2381 654 2440 minus
684 2383 763 2441 enim
795 2387 882 2441 amnt
908 2382 1062 2443 matrimo-

132 2464 183 2523 nia
207 2472 328 2543 patrum
350 2471 471 2540 sancta,
501 2482 591 2542 quam
615 2470 736 2539 nostra,
769 2483 827 2524 neo
859 2464 959 2524 minus
988 2482 1061 2525 vera
1089 2492 1094 2499 ·

131 2544 310 2623 infidelium,
333 2565 425 2626 quam
447 2546 592 2619 fidelium,
614 2566 673 2608 neo
696 2555 797 2606 tamen
821 2548 850 2606 in
873 2548 918 2607 eis
940 2552 1062 2626 ponunt

132 2639 368 2692 sacramentum.
413 2630 459 2690 Ad
488 2629 566 2688 haec
596 2636 668 2689 sunt
689 2629 770 2709 apud
800 2628 906 2690 fideles
937 2647 1062 2709 quoque

131 2711 215 2792 impii
239 2716 407 2793 coniuges,
430 2712 586 2791 quibusvis
609 2712 751 2792 gentibus
773 2715 909 2792 peiores,
936 2731 990 2773 cnr
1011 2712 1062 2773 bio

132 2804 356 2856 sacromentum
380 2797 439 2856 dici
462 2795 562 2868 debet,
586 2803 617 2855 et
639 2815 699 2857 non
723 2797 804 2875 apud
827 2795 982 2875 gentiles?
1012 2796 1061 2857 Ao

133 2878 171 2937 de
194 2878 345 2960 baptismo
368 2887 399 2938 et
419 2879 549 2938 ecclesia
563 2880 607 2939 sic
621 2878 811 2958 augebimus,
834 2887 877 2956 ut,
900 2879 979 2939 sicut
995 2879 1062 2959 qui·

133 2959 202 3021 dam
226 2963 364 3040 delirant,
387 2963 547 3042 imperium
570 2962 740 3042 temporale
762 2980 823 3022 uon
852 2980 922 3022 esse
949 2962 1008 3021 nisi
1028 2963 1060 3023 in

132 3045 281 3123 ecclesia,
311 3047 354 3104 ita
388 3045 612 3105 matrimonium
647 3064 707 3106 non
736 3063 805 3105 esse
832 3053 1061 3105 sacramentum

133 3129 189 3187 nisi
212 3129 243 3187 in
265 3127 398 3188 ecclesia
419 3127 578 3188 dicamus?
602 3127 729 3188 Puerilia
753 3136 824 3188 sunt·
845 3128 924 3189 baec
937 3134 969 3188 et
990 3127 1063 3189 ridi·

132 3210 217 3288 cula,
251 3230 305 3291 per
340 3230 419 3290 qnae
453 3219 588 3272 nostram
622 3213 773 3272 inscitiam
805 3220 835 3272 et
857 3211 1061 3273 temeritatem

136 3291 308 3354 infidelibus
330 3296 401 3354 risui
423 3295 617 3374 exponimus.

216 3378 256 3436 At
278 3377 395 3456 dicent,
417 3377 575 3457 apostolus
598 3376 671 3437 dicit
693 3377 788 3456 Ephe.
811 3381 846 3443 5:
876 3377 974 3438 Erunt
997 3376 1061 3441 duo

132 3459 162 3520 in
185 3478 368 3538 carneuna,
391 3468 616 3520 sacramentum
639 3461 699 3520 bno
722 3480 866 3540 magnum
889 3467 945 3522 est.
973 3460 1064 3523 Tuas

133 3561 206 3624 ergo
229 3552 291 3604 tam
314 3544 448 3605 evidenti
471 3543 604 3624 apostoli
626 3543 721 3605 verbo
744 3543 958 3607 contradices?
1002 3543 1062 3605 Re-

132 3627 286 3706 spondeo,
308 3635 338 3687 et
350 3627 409 3687 boc
426 3633 640 3707 argumentum
652 3646 720 3688 esse
735 3647 867 3707 magnae
878 3627 1064 3688 oscitantiae

133 3717 164 3770 et
185 3710 372 3791 indiligentia
400 3710 653 3791 inconsultaequa
680 3711 831 3775 lectionis.
879 3709 950 3773 Nou
978 3709 1063 3773 enim
