2392 4170
378 286 414 348 Ι).
432 288 470 345 Π.
485 288 570 347 Lulh.
587 287 772 347 Prsoludlum.
984 287 1046 358 101

135 462 210 527 qnam
226 446 394 509 reversuri.
437 444 534 528 Urget
555 466 604 507 me
617 454 648 507 et
668 445 750 507 male
770 444 925 507 habethio
946 467 1047 528 ossus,

102 596 105 603 ,
135 528 305 609 quotidianis
329 529 496 610 exemplis,
524 531 590 592 sire
616 530 645 591 id
668 529 814 610 singulari
843 531 979 609 nequitia
999 550 1047 593 ss·

134 618 220 686 onos,
241 614 309 674 sive
331 612 476 694 neglectu
499 611 582 675 verbi
604 614 660 676 Dei
683 615 842 694 contingit.
983 612 997 631 ⁰

164 752 167 757 .
198 696 269 777 Ego
290 716 382 775 sane,
413 698 464 777 qui
486 697 560 758 solis
591 704 701 765 oontra
729 698 838 759 omnes
859 701 993 757 statuere
1014 697 1044 758 in

133 777 179 841 iae
201 799 236 842 re
266 780 340 840 nihil
362 799 507 861 possum,
536 780 732 843 vehementer
754 787 910 861 optarem,
937 779 1045 843 saltem

132 860 191 923 llud
211 863 234 924 L
258 863 397 926 Corinth.
411 866 441 928 7.
462 864 523 925 huo
545 865 661 944 aptari:
684 863 773 941 Quod
797 865 822 924 si
834 861 965 925 infidelis
988 861 1047 925 dis·

134 944 208 1023 radit,
235 944 386 1008 disoedat.
438 946 507 1009 Non
544 949 624 1009 enim
654 948 790 1009 servituti
818 947 974 1009 subieotus
999 953 1046 1009 est

134 1026 283 1091 interant
303 1049 392 1091 soror
413 1031 444 1091 in
467 1030 628 1092 eiusmodi.
687 1031 745 1093 Hio
766 1031 927 1111 apostolus
949 1028 1045 1093 disoe-

134 1108 238 1175 lontem
261 1112 417 1175 infidelem
441 1113 584 1175 oonoedit
606 1113 732 1195 dimitti,
762 1122 793 1177 et
812 1113 894 1175 fideli
918 1111 1044 1175 liberum

133 1192 339 1257 lusitanorum
353 1197 504 1276 aeoipere.
539 1198 601 1259 Gur
612 1217 675 1259 non
688 1197 768 1258 idem
790 1197 903 1275 valeat,
925 1197 949 1256 si
971 1194 1045 1259 fide-

133 1275 246 1355 lalroe
267 1286 324 1355 est,
346 1280 472 1341 nomine
494 1280 609 1358 fidelis,
637 1282 759 1362 reipsa
782 1300 879 1360 aeque
901 1277 1044 1358 infidelis,

134 1362 286 1527 titt,
310 1362 488 1508 iiiiii
509 1364 699 1508 stilti?
714 1381 1045 1508 „tllqltmtldl

135 1524 191 1590 lere
208 1548 346 1610 possum.
398 1529 499 1592 Credo
527 1537 646 1605 autem,
680 1531 706 1590 si
739 1466 873 1611 apoitoti
906 1466 1045 1609 tgmpore

124 1606 270 1675 'litoresor
289 1610 422 1674 infidelis
446 1632 586 1676 reversus
609 1613 721 1692 denuo,
744 1620 796 1674 aut
812 1612 913 1675 fidelis
933 1612 1044 1686 laotos,

135 1698 175 1755 iol
191 1692 270 1757 fideli
294 1695 472 1760 cohabitare
495 1697 648 1771 pollicitus
667 1697 784 1775 luisset,
806 1695 959 1758 admissus
981 1714 1042 1755 non

135 1774 235 1857 inisset,
264 1778 319 1839 sed
350 1786 380 1840 et
401 1780 458 1859 ipsi
489 1780 615 1842 alteram
645 1779 775 1841 ducendi
797 1785 936 1860 poteslas
962 1777 1044 1838 iaota

135 1856 230 1925 luisset.
272 1862 389 1923 Tamen
412 1864 442 1924 in
464 1864 501 1924 iis
523 1863 597 1924 nihil
620 1862 752 1940 definio,
781 1867 816 1923 nt
835 1860 918 1937 dixi,
941 1879 1045 1939 quam-

136 1958 208 2021 torm
230 1945 305 2007 nihil
326 1946 426 2026 magis
456 1954 559 2027 optem
585 1966 653 2008 esse
676 1945 849 2019 delinitum,
878 1963 947 2005 oum
970 1942 1046 2003 nihil

135 2028 282 2107 nogiomo
304 2036 336 2091 et
357 2031 469 2091 multos
492 2049 611 2093 meeum
634 2036 730 2091 vexet
749 2028 851 2095 hodie.
896 2025 970 2089 Sola
992 2046 1044 2087 au·

138 2109 237 2172 loritate
273 2131 375 2192 papae
405 2121 458 2173 aut
489 2114 706 2194 episeoporum
736 2112 786 2173 hio
820 2109 940 2172 deliniri
970 2108 1044 2169 nihil

138 2190 200 2270 nlo,
220 2194 273 2256 sed
287 2195 313 2255 si
328 2194 390 2257 duo
412 2195 521 2257 eruditi
534 2203 565 2257 et
576 2195 649 2257 boni
663 2195 719 2255 viri
740 2196 771 2257 in
795 2194 919 2255 nomine
932 2192 1043 2254 Christi

137 2276 337 2355 persentirent,
375 2288 407 2339 et
441 2279 472 2339 in
507 2280 615 2360 spiritu
650 2279 763 2340 Christi
794 2277 1044 2358 proonnoisrent

139 2372 220 2421 torum
258 2379 318 2441 ego
347 2360 502 2423 ,iudicium
540 2362 726 2442 praeferrem
769 2360 861 2422 etiam
899 2357 1045 2435 consiliis,

142 2440 219 2519 pilia
240 2462 324 2505 nuno
345 2445 447 2507 solent
467 2446 553 2526 oogi‚
576 2451 694 2505 tontum
726 2461 855 2504 numero
882 2448 914 2503 et
935 2442 1046 2502 autori-

141 2524 183 2587 hla
200 2527 275 2589 oltra
296 2526 498 2589 eruditionem
521 2537 552 2589 et
563 2526 798 2589 sanctimoniam
816 2527 940 2586 iactata
973 2523 1044 2585 Sus·

139 2607 217 2682 poto
247 2628 322 2692 ergo
352 2609 404 2671 bio
436 2631 586 2693 organum
620 2631 741 2685 meum,
775 2608 875 2671 donee
908 2605 1047 2668 ooolerut

140 2704 238 2753 oenum
261 2693 341 2754 alins
362 2694 478 2758 melior.

458 2873 513 2936 De
540 2872 700 2938 Ordine.

199 3026 266 3089 Hoo
295 3032 521 3088 sacramentum
543 3027 676 3089 eeclesia
698 3026 809 3088 Christi
837 3026 977 3106 ignorat,
1004 3023 1046 3083 in-

132 3115 301 3191 ventumque
321 3116 369 3172 est
390 3110 429 3170 ab
452 3110 706 3192 eoelesiapapse.
750 3109 819 3170 Non
840 3108 922 3168 enim
945 3106 1043 3166 solum

132 3190 229 3255 nullam
252 3192 347 3255 habet
369 3193 606 3273 promissionem
628 3193 762 3274 gratiae,
794 3189 879 3251 ullibi
901 3191 1045 3270 positam,

134 3272 357 3337 sedne-verbo
388 3275 508 3355 quidem
538 3278 603 3338 eins
637 3275 776 3336 meminit
804 3279 900 3334 totum
930 3290 1045 3332 novum

135 3358 347 3420 testamentum.
399 3358 572 3420 Ridiculum
606 3366 708 3420 antem
747 3362 794 3416 est
826 3373 965 3416 asserere
990 3371 1047 3434 pro

132 3447 308 3503 eramento
337 3441 413 3518 oei,
434 3442 524 3521 'quod
553 3463 573 3504 a
597 3442 668 3516 Deo
696 3439 866 3500 institutum
896 3455 1047 3515 nusquam

132 3530 220 3598 potest
248 3527 421 3588 monstrari.
464 3525 533 3586 Non
563 3523 645 3605 qnod
669 3521 874 3583 damnandnm
903 3537 1046 3581 oenseam

176 3794 206 3868 1)
224 3795 256 3851 ln
276 3795 319 3853 od.
341 3797 426 3872 σήμ
446 3795 572 3852 disseret
