2392 4170
389 241 531 300 Ambrosii
551 244 705 300 cathara.
728 244 802 302 rtet.
996 241 1058 309 373

135 399 332 476 saucticulia,
350 400 457 480 *plana
479 419 541 461 uon
566 402 803 480 superstitiosis,
839 399 892 461 sed
926 400 1058 476 furiosis,

134 484 333 561 vertiginosis
357 492 388 543 et·
411 483 591 564 deploratae
612 487 764 545 amentiae
787 484 900 545 l'atuis?

221 566 357 626 Breviter
386 576 545 646 peccatum
576 575 632 643 est,
654 570 818 629 autoritate
832 586 941 648 papae,
965 568 1058 626 ferme

135 659 203 710 tota
226 656 367 710 creatura
386 650 442 710 Dei
468 653 687 730 universusque
710 653 774 712 eius
795 670 876 711 usus.
921 649 1058 710 Christus

102 736 108 744 '
133 733 217 792 enim
240 734 270 791 in
293 733 330 791 iis
353 733 495 793 omuibus
519 734 633 814 nullum
663 754 732 795 esse
763 742 922 813 peccatum
952 732 1058 807 voluit,

133 816 188 876 sed
212 834 271 875 nec
298 817 461 891 iustitiam,
494 817 572 877 iorte
604 819 676 895 quia
710 819 809 878 solum
843 823 967 876 sanctus
1002 822 1058 890 est,

131 899 328 960 sanctissimo
368 918 441 960 vero
475 899 585 960 Christi
627 902 740 962 vicaria
776 898 994 975 conveniebat,
1026 907 1059 959 ut

134 981 259 1043 Christo
283 982 427 1041 resistens
455 991 584 1062 peccata
618 993 648 1042 et
677 984 805 1043 iustitias
840 983 890 1043 hic
918 981 1058 1062 multipli-

134 1074 221 1125 caret
242 1072 273 1124 et
296 1072 391 1124 totum
416 1064 520 1125 orbem
544 1067 704 1127 devastata
725 1065 865 1127 libertate
888 1064 1058 1126 Christiana

134 1157 166 1208 et
189 1155 334 1226 corrupta
356 1146 417 1207 fide
440 1152 634 1209 conscientiis
658 1150 749 1210 stulte
771 1158 802 1210 et
824 1168 952 1209 erronee
973 1150 1058 1229 pavi·

134 1231 181 1291 dis
204 1238 236 1291 et
257 1231 455 1311 pereuntibus
478 1232 618 1312 repleret.
663 1233 708 1292 un
732 1232 794 1310 tibi,
819 1234 885 1311 quis
908 1231 1057 1292 sithonio

133 1315 254 1394 peccati
277 1323 307 1372 et
328 1312 406 1372 fliius
439 1316 626 1393 perditionis.
670 1315 807 1376 Necdum
836 1333 910 1376 vero
941 1314 1058 1376 confer·

134 1405 198 1456 tum
223 1405 254 1456 et
275 1396 444 1474 legitimum
467 1396 541 1457 illud
565 1418 674 1478 agmen
700 1401 890 1460 exercituum
912 1398 1058 1458 huiusre·

133 1481 181 1561 gis
204 1481 340 1547 recitavi,
364 1480 479 1540 scilicet
502 1480 695 1559 Oardinalea,
719 1484 894 1563 episcopos,
917 1480 1057 1541 sacerdo·

132 1573 198 1641 tea,
227 1563 406 1640 monachos,
446 1564 611 1641 moniales,
642 1563 807 1641 diaconos,
841 1563 1057 1637 subdiaconos,

135 1665 195 1706 nec
218 1646 440 1721 tonsuristas1)
468 1646 564 1728 (quos
587 1651 718 1725 vocant)
743 1647 855 1708 liberos
877 1668 896 1709 a
919 1647 996 1727 lege.
1020 1647 1057 1707 Hi

135 1730 216 1789 enim
240 1735 365 1808 propter
387 1750 458 1790 suas
482 1749 618 1807 rasuras,
642 1740 752 1809 restes,
775 1732 867 1791 horas
894 1738 925 1791 et
953 1735 1057 1810 gestus

133 1818 182 1873 tot
202 1814 338 1892 peccatis
362 1821 495 1887 scatent,
529 1823 560 1872 ut
582 1833 639 1873 nec
663 1822 709 1875 tot
736 1814 901 1874 relationes
922 1813 1057 1874 habeant

132 1895 297 1971 Scotistae,
323 1915 380 1954 uec
403 1904 448 1955 tot
470 1896 624 1957 realitates
647 1897 841 1975 Themistae,
864 1891 990 1976 quarum
1014 1903 1056 1956 ta·

131 1997 204 2038 men
225 1979 255 2037 in
279 1978 413 2055 qualibet
447 1999 479 2038 re
501 1981 605 2039 mundi
641 1988 687 2040 tot
719 1988 847 2062 ponunt,
881 1985 957 2059 quot
988 1987 1057 2039 sunt

132 2068 293 2122 creaturae
316 2072 346 2121 et
367 2073 525 2140 respectus
550 2084 663 2127 earum.

216 2144 300 2204 Deus
324 2143 420 2218 bone,
450 2145 523 2204 nihil
547 2149 603 2206 nisi
627 2154 787 2225 peccatum
810 2153 857 2207 est
878 2150 974 2206 totum
996 2144 1057 2204 hoc

133 2226 244 2306 vulgus
267 2227 424 2286 hominum
455 2228 616 2306 perditum.
659 2229 729 2290 Non
763 2228 827 2289 radi
864 2230 962 2304 enim,
995 2246 1056 2288 non

131 2311 238 2389 legere
259 2309 351 2369 horas
375 2312 557 2390 canonicas,
581 2331 642 2372 non
667 2313 769 2372 vestiri
790 2312 895 2372 colore
917 2310 1057 2372 sacerdo·

132 2392 197 2470 teli,
221 2411 282 2453 nen
306 2398 429 2471 gestare
452 2394 615 2473 cucullum,
649 2414 710 2455 non
744 2395 828 2456 indui
859 2413 995 2475 purpura
1028 2403 1058 2454 et

132 2477 238 2557 bysso,
262 2483 293 2537 et
315 2475 429 2555 aliquid
453 2496 558 2537 eorum
583 2485 719 2554 mutare,
741 2497 820 2556 quae
854 2477 914 2537 illis
946 2479 1057 2537 consti·

133 2567 199 2620 tuta
221 2565 302 2637 sunt,
325 2567 372 2618 est
394 2578 503 2638 porsus
527 2566 731 2639 apostatasse.
775 2560 850 2636 Quis
867 2578 927 2619 non
944 2559 1058 2620 iudicet
1144 2567 1146 2573 '

133 2642 317 2703 monachum
350 2650 542 2721 apostatam,
578 2645 603 2702 si
627 2652 712 2703 veste
747 2644 826 2703 laica
856 2643 997 2720 incedat,
1032 2644 1056 2702 si

130 2724 256 2804 quando
290 2724 375 2802 liber,
398 2733 427 2783 et
449 2725 514 2785 radi
537 2726 726 2806 negligeret?
770 2729 810 2787 At
832 2725 914 2805 quod
936 2725 1056 2785 iuterim

131 2829 152 2868 a
172 2807 232 2868 flde
254 2814 441 2887 apostatant,
464 2809 548 2870 nulla
571 2829 653 2870 cura.
696 2809 754 2869 Hic
777 2827 849 2871 vero
883 2828 922 2868 ue
953 2827 1054 2888 papae

131 2891 256 2970 quidem
282 2891 350 2969 (qui
366 2898 467 2952 tamen
480 2894 583 2952 omnia
605 2894 634 2950 in
653 2892 751 2952 Deum
767 2897 896 2974 peccata
907 2891 1053 2953 vilissime

131 2971 269 3053 remittit,
289 2975 351 3033 imo
374 2973 510 3035 obtrudit
531 2976 761 3053 remissionem)
794 2975 983 3055 dispensatio
1010 2993 1056 3034 sa·

132 3058 171 3116 tis
195 3066 250 3131 est,
275 3056 507 3135 quamtumlibet
528 3058 623 3119 multa
646 3060 777 3139 pecunia
790 3058 959 3137 redempta,
978 3058 1056 3117 adeo

131 3140 244 3200 insedit
268 3141 463 3200 conscientiis
487 3143 604 3201 miseris
627 3142 729 3221 legum
752 3143 809 3201 ista
827 3142 974 3221 tyrannis,
984 3160 1056 3200 vere

134 3223 245 3283 Daniel
268 3222 355 3282 dicit:
378 3223 418 3282 Et
439 3223 588 3284 mirabilia
612 3225 753 3284 vastabit.
796 3224 876 3300 Quid
900 3225 1055 3283 enimnou

132 3313 285 3365 vastatum
311 3305 475 3384 relinquit?
500 3307 537 3365 Et
558 3309 603 3366 sic
612 3315 774 3384 vastatum,
797 3316 829 3378 ut-
848 3308 981 3388 reparari
995 3326 1055 3367 non

132 3391 242 3469 possit,
265 3389 462 3448 conscientiis
485 3390 626 3467 omnibus
649 3393 742 3451 nimio
765 3389 966 3450 infirmatiset
988 3409 1056 3469 cap·

131 3472 244 3533 tivatis.
290 3471 329 3530 Eit
350 3469 431 3530 haud
464 3475 539 3549 scio,
573 3476 596 3533 si
621 3494 700 3554 papa
734 3473 827 3534 hodie
860 3491 966 3534 omues
1000 3472 1057 3532 has

438 3640 557 3648 -n—-q

187 3739 218 3806 1)
239 3738 270 3790 In
290 3738 333 3792 ed.
354 3739 439 3809 orig.:
461 3741 639 3797 tonsuristue.
