2392 4170
329 253 481 309 'A-nrbroril
499 249 608 309 Gathar,
626 270 652 312 a.
672 255 751 313 1521.
783 317 787 325 ,
947 251 1009 321 335

88 409 148 488 vel,
177 408 259 488 quod
284 409 381 489 magis
412 409 522 488 credo,
551 408 580 470 S.
609 407 746 470 Thomas
772 409 835 488 fuit,
858 413 909 488 qui
937 416 1010 490 post

86 491 309 554 Universitates
332 491 520 571 approbatas
542 502 572 552 ct
594 493 696 552 tubam
713 493 809 554 ,huius
836 493 938 574 angeli
960 492 1010 557 vul

85 576 203 656 primns
226 573 274 634 vel
297 577 448 634 maximus
470 577 524 634 luit
549 584 637 635 autor
647 575 838 636 invehendae
859 578 889 635 in
903 576 1015 639 orbem

84 657 290 719 Christianum
320 657 549 737 philosophiae,
579 657 664 718 solus
698 659 1008 742 Aristoteliciasimus‚

84 759 124 800 ac
146 741 238 820 plane
260 740 440 800 Aristoteles
461 742 543 820 ipse,
565 742 595 799 in
619 759 709 820 quern
733 742 815 800 velut
842 743 872 800 in
898 751 1010 802 terram¹

85 824 125 882 de
147 822 237 883 coelo
259 841 278 882 a
301 823 422 883 Christo
445 823 572 901 cecidit,
595 825 687 883 fretus
710 826 873 884 autoritate
892 825 1008 905 impiis·

85 907 156 966 simi
177 906 257 965 illius
280 905 392 984 angeli,
414 907 563 966 eiusmodi
586 905 686 967 studia
708 907 876 986 probantis.
908 919 914 933 ·
1085 973 1097 996 ·

172 989 302 1068 Accepit
323 1000 424 1048 autam
448 989 564 1048 clavem
588 991 670 1068 putei
700 990 804 1069 abyssi
827 998 858 1049 et
879 995 1008 1071 aperuit,

87 1072 254 1150 eduxitque
275 1072 364 1130 uobis
388 1079 537 1131 mortuam
565 1072 741 1132 iamdudum
771 1091 810 1133 ac
832 1073 1008 1134 damnatam

88 1173 144 1234 per
165 1155 349 1234 Apostolum
372 1154 614 1235 philosophiam,
642 1163 673 1214 et
701 1154 771 1214 inde
797 1159 938 1216 ascendit
965 1158 1007 1217 su·

87 1256 156 1296 mus
178 1238 263 1296 istius
286 1238 379 1315 putei,
402 1236 432 1295 id
462 1247 523 1313 est,
555 1256 638 1296 mera
664 1237 757 1297 verba
784 1247 814 1297 et
844 1241 1006 1318 opiniones
1046 1295 1048 1309 ,

88 1320 261 1380 Aristotelis
284 1338 321 1379 ac
349 1319 617 1399 philosophorum,
645 1323 724 1380 siout
745 1323 845 1379 fumus
873 1325 1007 1383 lbrnacis

87 1421 228 1482 maguae.
270 1401 402 1462 lnvaluit
430 1406 509 1462 enim
546 1411 577 1463 et
608 1404 670 1463 late
702 1412 812 1482 potens
849 1405 928 1464 lacta
960 1415 1007 1466 cst

87 1485 294 1564 philosophia,
317 1494 349 1543 ut
371 1485 492 1545 Christo
517 1487 712 1547 Aristotelem
737 1489 890 1565 aequarit,
914 1507 1006 1566 quan·

88 1580 150 1628 turn
173 1568 212 1628 ad
235 1570 428 1628 autoritatem
451 1577 482 1628 et
503 1568 593 1628 fidem
616 1571 755 1649 pertinet.
799 1569 1006 1632 Hincobscu·

85 1661 169 1710 ratus
192 1651 239 1711 sol
268 1649 419 1732 (iustitiae
452 1659 482 1710 et
504 1654 639 1711 veritatis
667 1651 821 1734 Christus,
854 1673 910 1733 pro
945 1653 1006 1714 lide

87 1734 220 1794 inductis
243 1734 411 1794 moralibus
434 1735 604 1813 virtutibus,
626 1753 682 1814 pro
707 1737 834 1795 veritate
856 1737 1005 1816 opinioni·

86 1817 142 1876 bus
164 1814 319 1897 infinitis),
344 1825 373 1875 et
395 1835 447 1875 aer·
470 1817 613 1877 desumo
636 1819 737 1897 putei,
761 1826 791 1877 ut
819 1820 1018 1898 intelligatur¹

86 1918 147 1960 nou
170 1899 264 1958 fuisse
286 1900 361 1959 solis
383 1899 516 1979 eclipsis,
539 1900 592 1959 sed
616 1901 785 1960 obscuritas
808 1905 887 1962 aeris
905 1911 935 1961 st
956 1920 1003 1963 so·

84 1982 133 2058 lis,
156 2002 173 2041 e
195 1981 279 2041 fumo
300 1983 408 2041 inferni
440 1982 642 2063 ascendente,
677 1985 736 2044 hoc
769 1991 832 2062 est,
865 1985 1004 2045 humanis

86 2066 232 2126 doctrinis
255 2065 407 2124 Christum
431 2074 461 2125 et
490 2065 581 2126 fidem
604 2068 669 2126 eius
696 2077 792 2146 (quae
823 2077 870 2127 est
895 2087 948 2128 aer
975 2079 1005 2129 et

84 2145 225 2228 spiritus)
250 2147 494 2214 obscurantibus.
538 2149 577 2208 Et
598 2169 638 2210 ex
665 2150 748 2210 inmo
771 2152 853 2229 putei
866 2153 1006 2212 exierunt

86 2232 225 2292 locustae
247 2232 278 2289 in
300 2240 420 2290 terram.
463 2231 520 2290 Hic
542 2239 588 2290 est
611 2233 742 2312 populus
757 2233 1004 2314 Universitatum,

85 2335 101 2374 e
124 2313 320 2392 philosophia
343 2320 442 2389 uatus,
464 2316 623 2393 aptissimo
646 2318 771 2375 nomine
794 2317 931 2377 locustae
952 2338 1003 2378 vo·
1052 2355 1053 2358 =

84 2407 181 2477 catus,
204 2395 286 2475 quod
310 2397 376 2455 sine
396 2415 470 2476 rege
493 2396 651 2479 (Christo)
677 2402 717 2457 sit
735 2407 766 2457 et
782 2403 935 2460 turmatim
950 2420 1002 2461 vo-

84 2482 135 2557 let,
158 2488 190 2538 ut
212 2478 356 2541 Proverb.
373 2481 401 2543 3.
424 2480 511 2539 dicit:
536 2479 652 2539 Deinde
674 2489 796 2541 vastant
819 2491 850 2542 et
872 2492 1003 2545 exurunt

83 2564 187 2622 omnia
209 2563 348 2639 virentia,
372 2579 432 2640 qua
462 2571 549 2642 parte
571 2564 780 2642 consederint,
811 2574 844 2623 ut
866 2567 937 2626 inde
959 2569 1001 2628 lo·

83 2653 189 2705 austae
210 2664 229 2704 a
251 2644 321 2704 loco
345 2654 413 2705 usto
436 2653 467 2704 et
497 2654 616 2706 vastato
640 2665 752 2706 nomen
781 2656 925 2726 putentur
952 2651 1003 2710 ha-

85 2731 155 2788 bere
188 2727 412 2788 Grammaticis.
464 2727 510 2788 lta
542 2729 591 2787 hic
619 2730 751 2809 populus
779 2733 879 2790 exurit
905 2741 1001 2792 toturn

82 2812 153 2872 illud
179 2830 230 2870 ver
252 2829 400 2890 pascuum
423 2810 544 2889 Christi,
566 2812 665 2889 idest,
687 2816 816 2872 linctum
840 2813 919 2873 fidei.
963 2815 1003 2876 Et

84 2895 152 2956 data
176 2900 224 2954 est
244 2894 302 2953 illis
325 2901 473 2972 potestas,
496 2895 575 2954 siout
595 2896 708 2956 habent
722 2905 906 2976 potestatem
919 2916 1000 2958 scor-

82 2980 189 3057 piones
212 2983 321 3053 terrae,
347 2977 463 3036 scilicet
482 2978 688 3039 vulnerandae
700 2982 918 3054 conscientiae,
931 2983 1001 3059 quia

83 3068 201 3122 vastato
225 3078 320 3119 verno
343 3058 414 3119 fidei
437 3060 551 3137 fructu,
574 3081 653 3140 quae
674 3071 764 3121 sanat
785 3066 1000 3140 conscientias,

81 3164 141 3205 non
165 3150 267 3224 potest
290 3161 352 3202 non
381 3142 460 3203 laedi
495 3147 690 3205 conscientia.
737 3145 775 3204 Et
802 3156 1000 3227 praeceptum

81 3237 126 3288 est
148 3229 225 3298 illis,
248 3244 287 3285 ne
309 3226 465 3286 laederent
493 3229 616 3288 foenum
640 3238 753 3305 terrae,
780 3247 880 3308 neque
908 3248 1001 3292 omno

82 3311 175 3370 viride
200 3327 300 3386 neque
323 3328 445 3369 omnem
469 3312 620 3388 arborem,
643 3313 672 3372 id
688 3319 744 3392 est,
760 3311 914 3388 electosl)
940 3315 1000 3374 lae·

81 3395 196 3454 derent.
239 3391 310 3452 Non
333 3394 413 3452 enim
437 3411 545 3454 omnes
575 3395 714 3471 laedunt,
743 3412 842 3474 neque
863 3396 1001 3458 locustae

80 3476 234 3538 naturales
257 3494 349 3536 omne
372 3475 468 3536 viride
492 3477 624 3558 laedunt,
648 3478 701 3538 sed
724 3487 838 3538 certum
868 3480 999 3559 aliquem

152 3749 178 3813 i)
197 3742 229 3798 in
249 3745 291 3800 ad.
308 3744 382 3800 len:
401 3761 436 3798 ne
454 3745 567 3800 electos.
