2392 4170
140 244 204 319 352
408 342 411 347 Ι
450 245 585 306 Devotis
602 246 764 306 massua·

142 424 196 479 sut
217 422 339 495 castus,
360 415 415 475 sed
438 414 629 475 Christianus
657 415 835 477 salvabitur.
877 411 912 473 lu
942 410 1065 473 Christo

141 512 244 561 autem
260 498 367 577 'neque
398 499 550 557 masculus
583 516 684 577 neque
712 498 848 575 femina,
881 499 924 556 ita
962 514 1066 575 neque

144 586 232 663 virgo
255 602 356 661 neque
370 600 459 660 uxor,
481 592 512 640 et
522 583 645 658 similia,
667 601 727 641 una
744 596 847 642 autem
860 580 948 658 litlcs,
970 599 1065 639 unum

144 667 316 746 baptisma,
350 685 427 725 unus
459 664 620 726 Dominus.
678 664 719 724 Et
756 667 808 725 ubi
844 665 1065 743 spiritus-nou

143 749 273 828 affuerit,
296 747 487 827 impossibile
520 758 567 806 est
588 750 760 807 castitatem
792 767 855 807 nou
878 765 950 806 esse
971 747 1067 826 impie

144 842 175 893 et
207 840 312 892 votam
342 844 374 891 et
401 838 566 892 servatam.
617 830 721 891 Credit
748 832 830 891 enim
859 848 976 890 vovens
1005 830 1068 889 hoc

144 934 239 996 opere
261 915 411 975 castitatis
439 933 509 973 sese
544 914 667 994 placere
697 915 785 992 Deo,
820 933 889 974 cum
917 913 1066 992 scriptum

144 1001 184 1058 sit
199 999 247 1072 *);
257 997 453 1077 Impossibile
468 1000 590 1058 estsine
600 997 662 1058 lide
674 1000 798 1077 placere
810 997 891 1059 Deo.
921 995 1067 1074 Proinde,

144 1083 195 1161 qni
217 1082 276 1140 hac
298 1083 445 1160 opinione
467 1083 640 1140 castitatem
663 1093 772 1155 vovet,
802 1081 876 1142 nihil
900 1087 1013 1156 voret,
1035 1088 1068 1138 et

144 1165 272 1225 liberum
305 1164 399 1223 habet
430 1170 534 1223 votnm
571 1184 632 1223 non
661 1166 798 1243 implere.
847 1165 889 1223 At
914 1163 966 1241 qui
994 1164 1067 1235 siut,

144 1249 195 1326 qui
219 1249 277 1307 hac
300 1249 446 1326 opinione
473 1251 633 1326 voverint,
662 1266 722 1307 uon
746 1256 849 1327 potest
871 1247 939 1305 ullis
963 1247 1067 1305 verbis

144 1330 273 1406 deliniri,
295 1330 350 1388 aed
367 1332 514 1408 cuiusque
527 1332 736 1391 conscientiae
748 1331 935 1409 relinquitur.
974 1327 1066 1404 Quod

145 1424 246 1474 autem
270 1412 388 1473 definiri
411 1433 474 1472 non
496 1422 610 1492 potest,
637 1414 753 1473 iaciunt
779 1415 915 1493 pericula
937 1413 1065 1472 istorum

145 1506 332 1576 temporum,
355 1515 435 1575 quae
458 1496 568 1556 Paulus
591 1498 755 1576 praedixit.
798 1498 902 1557 Posita
932 1503 1005 1554 sunt
1034 1497 1065 1554 in

144 1584 246 1659 capite
267 1582 367 1639 omnis
391 1581 458 1639 viae
480 1580 627 1639 scandala
649 1592 680 1639 et
695 1583 831 1659 pericula
854 1579 1000 1639 laudatae
1010 1581 1066 1639 vir·

144 1663 301 1742 ginitatis,
330 1664 434 1722 iactati
459 1664 521 1722 voti
544 1666 767 1739 continentiae,
798 1661 941 1742 exempla
970 1663 1067 1724 Sanc·

145 1756 255 1824 torum,
277 1747 308 1805 in
331 1764 410 1824 quaa
426 1746 562 1825 proclive
584 1756 632 1806 est
643 1767 730 1806 ruere
743 1747 911 1826 simplicem
935 1747 1066 1824 turbam,

144 1836 177 1889 et
196 1830 267 1888 (lum
289 1829 483 1909 evangelium
500 1849 537 1889 ac
554 1829 630 1889 fides
652 1830 752 1908 silent,
773 1829 1007 1910 apprehendere
1024 1827 1065 1905 itl,

145 1912 227 1992 quod
252 1912 392 1972 laudatur
420 1922 451 1971 et
480 1915 677 1992 proponitur,
714 1922 746 1973 et
773 1915 869 1973 sicin
893 1933 990 1993 opera
1013 1915 1065 1973 niti

145 2003 177 2056 et
209 1997 318 2076 perire.
362 1995 491 2055 Rursum
522 1995 586 2055 lieri
616 2007 740 2076 potest,
770 2006 802 2057 ut
831 1997 923 2075 aliqui
958 1997 1066 2075 spiritu

143 2078 215 2138 fidei
239 2079 317 2138 haec
338 2078 570 2157 apprehendant
593 2082 668 2139 citra
684 2081 863 2139 scandalum
886 2091 916 2140 et
938 2081 1067 2142 feliciter

144 2163 309 2241 impleant,
342 2175 373 2221 ut
406 2162 444 2220 dc
474 2161 592 2221 Sanctis
627 2165 787 2223 credimus.
832 2164 870 2222 Et
905 2184 973 2224 cum
1009 2165 1065 2225 hos

145 2265 206 2305 non
231 2245 322 2304 liceat
344 2244 490 2303 damnare
514 2265 571 2305 nec
592 2246 661 2304 illos
686 2247 829 2320 laudare,
853 2247 905 2321 tit,
931 2258 964 2306 ut
987 2251 1065 2327 peri-

145 2328 252 2387 culosa
279 2329 340 2386 sitit
367 2330 486 2401 omnia,
521 2338 551 2387 et
580 2330 653 2388 nihil
686 2332 784 2409 possit
821 2340 904 2390 certo
938 2330 1065 2392 definiri.

146 2410 178 2472 Si
212 2429 284 2469 vero
315 2409 517 2489 Evangeliutn
559 2413 657 2471 solunt
689 2426 831 2492 regnaret
866 2425 895 2473 et
924 2425 1065 2474 votorum

143 2495 221 2553 retia
242 2514 303 2552 non
328 2505 440 2572 esseut,
464 2513 522 2553 neo
544 2496 678 2574 pericula
702 2499 812 2571 terent,
836 2516 891 2558 nec
916 2517 995 2575 opus
1018 2498 1067 2558 de·

143 2575 315 2656 finitione¹)
339 2579 411 2651 ista,
438 2596 505 2635 cum
530 2598 637 2637 omnes
661 2581 787 2657 scireut,
812 2598 872 2638 tion
898 2590 988 2658 voto,
1012 2580 1065 2641 sed

145 2660 239 2720 libere
262 2679 329 2719 esse
347 2662 517 2719 castitatem
542 2662 735 2741 servandam,
759 2682 816 2721 nec
838 2664 988 2743 inopere,
1012 2663 1064 2724 sed

144 2746 174 2803 in
204 2743 324 2803 Christo
355 2744 621 2820 praesumendum.
665 2743 774 2822 Nunc,
808 2747 859 2823 qui
887 2749 1074 2824 praesumit,

145 2836 330 2906 praesumat,
353 2830 402 2904 qui
423 2846 484 2886 non
510 2829 686 2906 praesumit,
708 2848 768 2888 non
789 2838 973 2908 praesumat,
994 2829 1064 2909 quid

144 2928 307 2988 possumus
329 2909 458 2988 amplius
486 2910 605 2988 dicere,
629 2912 728 2971 donec
755 2911 901 2971 scandala
930 2923 961 2972 et
991 2914 1066 2992 peri-

144 2994 212 3052 cula
235 3012 337 3051 rursus
360 2993 504 3051 tollantur
525 2994 563 3052 de
585 3014 681 3073 regno
706 2992 839 3055 Christi?

227 3074 287 3135 Sed
311 3075 455 3135 obiiciant
477 3076 555 3135 forte
579 3077 651 3136 milri
675 3077 746 3136 illud
761 3078 842 3136 osai.
866 3081 915 3153 att,
940 3079 989 3138 ubi
1004 3081 1064 3140 Do·

147 3158 244 3216 miuus
278 3159 423 3236 promittit
458 3161 604 3219 eunuchis
630 3162 731 3220 locum
764 3171 794 3219 et
823 3179 934 3220 nomen
958 3163 1068 3222 melius

143 3242 174 3299 in
198 3239 292 3301 domo
316 3260 371 3300 sua
393 3262 410 3300 a
433 3240 503 3301 liliis
526 3255 556 3302 et
577 3242 707 3304 filiabus.
754 3244 880 3303 Videtur
911 3264 986 3325 ergo
1012 3247 1067 3306 vir·

144 3324 262 3402 ginitati
285 3332 315 3383 et
338 3326 468 3384 castitati
494 3326 601 3384 melius
626 3329 763 3386 meritum
788 3328 886 3406 tribui,
910 3347 1003 3406 quarn
1019 3349 1066 3389 oe·

145 3407 217 3465 teria
252 3406 413 3482 fidelibus,
450 3427 487 3466 ac
518 3428 578 3467 non
612 3412 705 3468 solius
739 3410 809 3469 fidei
843 3431 912 3470 esse
949 3415 1068 3473 merita.

144 3488 347 3568 Respondco:
390 3490 447 3549 Hic
476 3492 560 3550 locus
596 3491 674 3551 idem
710 3494 798 3567 vult,
836 3493 918 3571 quod
954 3495 1067 3555 Paulus

145 3576 173 3637 ’1.
199 3572 333 3633 Corinth.
357 3577 386 3652 7,
409 3576 459 3651 qui
483 3586 513 3632 et
535 3576 600 3653 ipse
619 3575 702 3652 dicit,
728 3576 839 3635 bonum
856 3597 925 3637 esse
950 3580 994 3639 sio
1013 3579 1067 3639 ho-

146 3693 209 3700 ——-
217 3694 224 3699 .
231 3692 387 3699 ...---—-—-
395 3693 533 3701 ----——-—

215 3742 242 3812 ⁸)
262 3740 361 3798 librae.
383 3745 424 3798 ll.
464 3744 494 3813 1)
514 3744 545 3799 ln
564 3745 606 3801 ed.
626 3745 731 3814 priora:
751 3741 928 3815 diffinitione.
