2392 4170
132 226 197 297 stt
334 169 859 309 oonuanmrnumsgmnngnm

134 396 222 463 diruit:
264 396 354 464 Unus
373 399 474 478 diost,
496 402 590 463 osteri
612 401 762 481 iudieeut‚
786 398 919 483 quodsi
940 396 1059 461 sedenti

132 483 301 546 revelatam
321 484 422 560 tuerit,
442 483 527 564 prior
542 492 653 566 taoeat,
676 503 779 546 nonne
801 491 833 547 et
852 482 1058 545 bioiudioium

133 586 229 647 panes
251 567 422 631 auditorem
443 586 514 629 ease
544 569 632 630 vult?
672 567 727 633 Sis
752 565 898 650 quidquid
922 565 1061 641 cbristus

133 649 242 713 Matth.
264 651 305 715 24
336 655 368 713 et
387 650 501 732 ubique
522 650 562 713 de
581 652 667 715 talaia
689 652 883 727 doctoribus,
911 648 1060 733 quidquid

134 734 240 794 Petrus
270 740 303 795 st
323 735 438 797 Paulus
465 734 505 796 de
529 735 614 797 falsis
641 737 808 817 apostolis,
836 734 1004 815 magistris,
1029 738 1062 795 et

133 816 287 879 lohannes
301 816 337 899 *)
362 817 401 879 ds
422 818 590 905 probandis
611 820 767 900 spiritibus
788 818 1000 902 praeeminet,
1021 835 1060 879 eo

133 901 275 981 pertinet,
296 909 331 963 nt
350 900 516 979 iudioandi‚
538 901 700 985 probandi,
722 900 887 966 damnandi
910 901 1061 969 autoritas

134 982 216 1063 apud
238 984 385 1066 populum
408 986 458 1066 sit,
479 984 572 1066 idque
592 987 767 1055 iustissime.

216 1064 296 1129 Nam
317 1071 528 1149 uuusquisque
554 1090 611 1133 suo
640 1073 778 1154 perieulo
800 1078 882 1133 reate
904 1076 959 1132 ant
981 1068 1062 1131 talos

134 1147 246 1230 eredit,
279 1151 414 1233 ideoque
445 1155 558 1233 auique
593 1174 650 1236 pro
681 1176 716 1217 se
741 1155 908 1218 or‘rraudum
931 1159 997 1232 eet,
1027 1159 1061 1215 ut

132 1239 217 1295 reste
237 1234 361 1316 eredat,
395 1242 429 1297 nt
448 1238 541 1299 etism
562 1240 734 1301 eommunis
764 1258 872 1301 sensus
900 1244 932 1298 et
952 1237 1061 1299 salutis

134 1318 303 1380 necessitas
323 1325 432 1401 urgeat
457 1320 633 1385 necessario
658 1323 803 1385 indisium
826 1323 988 1383 doetrinae
1011 1339 1060 1401 pe

132 1419 189 1461 nea
226 1401 397 1466 auditorem
436 1423 515 1468 esse.
560 1405 685 1488 Alioqui
716 1408 827 1469 frustm
856 1403 969 1467 dieitur
983 1404 1060 1479 **);

133 1482 245 1546 Omnia
279 1486 427 1570 probate,
460 1489 543 1569 quod
581 1490 695 1553 bonnm
717 1498 765 1552 est
800 1496 914 1568 tenete,
946 1496 982 1549 et
1006 1489 1061 1557 ite·

132 1566 308 1659 rutu“*):
350 1571 522 1656 spiritualis
546 1575 651 1636 omnia
684 1574 799 1637 iudinat
820 1580 852 1635 et
882 1592 902 1632 a
936 1572 1061 1633 nemina

125 1655 294 1737 iudicatur.
336 1657 378 1721 At
410 1657 537 1737 quilibet
557 1656 748 1720 Christianus
781 1665 828 1719 est
853 1655 1061 1737 spiritualius

133 1743 241 1824 spiritu
254 1740 375 1804 (ibristi.
405 1740 518 1804 Omnia
528 1749 641 1817 vestra,
662 1741 823 1826 inquit†)‚
845 1742 913 1807 sire
934 1738 1061 1821 Apollo,

133 1828 200 1888 sive
221 1825 343 1907 Paulus,
366 1827 431 1886 sive
453 1822 585 1905 cephas,
608 1825 639 1886 id
662 1833 728 1908 est,
753 1826 791 1886 ds
813 1825 949 1888 omnium
973 1822 1060 1884 diotis

134 1918 167 1972 et
186 1910 275 1973 lautis
293 1906 450 1970 iudioaudi
471 1910 519 1969 ius
540 1908 671 1971 habetis.

215 1992 262 2055 ‘l'u
284 2012 366 2054 nuno
386 1990 472 2067 vids,
506 1993 594 2053 ouius
625 1993 748 2074 spiritus
777 1990 888 2050 tuerint
909 1988 1060 2071 saanlega

133 2076 186 2139 illa
214 2085 245 2139 et
273 2075 480 2138 abominanda
503 2075 658 2154 Consilia,
694 2093 772 2155 quae
799 2072 947 2134 adversus
976 2078 1060 2134 tauta

134 2160 226 2222 totins
249 2159 424 2241 Scripturas
445 2159 572 2219 fulmina
593 2160 864 2239 apertissimasque
891 2157 1059 2217 sententiaa

134 2264 209 2307 ausa
232 2249 302 2304 suut
324 2243 382 2303 sibi
404 2241 603 2303 Pontificibus
625 2261 770 2322 arrogare
791 2242 837 2300 ius
852 2239 1011 2300 iudicandi
1032 2246 1060 2297 et

134 2326 363 2408 eognosoendi,
395 2328 520 2405 insuper
555 2335 585 2386 at
625 2323 794 2405 imperandi
827 2330 857 2384 et
894 2320 1059 2385 uendendi.

134 2410 261 2490 Absque
294 2408 387 2470 dubio
416 2409 550 2471 Satanae
581 2411 659 2469 istae
691 2409 812 2469 fuerunt
842 2408 1059 2486 cogitationes,

133 2493 459 2640 ddbbdisuddiodddrfflin
476 2491 1061 2647 11ἱῖἏόξζίξοῐὲρεθτᾞᾙῗθθεεῐῗὲἓείυξὲ

133 2659 295 2743 tyrannide
309 2657 357 2735 ¹),
389 2665 552 2739 postquam
576 2659 692 2740 populo
715 2665 820 2738 erepta
844 2664 890 2716 est
912 2657 1059 2717 autoritas

54 2740 58 2747 ’
132 2742 297 2823 iudicandi,
321 2761 411 2822 quam
434 2761 546 2823 pavere
569 2752 752 2823 angerentur
772 2740 840 2800 talsi
864 2738 1010 2800 dootores
1033 2744 1061 2797 et

132 2827 286 2909 patetaota
308 2827 359 2886 via
389 2845 445 2906 per
466 2825 609 2886 stolidam
628 2825 734 2907 populi
756 2823 1060 2903 superstitiosamque

133 2910 340 2974 obedientiam
378 2915 409 2969 et
439 2909 632 2991 patientiam,
666 2909 814 2968 universis
845 2905 1001 2967 erroribus
1032 2909 1061 2965 et

132 2991 414 3056 abominationibus
437 2993 579 3054 irruendi.

214 3077 254 3138 m
277 3081 308 3136 ut
331 3075 382 3136 hia
404 3072 602 3137 meiHenrioi
624 3081 655 3136 et
672 3074 884 3155 Sophistarum
908 3071 1061 3148 reoorder,

133 3161 183 3240 qui
207 3179 226 3220 a
248 3158 439 3237 longitudine
453 3166 624 3239 temporum
648 3155 882 3218 etmultitudine
904 3154 1061 3215 hominum

132 3242 270 3324 pendent
293 3238 440 3302 oum'sua
460 3240 531 3304 fide.
575 3242 707 3302 Primum
726 3258 840 3320 negare
862 3257 926 3299 nou
948 3245 1061 3318 potest,

131 3326 220 3387 hulus
242 3326 320 3406 rapti
342 3325 415 3385 iuris
447 3324 639 3406 tyrannidem
675 3324 753 3385 ultra
783 3321 865 3383 mille
887 3340 990 3384 annos
1011 3321 1060 3381 du·

129 3427 227 3483 rasso,
249 3428 321 3469 nam
343 3409 374 3469 iu
403 3409 473 3489 ipso
495 3407 636 3470 Oouoilio
659 3408 794 3487 Nioeno,
825 3406 963 3466 omnium
987 3405 1060 3487 opti·

203 3623 229 3692 ²⁸)
250 3626 276 3680 1.
294 3621 391 3678 Iobau.
409 3625 434 3680 4.
473 3621 523 3694 ·*)
546 3624 570 3679 1.
589 3622 716 3681 Thessal.
737 3624 762 3678 5.
800 3619 869 3691 W)
889 3621 916 3679 2.
936 3616 1059 3676 Corinth.

131 3695 157 3754 2.
194 3695 228 3766 †l
249 3697 274 3753 1.
294 3693 417 3755 Corinth.
436 3697 462 3754 3.
509 3695 740 3767 1)1neo.1an.:
766 3693 1002 3765 seourtsstmaqus
1017 3698 1059 3764 ty-

132 3766 260 3845 renuide.
