2392 4170
131 238 174 311 {10
391 238 437 308 De
454 237 534 309 Cant,
549 238 648 308 Bsbyl.
667 238 808 301 Ecclesine

132 394 214 465 eliud
237 399 285 455 cet
312 395 411 465 oratio
446 412 536 472 quem
568 395 670 463 misse.
720 393 898 454 Orationem
931 410 1058 473 possum

132 477 299 541 extendere
320 478 350 538 iu
374 482 526 557 quotquot
548 478 691 552 voluero,
719 478 842 536 missam
865 495 957 543 nemo
979 477 1060 537 coci-

132 563 193 642 pit,
215 561 273 631 nisi
295 561 346 641 qui
369 562 600 641 perseipsum
623 559 733 638 credit,
756 569 787 625 et
810 567 943 633 tansum,
965 578 1060 639 qusu-

50 654 53 660 ’
132 651 196 705 tum
218 642 331 724 credit,
353 663 413 715 nec
433 651 536 724 potest
558 643 639 720 dari,
667 644 733 718 eive
755 643 821 709 Deo
845 643 910 705 sive
931 642 1061 704 homini·

132 727 199 805 bus,
211 727 265 787 sed
279 727 362 787 solus
373 727 457 799 Dens
469 746 523 807 per
536 728 737 792 ministerium
747 713 915 795 sacerdotis
928 724 980 787 dat
990 744 1060 787 sem

133 810 318 890 homiuibus,
341 812 392 890 qui
404 811 560 889 accipiunt
570 829 637 870 eam
651 808 711 869 fids
728 809 805 886 sole,
827 810 893 869 eine
907 808 976 875 ullis
988 827 1061 888 ope·

132 893 225 970 ribus,
238 892 297 953 cut'
313 895 437 957 meritis.
459 893 568 972 Neque
583 895 662 953 euim
678 892 755 961 nlius
764 890 877 959 audeat
889 899 1005 959 tautum
1017 893 1061 953 iur

40 998 46 1013 ·
135 978 246 1051 sauine,
268 983 301 1037 ut
323 976 405 1039 dicet
425 976 538 1037 bonum
562 995 641 1056 opus
652 976 754 1035 fecere
769 994 848 1051 eum,
871 976 922 1053 qui
944 992 1062 1054 paupe}

44 1099 51 1125 t
132 1067 165 1120 et
185 1059 326 1140 indigens
348 1061 440 1134 venit,
464 1068 644 1139 accepturus
667 1058 704 1118 de
727 1077 819 1127 mann
840 1058 943 1128 dinitis
964 1059 1061 1121 bene„

133 1142 246 1215 ficium,
289 1144 334 1209 At
352 1145 446 1203 missa
469 1146 521 1219 (ut
543 1143 623 1216 dixi)
650 1139 831 1210 beneficium
859 1149 906 1208 est
933 1142 1062 1221 promis-

135 1227 232 1297 sionis
255 1225 387 1304 divinos,
409 1246 462 1306 per
487 1245 610 1295 menum
628 1224 822 1295 secerdotum
845 1224 986 1295 omnibus
1008 1224 1062 1287 ho·

135 1307 265 1376 minibus
288 1309 465 1377 exhibitum.
509 1309 564 1377 Est
586 1326 659 1388 ergo
684 1315 815 1378 certum,
845 1310 968 1369 missam
998 1326 1062 1369 nou

135 1412 203 1461 esse
232 1411 310 1471 opus
340 1392 408 1460 eliis¹
438 1391 708 1471 communicabile,
742 1390 795 1451 sed
826 1390 978 1461 obiectum
1012 1391 1064 1468 (ut

135 1475 260 1554 dicitur)
291 1474 379 1552 fidei,
407 1475 551 1555 propriae
579 1476 725 1553 cuiusque
753 1473 882 1535 alendae
911 1480 942 1534 et
972 1473 1063 1535 robo-

133 1557 258 1620 rendae.

217 1641 282 1700 lam
320 1647 351 1701 et
383 1640 512 1701 alterurn
545 1639 726 1709 scandulum
765 1639 969 1707 amovendum
1006 1646 1063 1719 est,

134 1723 217 1805 quod
242 1724 336 1793 multo
360 1723 504 1803 grandius
528 1730 626 1791 estet
650 1724 927 1803 speciosissimum,
950 1721 982 1787 id
1004 1728 1062 1801 est¹

136 1806 219 1888 quod
242 1807 337 1867 missu
357 1806 490 1876 creditur
511 1809 626 1886 passim
656 1825 725 1873 esse
753 1804 951 1884 sacrificium,
980 1804 1064 1885 quod

58 1893 63 1905 '
135 1890 260 1952 offertur
281 1890 366 1970 Dec,
393 1892 423 1949 in
446 1908 538 1968 quam
561 1890 736 1969 opinionem
760 1896 789 1948 et
819 1890 912 1950 verbo
935 1890 1064 1956 cononis

136 1992 249 2035 sonare
270 1974 420 2050 videntur,
444 1971 493 2032 ubi
517 1972 640 2033 dicitur:
671 1972 756 2032 Haeo
777 1970 873 2049 done,
901 1971 979 2034 hooc
1001 1992 1063 2037 mu·

135 2075 225 2136 nere,
251 2058 330 2117 haec
350 2062 458 2116 sancto
486 2055 654 2131 sacrificis3
687 2062 717 2114 et
745 2054 836 2115 infra:
865 2055 954 2121 Hauc
981 2055 1065 2123 obis·

136 2142 262 2205 tionem.
305 2139 381 2199 Item
404 2139 571 2198 clarissime
593 2138 776 2218 postuletur,
798 2144 831 2199 ut
852 2138 1012 2216 acceptum
1025 2139 1065 2201 sit

136 2222 420 2293 sucrificiumsinut
448 2220 629 2287 sacrificinm
649 2220 748 2288 Hebel
775 2229 833 2292 etc,
883 2221 958 2289 Inde
981 2221 1064 2291 Obri-

136 2313 201 2367 stus
230 2306 331 2367 hostia
360 2304 463 2375 alteris
496 2305 613 2364 dicitur.
657 2303 818 2369 Accedunt
846 2305 892 2364 his
921 2304 1005 2373 dicte
1034 2303 1065 2368 fl.

138 2389 273 2469 Petrum,
295 2394 341 2450 tot
363 2386 506 2467 exempla
527 2394 691 2467 tentusque
713 2407 786 2448 usus
809 2407 863 2467 per
876 2387 1066 2451 orbemoon·

136 2479 254 2533 stanter
275 2471 466 2532 observatus.

221 2555 276 2617 His
313 2553 470 2631 omnibus,
502 2554 573 2632 quia
595 2555 837 2633 pertinacissime
877 2553 1066 2636 insederunt,

138 2629 261 2722 oportet
281 2637 529 2710 constantissime
551 2655 708 2716 opponere
731 2637 826 2703 verbu
845 2638 1068 2717 etexemptum

138 2721 259 2789 obusti,
301 2719 368 2789 Nisi
396 2721 476 2791 enim
499 2722 624 2780 missam
653 2720 872 2789 obtinuerimus
901 2740 969 2785 esse
997 2738 1068 2800 pro·

138 2805 316 2873 missionem
339 2802 460 2881 Christi,
482 2822 535 2863 seu
559 2810 790 2877 testamentum,
813 2811 845 2863 ut
868 2802 962 2872 verbo
983 2803 1068 2871 clero

137 2895 266 2965 sonant,
299 2891 396 2953 totum
429 2887 623 2966 evangelium
655 2892 686 2948 et
719 2888 892 2949 universum
922 2885 1067 2949 solatium

139 2971 315 3041 omittimus.
373 2969 454 3036 Nihil
485 2978 592 3030 contre
624 2971 702 3030 haec
733 2969 826 3029 verbs
853 2971 1068 3050 permittemus

139 3053 328 3133 praevalere,
350 3054 479 3115 etiamsi
492 3054 619 3132 angelus
641 3052 680 3114 de
702 3052 791 3112 coeio
813 3052 894 3113 uliud
919 3052 1067 3116 docuerit.

138 3135 220 3209 Nihil
243 3137 323 3196 enim
346 3135 384 3196 de
407 3154 500 3216 opere
524 3136 571 3195 vel
593 3134 742 3195 sacrificio
764 3137 795 3194 iu
810 3135 869 3197 illis
883 3137 1068 3199 continetur.

138 3219 260 3287 Deinde
282 3225 314 3280 et
341 3220 515 3299 exemplum
538 3218 648 3279 Christi
676 3237 732 3297 pro
763 3217 852 3279 nobis
884 3225 955 3282 etet.
993 3219 1067 3285 Non

138 3303 220 3363 enim
243 3301 380 3363 Christus
405 3303 433 3361 in
465 3320 564 3363 coena
592 3303 775 3379 novissime,
805 3321 873 3362 cum
895 3303 1071 3369 institueret

139 3386 199 3446 hoc
220 3393 445 3460 sacramentum
475 3390 506 3447 et
535 3383 681 3445 conderet
710 3392 943 3462 testamentum,
965 3387 1070 3461 ipsurn

140 3468 251 3545 obtulit
270 3470 337 3530 Deo
356 3469 451 3545 Patri,
473 3475 526 3528 out
550 3476 581 3529 ut
605 3486 682 3547 opus
706 3468 818 3528 bonum
842 3488 899 3549 pro
921 3468 1070 3550 eliisper·

139 3553 222 3632 fecit,
244 3553 352 3614 sedin
376 3570 483 3621 mense
504 3550 614 3611 sedens
636 3552 764 3631 singulis
794 3551 874 3613 idem
904 3559 1069 3617 testemen-

140 3643 203 3696 tum
236 3636 408 3716 proposuit,
444 3641 474 3694 et
509 3635 630 3713 signum
665 3634 812 3697 exhibuit,
872 3635 934 3696 ium
973 3637 1069 3697 misse

139 3727 255 3800 quanto
278 3720 407 3780 vicinior
428 3724 460 3777 et
488 3717 616 3779 similior
644 3719 761 3798 primae
783 3719 919 3805 omnium
942 3721 1068 3802 missae,
1098 3756 1101 3761 ·
