2392 4170
433 255 710 344 autumnus.
993 255 1057 326 303

135 419 462 502 oporibus‘attigerint
483 421 531 482 rel
555 420 707 484 doluerint
729 437 800 481 sesa
822 438 886 482 non
906 421 1056 502 attigisse,

133 513 167 566 ut
189 511 291 568 autem
312 505 466 567 Christsrm
489 511 520 566 et
541 525 637 586 opera
658 505 724 565 eius
744 504 776 565 in
788 502 849 565 ude
871 503 1005 567 habeant
1015 497 1056 589 ¹),

134 594 347 652 oontemnunt
391 589 418 651 0
440 587 624 651 horrendam
646 587 859 670 perditionem.

216 673 264 734 lta
286 673 382 753 vides,
408 679 442 734 ut
462 670 540 732 fidos
561 681 592 733 ot
613 675 742 752 primum
766 678 1057 752 praeseptum-stara

133 775 203 816 oum
227 755 369 819 dootrina
391 757 553 817 monastioi
575 757 640 816 voti
662 774 725 815 non
748 760 850 834 potaat
872 755 945 838 (nisi
967 756 1055 817 mira·

134 838 204 899 oulo
227 843 349 920 gratioe
371 839 469 917 Dei),
502 841 545 900 ita
572 859 630 900 neo
661 844 859 919 praeceptum
888 838 1054 899 seeundum

134 941 202 983 aum
229 925 295 984 aius
318 924 464 984 iuotantia
486 923 630 984 ettitulis.
674 921 750 982 Gom
774 922 855 982 enim
877 920 1055 983 solusGhri·

135 1013 199 1067 stus
215 1004 257 1089 *)-
277 1005 424 1067 asoaudst
445 1007 476 1066 in
500 1005 631 1086 coelom,
654 1005 704 1084 qui
727 1012 757 1064 at
779 1004 938 1087 deseendit
958 1012 990 1066 et
1008 1010 1056 1067 sat

134 1091 166 1150 in
188 1091 295 1166 noetis,
316 1089 508 1170 impossibile
529 1097 586 1163 est,
608 1095 640 1149 ut
661 1088 888 1167 Benedictinus,
910 1090 1055 1169 Augusti-

135 1175 254 1252 nisum,
276 1173 506 1252 Fraudisoanus,
530 1172 760 1252 Dominioanus,
783 1168 1005 1235 carthusianus
1025 1181 1056 1234 at

135 1258 183 1317 sui
205 1257 318 1318 similes
350 1259 380 1316 in
408 1257 529 1318 nostum
551 1254 728 1317 ascendant.
772 1251 871 1318 Omne
893 1257 973 1317 enim
996 1255 1057 1319 hoo

135 1341 294 1401 hominum
317 1341 427 1420 vulgus
450 1339 569 1400 coelum
592 1339 669 1419 polit
691 1337 882 1419 lampadibus
904 1339 1055 1420 inanibus,

134 1423 165 1483 id
188 1430 252 1504 ost,
289 1425 432 1504 operibus
454 1423 585 1502 propriis
616 1422 735 1484 staina
758 1423 902 1503 operibus
923 1426 1055 1505 propriis

135 1507 208 1589 nihil
230 1514 431 1587 praesumunt
449 1507 531 1586 apud
553 1506 668 1584 Deum,
699 1507 744 1565 sie
776 1507 858 1566 enim
881 1505 973 1568 donet
1000 1522 1056 1570 eos

134 1591 234 1651 formu
270 1592 353 1651 vitas
385 1598 416 1650 et
437 1591 504 1653 voti
534 1590 591 1650 sui.
634 1589 676 1649 At
697 1588 887 1651 Christianus
916 1591 1056 1653 aseendit
1139 1585 1150 1607 ⁸

137 1675 281 1756 operibus
304 1674 423 1754 alienia,
447 1691 558 1753 nempe
580 1671 701 1749 Christi,
717 1673 752 1732 in
773 1691 862 1752 quem
885 1671 1055 1754 baptisatus

136 1762 167 1820 st
187 1759 431 1839 transplantatus
459 1758 532 1818 sivit
564 1757 624 1816 iam
648 1774 710 1816 non
734 1756 816 1836 ipso,
837 1756 891 1817 ssd
916 1756 1056 1819 cbristus

135 1843 165 1901 in
188 1842 269 1921 ipso,
291 1841 488 1902 sanatifioasns
510 1840 538 1899 ai
559 1839 720 1900 sabbatum
732 1839 911 1919 plenissime
931 1839 1056 1922 ahops-

135 1922 219 1985 ribus
242 1925 305 1984 auis
322 1924 473 1986 omnibus.
517 1922 616 1998 Quam
631 1922 816 1983 horrendum
838 1931 885 1983 est
905 1925 996 2004 igitur
1017 1945 1056 1986 aa

134 2009 230 2069 teneri
253 2009 457 2086 oboedientis,
480 2025 542 2068 non
564 2025 657 2088 posse
679 2005 807 2083 salvari,
835 2007 892 2067 nisi
914 2007 1054 2070 ordinem

135 2100 218 2152 tuum
241 2093 380 2172 servaris,
402 2099 610 2172 pomsautem
627 2089 750 2171 salvari,
772 2091 797 2150 si
819 2090 1055 2172 servaveris²ll

133 2174 246 2235 Nonne
277 2174 327 2235 hio
359 2180 477 2235 tacetur
498 2173 640 2236 Christus
675 2173 779 2236 tutus?
821 2174 862 2235 At
883 2173 962 2235 haeo
983 2194 1054 2236 oon·

134 2258 265 2318 solantia
286 2276 439 2336 nusquam:
458 2266 550 2335 assat,
573 2258 675 2319 sirati
691 2258 862 2320 institutum
885 2277 946 2318 non
963 2268 1054 2338 esset

135 2358 218 2400 nuno
241 2346 341 2402 autam
372 2340 483 2421 ubiqus
512 2344 566 2403 eat.
609 2341 766 2420 Nusquam
793 2359 868 2422 ergo
892 2341 1054 2406 sabbatum

134 2430 275 2485 sanatum
299 2431 355 2503 est,
377 2423 431 2483 sed
452 2423 595 2503 impletor
616 2424 689 2485 illud
713 2424 791 2487 Psal.
805 2427 847 2491 74
858 2424 908 2504 ῆι
951 2425 1054 2489 Pollu·

134 2527 221 2570 amus
246 2526 352 2568 omues
376 2507 441 2567 dies
462 2507 557 2567 festos
580 2506 636 2566 Dei
657 2508 693 2567 in·
712 2516 802 2570 terra.
844 2508 890 2570 Tu
913 2511 991 2590 ride,
1014 2528 1053 2572 sn

131 2593 196 2653 hoo
216 2610 277 2652 non
301 2593 340 2652 sit
361 2588 445 2670 illud,
467 2589 550 2670 quod
572 2588 683 2650 Pontus
705 2589 794 2652 Rom.
811 2595 838 2656 2.
861 2590 950 2655 dioit:
994 2593 1052 2672 Qui

133 2675 325 2736 abominaris.
356 2673 455 2752 idola,
488 2672 684 2754 saerilegium
712 2674 802 2750 lasis,
835 2694 947 2738 nomen
971 2679 1053 2739 onim

135 2759 261 2820 Domini
285 2758 345 2839 'per
378 2774 433 2818 ros
455 2755 690 2837 blsaphematar
722 2758 756 2835 iu
770 2756 933 2821 vdentibus.
976 2760 1054 2838 Quis

133 2862 172 2903 ox
196 2843 340 2903 omnibus
361 2840 536 2902 bominibus
557 2841 653 2902 iaotat
674 2841 787 2901 uultum
810 2840 865 2902 Dei
890 2861 988 2923 saque
1009 2851 1053 2906 at

132 2945 194 3006 qne
215 2924 398 2987 monastici?
440 2924 538 2985 Nemo
560 2923 732 2986 idolatriam
746 2925 844 3004 magis
866 2935 1051 3010 exossantur,

132 3008 189 3070 aad
209 3028 284 3071 eoos
304 3008 446 3090 murilegi
469 3012 548 3071 sunt.
591 3006 682 3083 Quod
696 3026 815 3070 ssorum
827 3008 971 3090 rapiunt?
993 3011 1054 3073 hos

132 3094 316 3173 quaomnia
336 3090 573 3168 sanotiiloantur‚
594 3099 733 3153 sanetum
755 3110 869 3155 noman
881 3093 948 3155 Dei.
992 3092 1053 3156 No·

133 3196 202 3237 men
226 3178 307 3238 enim
331 3176 535 3237 Christianum
557 3176 770 3256 exstinguunt,
795 3184 827 3238 ot
847 3194 934 3238 suum
957 3184 1052 3239 statu·

132 3267 187 3322 nm
208 3262 238 3321 in
262 3262 327 3321 olus
349 3260 461 3341 locam,
484 3259 622 3322 volentos
645 3261 678 3320 in
697 3279 735 3322 so
757 3260 834 3322 solvi
856 3260 937 3340 flori,
969 3262 1051 3341 quod

131 3346 254 3406 insola
277 3344 402 3404 nomino
424 3343 536 3405 Christi
563 3342 629 3406 flori
651 3350 754 3426 potest
780 3352 812 3406 at
834 3343 940 3426 debet,
973 3348 1052 3407 siout

132 3427 207 3489 dioit
227 3428 332 3504 Petrus
353 3425 424 3489 Aot.
447 3427 483 3489 4:
524 3426 592 3488 Nos
626 3435 674 3488 ast
712 3428 803 3489 nobis
833 3428 916 3491 alind
938 3448 1051 3490 nomen

132 3510 240 3573 datum
259 3509 315 3572 sub
337 3509 444 3587 noeto,
465 3511 496 3569 iu
519 3528 580 3590 quo
603 3528 665 3573 nos
683 3518 828 3592 oporteat
847 3510 952 3574 sstvos
974 3511 1050 3580 tisri.
1111 3586 1113 3590 μ

132 3778 139 3794 ⁴
204 3711 232 3776 1)
252 3707 368 3766 Ibidem:
388 3715 419 3764 ut
437 3714 529 3765 autam
547 3709 684 3798 Christum
703 3711 870 3773 habeantet
887 3729 973 3786 opera
992 3713 1051 3773 stus

131 3796 160 3836 rn
178 3774 242 3837 fids.
280 3782 311 3853 ‘l
333 3780 428 3839 luban.
438 3784 464 3841 3.
501 3784 533 3853 2)
554 3782 672 3841 Ibidem:
691 3787 819 3843 servaris.
856 3789 885 3858 3)
904 3785 985 3844 ibid:
1005 3789 1050 3848 732
