2392 4170
130 243 194 309 370
345 246 502 313 Responsio
521 247 551 299 l).
569 243 603 298 tt
623 244 651 297 L.
670 243 705 296 ad
724 245 825 298 librum

132 400 333 477 nequeenim
357 406 409 459 aut
430 399 536 459 fortius
559 407 611 457 aut
633 398 741 457 melius
764 398 882 476 credas,
896 413 1002 478 speres
1024 401 1055 456 et

134 482 242 561 diligas
264 484 294 541 in
318 482 443 562 templo,
468 483 572 558 chorc,
595 481 692 552 altari,
715 483 874 557 cimiterio,
898 498 989 559 quam
1018 479 1050 539 iu

135 584 217 642 arsa,
239 566 339 642 vinea,
362 567 493 644 popina,
522 564 623 640 cubili,
659 564 790 644 denique
812 567 842 623 in
880 561 1054 623 carceribus

134 656 283 727 martyres
306 647 457 708 Christum
482 650 656 722 coluerunt,
678 646 709 710 S.
727 651 816 726 Ague
838 649 928 706 etiam
952 647 982 705 in
1009 645 1054 704 lu·

131 732 254 810 panari:
277 738 309 790 ut
330 750 421 810 papa,
444 733 631 790 consecratis
667 731 806 790 ecclesiis
843 731 1055 810 appositisque

131 814 298 894 privilegiis
322 822 352 874 et
381 814 469 891 diris,
498 814 648 892 sacrilegii
679 815 884 872 conscientias
906 812 996 887 lucit,
1028 811 1055 870 si

133 899 199 975 quis
224 897 347 957 domurn
371 917 389 956 a
411 916 444 954 se
467 905 497 955 et
531 900 593 955 suis
616 909 827 956 consecratam
862 895 909 954 val
946 895 1055 954 ludens

133 980 181 1040 vel
204 982 285 1039 serio
309 979 439 1057 violarit,
463 980 533 1037 nihil
557 991 749 1058 peccaturus,
763 982 787 1038 si
801 997 887 1038 suam
901 978 948 1038 vel
962 977 1054 1041 aliam

132 1082 347 1142 quamcunque
377 1063 500 1121 domum
542 1064 672 1121 laeserit.
716 1063 865 1136 Rursum,
897 1062 921 1119 si
954 1079 1055 1140 papae

134 1146 284 1205 mandatis
309 1146 520 1224 obtemperes,
554 1146 716 1224 religiosus
744 1152 775 1204 et
806 1144 952 1204 obediens
974 1142 1054 1204 titius

133 1231 284 1289 ecclesiae
307 1230 403 1288 lactus
427 1250 469 1306 es,
493 1230 712 1287 conscientiam
745 1229 816 1287 honi
839 1239 869 1286 et
889 1228 960 1286 iusti
983 1245 1055 1307 ope·

132 1313 172 1371 ris
194 1313 346 1372 invenisti.
390 1311 551 1389 Compone
581 1331 662 1369 nunc
690 1312 841 1371 Christum
871 1321 902 1370 et
929 1328 1054 1390 papam.

132 1393 188 1455 Ille
209 1395 295 1454 dicit:
327 1394 449 1454 Nullum
474 1402 576 1473 potest
595 1395 658 1453 lieri
688 1405 847 1474 peccatum
870 1411 1056 1472 quocunque

133 1498 188 1537 usu
212 1480 421 1556 cuiuscunque
444 1478 504 1536 ioci
528 1477 603 1558 (nisi
626 1476 679 1536 fiat
702 1479 739 1536 ad
753 1478 934 1537 laedendum
954 1476 1056 1555 proxi·

134 1569 248 1639 mum),
270 1581 352 1640 papa
375 1561 456 1636 dicit,
480 1569 639 1640 peccatum
663 1571 724 1638 est,
754 1562 778 1619 si
808 1563 837 1619 in
861 1559 978 1639 templo
1001 1559 1056 1618 ali·

134 1644 204 1722 quid
229 1645 331 1723 operis
353 1643 472 1724 profani
494 1644 675 1721 feceris,aut
697 1662 757 1702 non
771 1645 886 1703 maiore
896 1643 1057 1722 religiono,

132 1746 224 1805 quam
263 1727 421 1806 profanam
456 1727 579 1786 domum
615 1727 797 1789 observaris.
861 1725 971 1785 Nonne
1005 1726 1056 1785 hic

132 1829 214 1889 papa
236 1813 308 1870 lacit
330 1816 458 1889 peccata
480 1811 509 1868 in
535 1810 609 1870 locis
633 1820 661 1868 et
684 1829 740 1870 usu
763 1827 879 1885 eorum,
901 1808 1055 1886 inquibus

132 1893 391 1953 Christusnullum
402 1892 661 1972 peccalumfacitl
683 1893 793 1952 Nonne
806 1911 880 1971 ergo
895 1893 1055 1952 couscien-

132 1977 189 2036 tias
204 1978 285 2052 lacit,
300 1977 351 2037 ubi
364 1977 500 2036 Christus
515 1976 615 2035 nullas
629 1976 723 2035 facit?
743 1975 853 2035 Nonne
867 1976 1054 2052 servitutem,

134 2061 284 2136 timorem,
308 2060 526 2139 captivitatem,
549 2059 686 2138 laqueos,
709 2059 844 2137 pericula
866 2059 980 2133 statuit,
1003 2058 1055 2118 ubi

135 2141 273 2200 Christus
302 2142 473 2200 libertatem
508 2149 539 2200 et
572 2145 764 2201 securitatem
800 2140 893 2200 facit?
942 2139 1054 2200 Nonne

134 2242 209 2303 ergo
233 2243 314 2303 papa
344 2225 538 2284 antichristus
561 2234 649 2284 autor
671 2227 789 2303 peccati
807 2225 1054 2283 etconscientia·

136 2327 200 2366 rum
232 2327 286 2387 per
308 2326 379 2366 suas
402 2308 536 2383 frivolas,
559 2308 683 2387 stultas,
713 2308 848 2382 inutiles,
875 2307 986 2384 impias
1015 2306 1054 2366 le-

133 2389 210 2468 ges?
260 2388 339 2463 Quid
368 2392 447 2448 euim
471 2410 548 2469 opus
578 2391 670 2450 hahet
694 2391 770 2448 ullus
793 2390 984 2450 Christianus
1008 2390 1054 2449 his

133 2473 251 2552 legibus
274 2482 304 2532 et
327 2472 529 2533 observantiis
552 2473 589 2531 ad
613 2472 780 2532 iustitiam?
824 2472 850 2532 Ο
869 2473 1011 2551 deceptio
1024 2481 1056 2532 et

132 2556 233 2616 illusio
255 2557 379 2634 puerilis
402 2567 432 2615 et
455 2557 633 2636 ridiculam
656 2563 757 2615 tamen
781 2565 865 2614 tantu
882 2558 961 2615 seria
983 2574 1055 2636 pec-

134 2649 271 2700 catorum
294 2647 325 2699 et
346 2641 551 2720 perditionum
576 2640 695 2718 operari
718 2637 906 2718 praevalida.

215 2723 241 2782 E
264 2721 385 2783 diverso
410 2723 546 2782 Christus
569 2723 659 2781 docet
674 2742 734 2781 non
757 2741 825 2780 esse
841 2722 986 2780 iustitiam
1001 2729 1055 2781 aut

133 2803 246 2866 cultum
269 2826 356 2865 suum
391 2808 480 2865 situm
504 2808 632 2865 inlusis
655 2806 731 2864 istis.
776 2808 816 2864 At
847 2823 929 2884 papa
962 2805 1055 2866 docet

133 2908 201 2950 esse
223 2890 366 2948 iustitiam
400 2897 431 2949 et
459 2889 572 2949 cultum
598 2890 670 2964 Dei,
709 2888 855 2948 ecclesias
894 2887 1054 2965 fabricare,

132 2991 315 3033 consecrare
337 2979 368 3031 et
390 2994 405 3031 a
430 2974 565 3052 profanis
595 2972 734 3031 domibus
758 2973 904 3050 opinione
931 2980 961 3029 ct
983 2990 1055 3032 con·

133 3058 261 3116 scientia
289 3056 458 3114 sanctitatis
483 3076 635 3135 separare.
680 3055 852 3133 Odignum
881 3055 940 3114 hoc
967 3055 1053 3116 idolo

132 3140 321 3218 religionem,
344 3158 433 3218 quam
458 3140 559 3218 digne,
582 3157 672 3216 quam
691 3138 816 3217 pulchre
830 3138 967 3197 Christus
984 3157 1055 3218 pro·

133 3222 217 3301 vidit,
241 3229 273 3281 ut
294 3223 440 3281 ecclesias
464 3232 494 3280 et
518 3241 683 3300 campanas
706 3239 888 3279 consecrare
910 3239 972 3279 non
986 3241 1052 3301 per·

133 3308 243 3365 tineret
274 3306 332 3364 nisi
369 3305 406 3364 ad
430 3307 604 3384 episcopos.
650 3305 886 3383 ilignissirnum,
912 3299 1054 3383 inquom,

133 3389 268 3450 cilicium
292 3389 525 3467 episcoporum,
559 3387 664 3466 quales
688 3389 767 3446 enim
791 3389 945 3466 episcopi,
979 3386 1054 3448 talia

133 3481 164 3532 et
186 3491 281 3551 opera
305 3490 420 3534 eorum.
465 3472 548 3530 idola
571 3473 649 3529 enim
673 3481 743 3529 sunt
775 3480 806 3529 et
828 3470 946 3545 larvae,
981 3470 1054 3530 dum

132 3557 235 3635 posito
261 3553 345 3615 verbi
374 3554 475 3615 officio
508 3560 624 3613 tantum
658 3553 751 3614 titulis
774 3561 804 3612 et
826 3552 961 3612 vestibus
983 3562 1055 3613 sunt

133 3640 281 3719 episcopi.
325 3638 396 3698 ideo
419 3655 480 3697 non
513 3636 626 3697 debent
659 3635 764 3696 fideles
797 3638 925 3714 animas,
948 3655 1054 3697 veram

133 3723 251 3783 scilicet
272 3722 434 3783 ecclesium
457 3721 578 3800 Christi,
600 3719 793 3781 sanctificare
818 3720 912 3781 vsrho
934 3727 964 3780 al
987 3739 1054 3782 ora·
