2392 4170
322 264 430 319 Bullam
450 264 534 320 Leon.
553 265 588 318 X.
606 263 728 327 damnat.
747 280 773 319 a
796 263 871 322 toto.
997 258 1060 329 197

135 417 225 482 vobis
247 422 401 500 est,znini
433 421 512 482 forto
534 417 655 501 reprobi
678 421 752 482 sitis.
802 419 888 481 Eoos
905 417 1061 501 Soriptum

133 502 227 566 donst
248 502 340 565 fldem
364 506 484 580 sentiri,
516 510 547 565 et
569 512 670 565 tamen
693 510 785 583 negat
807 503 912 565 omnin
932 507 1062 585 pennata

131 587 278 668 intelligi,
314 607 352 648 an
380 607 435 669 per
468 588 528 648 hoo
550 586 619 648 fidoi
649 588 740 649 totins
770 606 860 674 quom
884 586 1059 653 munitioni

130 669 323 741 innitendum
346 678 403 733 est.
875 678 878 683 ’
974 679 977 683 ’
1005 703 1007 706 <

405 836 573 913 Quintus
602 820 793 897 desimus:

196 965 326 1046 Magnus
354 983 438 1026 error
466 972 512 1026 est.
534 983 656 1039 eorum,
686 964 737 1044 qui
766 964 804 1026 ad
836 969 1060 1029 sanraursnturn

194 1049 397 1109 eucharistiae
418 1046 627 1130 nonadantl),
657 1048 729 1109 huie
750 1049 856 1129 innixi,
887 1046 970 1128 quod
1000 1049 1061 1108 sint

196 1132 340 1210 confessi,
363 1132 445 1212 quod
469 1152 531 1193 non
555 1131 615 1191 sint
638 1131 694 1191 sibi
710 1132 824 1192 nonsnii
842 1129 970 1193 alienius
993 1149 1063 1213 peo-

196 1216 256 1276 nati
280 1215 431 1292 mortuiis,
461 1215 542 1295 quod
571 1215 784 1295 praemiserint
812 1215 968 1276 orationes
990 1232 1062 1275 suas

197 1305 228 1358 et
248 1300 498 1378 praeparatoria,
525 1316 632 1359 omnes
660 1297 702 1358 ilii
730 1296 875 1358 iudicium
897 1297 954 1359 sibi
979 1315 1063 1358 mnn-

197 1380 312 1442 dunnnt
334 1387 365 1442 et
387 1381 510 1458 bibunt,
543 1381 597 1441 sed
627 1382 651 1440 si
682 1381 808 1442 orednnt
843 1386 874 1441 et
896 1379 1062 1459 confidant,

198 1484 232 1525 se
254 1465 382 1546 gratiam
406 1464 447 1525 ibi
467 1471 699 1539 consecuturos,
722 1465 800 1526 hano
823 1461 891 1524 sota
902 1461 978 1527 tides
990 1460 1064 1524 sunit

197 1567 252 1610 eos
275 1567 368 1629 puros
392 1557 422 1608 et
445 1548 565 1627 dignos.
747 1556 749 1561 '

220 1665 277 1727 Hin
305 1665 418 1727 Paulus
440 1685 496 1747 pro
527 1685 575 1727 me
605 1671 665 1726 stat
687 1661 858 1748 dioens*):
880 1663 961 1726 Nihil
990 1663 1064 1727 mihi

134 1750 279 1811 ennesius
302 1769 379 1826 sum,
402 1749 540 1810 sednon
564 1749 594 1810 in
608 1746 949 1815 honinstifiontunsum.
981 1747 1064 1809 Eone

134 1832 240 1893 omnia
262 1833 369 1909 reiicit,
393 1833 450 1892 nisi
462 1831 552 1892 fidem
577 1831 687 1909 solam,
710 1829 747 1890 de
761 1849 821 1909 qua
836 1830 916 1908 ‚dioit
928 1829 1016 1891 Rom.
1029 1832 1062 1894 3:

133 1914 306 1977 lustiflunns
330 1934 411 1994 eum,
434 1917 485 1995 qui
509 1922 556 1974 est
578 1912 700 1975 exfldo.
737 1912 840 1989 Quare
861 1913 962 1974 adhue
984 1912 1064 1992 dion,

134 1999 159 2059 si
182 1997 274 2059 tidem
298 1998 460 2073 excludas,
485 1998 604 2074 omnin,
639 1997 832 2076 quantouis,
865 1996 1063 2076 deneptionss

134 2087 206 2142 sunt
228 2073 410 2163 stpenoata,
432 2081 538 2143 Romo.
554 2083 607 2144 14:
631 2080 741 2157 Omne,
764 2079 847 2159 quod
870 2099 931 2141 non
955 2077 1063 2141 estex

134 2163 206 2237 flue,
229 2172 390 2246 pennatum
415 2172 470 2225 ast.
514 2164 589 2225 Cum
613 2164 693 2224 onim
720 2163 750 2222 in
773 2171 966 2225 sacramento
989 2181 1063 2242 quo·

135 2247 209 2309 libat
231 2249 270 2307 sit
297 2248 422 2308 verbum
446 2248 674 2327 promissionis,
703 2252 736 2306 ut
757 2249 897 2328 superius
920 2246 1063 2320 diximus,

136 2332 312 2392 necessario
334 2333 479 2412 sequitur,
501 2329 583 2410 quod
606 2349 667 2390 non
684 2347 761 2409 opus
783 2330 889 2408 utinm,
911 2328 965 2390 sed
986 2328 1064 2390 fldes

136 2414 280 2494 exigitur.
334 2414 516 2493 Quanquam
552 2433 655 2474 verum
687 2412 741 2491 sit,
776 2412 866 2478 fidem
900 2432 962 2474 non
995 2409 1064 2472 asse

135 2516 230 2578 posse
252 2499 318 2559 sine
340 2496 538 2576 sequentibus
562 2496 716 2577 operibus.
759 2496 872 2557 Verum
904 2496 987 2576 impii
1020 2494 1063 2557 ilii

137 2599 194 2642 uos
218 2579 371 2661 operibus,
395 2588 456 2640 tum
480 2589 551 2640 ants
572 2578 681 2658 fldem,
710 2585 773 2639 tum
804 2581 870 2641 siue
892 2578 952 2639 fido
977 2597 1062 2657 mag·

135 2664 267 2725 nitioatis
288 2663 417 2744 perdere
440 2663 562 2739 volunt,
584 2663 641 2724 hos
664 2670 695 2722 tu
719 2662 808 2742 lupos
831 2661 951 2737 devita,
973 2661 1065 2722 oredo

135 2749 267 2829 primum
290 2746 391 2807 verbis
414 2747 617 2826 santamenti,
648 2752 680 2808 et
711 2745 770 2806 bno
792 2744 852 2807 fido
874 2742 1064 2824 puritinatus,

136 2838 211 2908 tum,
234 2832 258 2890 si
281 2828 364 2905 libet,
385 2849 545 2911 praeparo,
570 2836 667 2890 ornat
688 2829 737 2889 ino
761 2827 949 2907 quonvnles,
972 2845 1064 2906 opor·-

137 2922 179 2975 tet
203 2913 283 2973 euim
306 2914 505 2973 nonedentem
528 2912 567 2974 ad
585 2912 683 2972 Deum
706 2911 842 2991 eredere,
865 2919 895 2970 et
917 2911 983 2971 siue
1004 2906 1065 2971 fids

135 2995 328 3078 impossibile
350 3004 398 3056 est
418 2995 541 3077 plaeere
564 2995 647 3070 Deo,
670 2995 778 3056 Ebrae.
794 2998 852 3071 11,
876 3001 906 3055 et
927 2992 1064 3073 postulet

134 3082 165 3140 in
190 3078 252 3140 tide
275 3078 347 3139 nihil
370 3079 537 3155 haesitans,
559 3078 665 3142 Ianob.
691 3082 717 3140 1.

358 3268 370 3276 ·
416 3245 600 3306 Denimus
629 3251 786 3306 sextus:

202 3372 382 3433 Oonsuiturn
414 3372 549 3447 videtur,
578 3372 660 3451 quod
692 3371 825 3432 eoolesia
855 3373 885 3430 in
909 3367 1064 3429 oommuni

200 3455 333 3516 onnoiiin
357 3462 513 3528 statueret,
537 3455 632 3516 taioos
647 3454 702 3514 sub
727 3453 1063 3536 utraquespeoieoom·

194 3696 224 3762 t)
239 3695 276 3748 in
296 3694 339 3748 ed.
357 3693 437 3748 «lenz
456 3696 597 3749 secedunt.

146 3806 161 3823 ..
178 3764 408 3845 :ott-corinth.
426 3766 452 3825 4.
730 3765 828 3821 ’<’·ι.·.
845 3786 868 3820 zo
925 3790 950 3825 ¹t
