2392 4170
92 234 134 302 28
352 235 389 292 De
411 238 489 308 capt.
511 239 607 308 Babyl.
628 240 767 294 Ecclesiae

93 391 249 453 doctorem
273 412 343 454 esse
366 392 564 474 haereticum,
586 402 617 454 et
636 395 666 454 in
690 395 864 475 particulari
888 396 1021 455 ecclesia

92 476 296 557 permissione
317 496 416 537 nsum.

173 559 325 619 Recenset
347 559 458 619 ibidem
476 560 634 621 historiam
657 580 691 621 se
706 568 783 621 teste
805 580 842 623 ac
855 569 1018 641 praesente

92 642 216 719 factam,
240 643 290 702 ubi
312 642 460 703 diaconus
475 644 601 703 calicem
623 644 731 704 infanti
750 645 869 723 puellas
888 643 1020 720 dedisse,

93 725 156 786 imo
191 725 349 786 reluctanti
388 727 486 801 eidem
514 728 660 787 infudisse
687 730 866 807 sanguinem
897 728 1019 788 Domini

92 810 283 889 apertissime
319 811 432 869 scribit.
486 809 568 869 ldem
605 810 642 870 de
679 810 708 871 S.
743 811 865 871 Donato
900 811 1020 889 legitur,

94 894 178 953 cuius
194 893 318 951 calicem
335 893 472 969 fractum,
495 911 514 953 o
532 896 624 954 miser
636 894 784 970 adulator,
809 913 899 973 quarn
913 894 1020 974 frigide

93 975 203 1059 eludit,
236 975 363 1035 fractum
403 977 534 1054 (inquit)
565 978 690 1037 calicem
720 978 803 1056 lego,
835 978 1016 1057 sanguinem

93 1058 196 1120 datum
220 1077 280 1120 non
305 1059 385 1139 lego.
429 1058 508 1134 Quid
532 1060 661 1119 mirum?
684 1063 734 1142 qui
757 1062 787 1120 in
810 1062 904 1120 sacris
928 1060 1021 1139 scrip·

93 1143 165 1202 turis
188 1143 328 1222 intelligit
358 1142 440 1220 quod
470 1143 548 1214 vult,
584 1145 674 1203 etiam
704 1145 733 1202 in
763 1144 896 1204 historiis
927 1144 1020 1223 legat,

93 1224 271 1306 quodvult.
314 1225 372 1286 Sed
397 1226 530 1304 nunquid
558 1246 613 1305 per
640 1227 700 1287 hoc
729 1226 913 1299 stabilitetll
940 1226 1019 1286 arbi·

94 1311 183 1369 trium
212 1307 376 1386 ecclesiae,
404 1318 456 1367 aut
482 1309 677 1369 confutantur
706 1309 872 1370 baeretici?
906 1309 1021 1369 Verum

94 1391 171 1452 baec
202 1391 324 1452 abunde
348 1393 436 1468 satis,
461 1411 522 1452 non
546 1394 641 1473 enim,
674 1401 706 1452 nt
726 1393 769 1453 illi
791 1390 1021 1472 responderem,

95 1475 172 1536 baec
194 1476 294 1555 coepi,
316 1477 367 1554 qni
391 1475 500 1553 dignus
520 1494 582 1535 non
606 1482 652 1535 est
674 1477 886 1556 responsione,
912 1475 966 1536 sed
989 1483 1021 1535 ut

94 1561 143 1619 rei*
161 1559 317 1617 veritatem
342 1559 501 1637 aperirem.

177 1639 335 1701 concludo
372 1643 489 1719 itaque,
527 1660 641 1720 negare
687 1651 846 1721 utramque
882 1642 1018 1721 speciem

93 1724 194 1801 laicis,
224 1743 293 1783 esse
322 1725 446 1802 impium
480 1730 510 1784 et
541 1725 749 1803 tyrannicum,
781 1743 839 1784 nec
871 1726 900 1784 in
925 1744 1018 1784 manu

95 1807 183 1868 ullius
206 1807 325 1886 angeli,
348 1807 459 1866 nedum
483 1826 581 1885 papae
604 1816 632 1866 et
655 1808 777 1867 concilii
800 1809 1018 1884 cuiuscunque.

96 1889 162 1951 Nec
184 1909 288 1950 moror
311 1889 473 1950 concilium
500 1890 744 1962 eonsranriense,
767 1893 852 1950 cuius
875 1893 1024 1950 autoritas

93 1975 119 2034 si
142 1973 237 2048 valet,
269 1992 322 2033 cnr
344 1991 404 2032 non
429 1973 511 2032 valet
532 1982 562 2032 et
584 1973 770 2050 Basiliense,
805 1972 888 2052 quod
912 1981 1020 2033 contra

94 2058 216 2132 statuit,
240 2055 382 2116 Bobemis
405 2054 495 2115 licere
518 2064 677 2135 utramque
699 2058 832 2134 speciem
856 2058 1021 2137 suscipere,

95 2138 178 2219 quod
201 2139 297 2199 multa
319 2139 526 2218 disputatione
548 2139 610 2198 illic
633 2139 789 2199 obtentum
818 2146 880 2220 est,
908 2149 941 2199 ut
970 2159 1020 2198 ex·

96 2228 213 2283 stantes
243 2223 369 2282 annales
398 2228 428 2280 et
456 2221 560 2281 literae
588 2223 710 2282 concilii
740 2223 880 2301 probant.
931 2221 1021 2298 Quod

94 2305 236 2367 adulator
258 2306 315 2365 iste
335 2306 480 2383 ignorans
503 2304 628 2364 adducit
638 2325 694 2384 pro
707 2325 763 2366 suo
787 2308 917 2382 somnio,
943 2305 1020 2366 adeo

95 2390 262 2470 prudenter
285 2388 389 2448 omnia
412 2394 529 2448 tractat.

181 2471 282 2531 Prima
318 2489 391 2549 ergo
432 2471 593 2549 eaptivitas
635 2472 723 2530 buius
758 2473 939 2531 sacramenti
976 2481 1023 2532 est

96 2554 201 2634 quoad
224 2556 288 2613 eins
299 2551 500 2613 substantiam
524 2571 576 2612 seu
589 2555 806 2633 integritatem,
826 2573 920 2635 quam
934 2555 1022 2614 nobis

96 2637 220 2698 abstulit
249 2635 390 2697 Romana
422 2639 576 2715 tyrannis,
615 2656 676 2698 non
714 2637 796 2716 quod
830 2643 960 2716 peccent
991 2639 1021 2696 in

99 2720 262 2795 Christum,
285 2721 335 2798 qui
358 2737 418 2778 nna
441 2721 543 2798 specie
559 2728 691 2797 utuntur,
715 2739 782 2780 curn
800 2720 936 2779 Christus
961 2740 1020 2780 non

98 2803 289 2884 praeceperit
311 2802 372 2862 ulla
394 2802 452 2879 uti,
480 2802 533 2862 sed
557 2802 681 2864 arbitrio
704 2801 865 2863 cuiuslibet
892 2803 1022 2882 reliquit,

97 2885 215 2945 dicens:
239 2884 489 2963 Quotiescunque
512 2887 589 2945 baec
609 2886 750 2960 feceritis,
773 2888 803 2945 in
826 2887 884 2944 mei
907 2905 1019 2946 memo·

97 2969 173 3029 riam
196 2969 322 3030 facietis.
368 2968 427 3027 Sed
450 2969 532 3047 quod
555 2968 597 3028 illi
621 2976 765 3048 peccant,
788 2969 839 3047 qui
863 2968 922 3028 boc
944 2970 1020 3029 arbi-

100 3052 157 3112 trio
181 3050 353 3112 volentibus
375 3051 418 3110 uti
447 3051 611 3130 prohibent
638 3056 798 3131 utramque
825 3050 904 3128 dari,
934 3052 1023 3132 culpa

97 3153 160 3194 non
183 3142 230 3195 est
251 3137 280 3194 in
311 3134 412 3212 laicis,
444 3134 497 3193 sed
529 3134 748 3194 sacerdotibus.
793 3134 1022 3195 Sacramentum

97 3235 160 3277 non
184 3226 230 3278 est
253 3217 458 3295 sacerdotum,
481 3216 533 3276 sed
558 3219 703 3293 omniurn,
727 3236 785 3277 nec
807 3217 930 3277 Domini
954 3225 1024 3277 sunt

99 3300 286 3378 sacerdotes,
308 3299 361 3360 sed
385 3300 521 3375 ministri,
545 3298 690 3360 debentes
713 3299 840 3360 reddere
862 3309 1023 3379 utramque

97 3385 231 3464 speciem
254 3382 444 3464 petentibus,
476 3384 716 3462 quotiescunque
739 3385 889 3463 petierint.
932 3382 1021 3458 Quod

99 3467 124 3525 si
146 3466 205 3527 boc
226 3469 272 3526 ins
294 3467 450 3544 rapuerint
473 3464 558 3525 laicis
581 3473 611 3526 et
633 3468 662 3526 vi
685 3468 877 3546 negaverint,
901 3469 1022 3546 tyranni

98 3557 184 3629 sunt,
206 3550 276 3611 laici
299 3551 365 3608 sine
387 3547 493 3626 culpa,
523 3549 570 3608 vel
594 3569 653 3609 una
676 3549 722 3610 vel
747 3556 874 3628 utraque
900 3557 1021 3612 carent:

104 3661 324 3689 2......-.„...‚-
344 3679 354 3684 .,
374 3678 521 3685 ..--.-......

154 3732 187 3798 1)
208 3729 299 3784 [ned.
314 3728 395 3784 den:
414 3706 560 3784 stabilitur.
