2392 4170
185 256 249 327 254
499 257 542 317 De
560 257 633 317 votis
651 254 811 316 monasticis

185 422 325 503 inveniri,
348 441 439 503 quem
463 441 597 484 errorem
619 440 764 503 persese,
788 440 943 502 nunquam
965 442 1029 484 non
1052 423 1112 485 fal-

185 506 298 567 lentem
322 512 352 567 et
374 505 583 585 seducentem,
605 507 657 586 qui
680 514 710 566 et
727 504 901 568 Christiano
913 507 1056 568 vitandus
1080 513 1114 569 et

185 587 372 651 deserendus
395 591 443 668 sit,
467 609 567 667 neque
588 608 682 670 posse
695 588 854 649 innoxium
877 609 956 670 esse,
979 591 1038 651 nisi
1061 591 1112 672 iis,

185 674 236 752 qui
258 672 431 753 spirituales
454 682 524 732 eunt
547 679 578 733 et
600 673 682 733 bono
706 691 760 732 usn
784 672 864 733 illius
886 693 956 735 sese
972 681 1112 753 servant,

185 755 268 836 quod
291 762 338 817 est
359 757 458 816 solum
482 756 660 836 electorum,
690 754 797 835 quibus
826 775 886 817 nec
907 776 1028 818 errores
1051 775 1113 818 nec

183 845 312 922 peccate
334 840 456 900 tandem
480 858 592 900 nocere
614 846 752 920 possunt.

266 923 404 982 Alterum
427 924 608 1003 principium
629 921 776 1002 perfidiae
797 922 929 1004 illorum,
958 922 1042 1003 qnod
1067 924 1113 985 vi·

183 1013 246 1066 tem
268 1003 473 1068 Christianam
503 1007 674 1086 partiuntur
708 1007 738 1065 in
769 1012 881 1066 etatum
909 1005 1111 1087 perfectionis

185 1097 215 1150 et
241 1087 493 1168 imperfectionis.
537 1087 636 1169 Vulgo
667 1088 741 1148 dant
770 1090 1020 1170 imperfectionis,
1050 1090 1110 1152 eibi

183 1173 379 1253 perfectionis
402 1179 524 1237 statum.
568 1172 607 1233 Et
629 1173 708 1233 hene
730 1171 929 1234 differentiam
958 1191 1021 1233 uon
1048 1193 1110 1235 me·

184 1255 298 1316 tinntur
317 1257 404 1316 iuxta
425 1274 597 1316 mensuram
620 1258 743 1336 spiritus
765 1262 797 1316 et
814 1256 887 1322 fidei
910 1263 941 1319 et
961 1258 1109 1338 caritatis,

185 1357 260 1419 quas
283 1348 400 1401 certum
423 1348 470 1400 est
501 1340 532 1399 in
556 1339 648 1419 vulgo
672 1341 863 1419 potissimum
886 1358 1027 1420 regnare,
1053 1339 1110 1402 sed

183 1424 270 1484 iuxta
300 1441 446 1504 pompam
479 1430 510 1482 et
542 1422 656 1482 larvam
693 1431 888 1483 externorum
921 1442 1050 1504 operum
1080 1431 1111 1485 et

184 1525 308 1568 suorum
329 1515 482 1587 votorum,
504 1507 534 1566 in
557 1506 666 1585 quibus
689 1505 762 1566 nihil
784 1512 831 1566 est
853 1524 952 1586 neque
973 1508 1110 1650 spiritus,

183 1608 284 1670 neque
305 1589 387 1670 fidei,
414 1608 515 1670 neque
537 1590 680 1668 caritatis,
712 1589 784 1669 quin
812 1589 949 1670 spiritum
1007 1589 1058 1651 dei
1080 1597 1112 1652 et

184 1675 319 1735 caritatis
341 1675 549 1752 exstinguunt.

264 1757 468 1821 Perfectiouis
498 1763 595 1818 status
618 1763 766 1834 estesse
789 1757 930 1816 animose
952 1754 1014 1816 lide
1034 1775 1108 1817 con·

184 1846 367 1921 temptorem
391 1840 506 1919 mortis,
528 1842 619 1923 vitae,
642 1839 760 1920 gloriae
782 1845 813 1900 et
824 1841 916 1900 totius
938 1838 1054 1918 mundi,
1079 1846 1109 1901 et

185 1922 323 1986 fervente
345 1925 472 1985 caritate
488 1924 624 1984 omnium
647 1942 777 1985 servum.
820 1923 860 1983 At
882 1925 934 1982 vix
966 1923 1109 1985 invenias

184 2007 268 2069 vitae
289 2015 320 2069 et
342 2007 461 2090 glories
483 2007 666 2087 cupidiores,
690 2012 753 2067 tum
783 2005 844 2068 lide
865 2007 1031 2089 inaniores,
1056 2008 1108 2088 qui

184 2098 313 2153 mortem
346 2091 558 2152 vehementius
587 2090 741 2171 horreant,
776 2108 865 2170 quum
904 2090 925 2150 ii
956 2091 1008 2170 qui
1038 2096 1111 2152 eunt

184 2175 442 2236 monasticissimi.
486 2173 565 2250 Quia
587 2173 651 2234 fleri
674 2180 848 2255 nonpoteet
870 2171 928 2257 (nti
941 2172 1108 2254 dicemus),

184 2259 257 2337 quin
280 2258 372 2319 fidem
394 2259 602 2338 exstinguant,
631 2259 682 2338 qni
714 2259 793 2318 votis
815 2265 846 2318 et
868 2257 1014 2338 operibus
1037 2277 1109 2319 eon·

184 2340 290 2405 fidunt.
335 2341 499 2403 confidunt
521 2350 633 2422 antem,
656 2343 708 2422 qui
729 2343 902 2402 necessaris
926 2341 1108 2422 seducunt,

185 2424 255 2485 dum
280 2427 361 2487 enim
379 2428 492 2494 ‚timent
513 2425 573 2485 illis
596 2427 728 2505 omissis,
764 2444 891 2485 neccsse
914 2431 1015 2485 estut
1038 2445 1109 2506 spe·

183 2515 252 2570 rent
273 2510 388 2571 eisdem
411 2510 549 2572 servatis.
593 2508 641 2569 Ab
675 2509 784 2569 eodem
807 2506 942 2588 pendent
963 2508 1057 2568 timor
1080 2517 1111 2570 et

183 2612 265 2674 spes,
288 2593 326 2654 de
349 2612 409 2673 quo
431 2593 519 2654 alise.
543 2593 657 2653 Merum
672 2601 877 2653 commentum
902 2599 931 2650 et
944 2591 1109 2653 ludibrium

184 2683 232 2738 eet
254 2675 292 2737 de
314 2677 509 2757 perfectionis
532 2682 564 2737 et
584 2676 824 2756 imperfectionis
847 2680 937 2754 elatu,
961 2693 999 2746 ex
1021 2677 1109 2755 igno·

183 2762 281 2821 rantia
303 2760 375 2821 fidei
397 2761 591 2841 proveniens,
613 2767 729 2821 tantum
752 2758 790 2819 ed
813 2757 1020 2818 seducendum
1044 2757 1109 2820 ido·

183 2863 285 2906 neum.
329 2842 404 2904 Cum
436 2863 509 2923 ergo
539 2843 696 2904 videamus
726 2845 914 2903 monasticen
943 2843 1035 2901 istam
1063 2862 1110 2904 re·

181 2927 289 2988 fertem
313 2947 381 2989 esse
393 2928 562 3009 impietate,
585 2926 747 3005 erroribus,
770 2925 955 3005 ignorantia,
978 2931 1021 3004 ut,
1045 2925 1110 2986 ubi·

182 3028 303 3091 cunque
333 3030 401 3072 eam
432 3018 570 3090 spectes,
603 3011 825 3091 ignorantiam,
861 3009 1049 3088 impietatem
1079 3017 1111 3070 et

183 3112 316 3155 errorem
347 3094 462 3176 videas,
493 3097 564 3175 qnid
592 3094 713 3154 dubitas
741 3112 808 3154 eam
837 3091 999 3171 displicere
1029 3093 1110 3170 Deo,

183 3184 214 3237 et
235 3186 308 3239 vote
329 3179 359 3238 in
382 3178 464 3238 illam
477 3180 557 3240 facte
569 3197 638 3239 esse
649 3179 733 3238 irrite
755 3183 785 3237 et
799 3175 950 3237 solvenda
964 3176 1110 3255 penitus?

183 3259 222 3321 Hi
244 3268 314 3322 eunt
328 3262 551 3344 pseudochristi
566 3261 614 3344 *),
637 3263 688 3342 qui
708 3259 830 3339 docent,
853 3259 901 3318 hic
923 3265 955 3318 et
975 3259 1040 3318 illic
1062 3270 1112 3320 est

183 3342 331 3423 Christus,
361 3353 392 3407 et
419 3346 568 3407 seducunt
596 3346 724 3421 multos,
758 3352 849 3422 atque
878 3342 956 3403 adeo
989 3341 1110 3404 eleetos

182 3445 304 3508 quoque
328 3431 423 3510 signis
447 3436 478 3491 et
499 3427 647 3511 prodigiis
670 3426 877 3488 mendacibus.

264 3515 367 3594 Error,
389 3519 525 3594 inquam,
548 3509 970 3594 etinsignieiguorentiaest,
994 3515 1109 3570 etatum

183 3653 392 3664 ..-.-...--—--

219 3711 250 3778 ‘J
271 3704 366 3760 Matth.
386 3706 428 3760 24.
