2392 4170
136 1035 405 1132 Deliberatio
421 975 574 1133 hadita
592 1037 643 1132 de
658 1038 948 1159 abrogatione
962 982 1057 1135 Mis·

136 1180 285 1248 sanum
314 1147 434 1245 inter
449 1149 795 1249 illustrissimum
824 1158 869 1264 et
884 1155 1056 1251 clemen·

118 1265 354 1399 tissimum
382 1262 637 1399 Principem,
666 1266 934 1364 dridecicum
955 1269 1056 1364 Sax-

137 1406 263 1477 omae
293 1382 465 1493 Ducem,
509 1382 842 1478 Sacr1Romani
883 1382 941 1488 im
972 1381 1057 1478 enii

135 1495 385 1603 Electonem
416 1501 461 1592 et
489 1495 762 1592 Academiam
776 1497 968 1604 Wittem
989 1524 1056 1594 cr·

501 1637 688 1732 gennem.
898 1678 901 1684 Α
936 1659 949 1678 ··

545 1777 653 1852 1521.

215 2045 302 2121 Quae
340 2053 411 2128 post
432 2043 546 2109 Missas
579 2047 714 2127 privatas
747 2047 786 2107 ab
822 2044 1055 2126 Augustiniunis

132 2129 462 2208 Wittembergensibns
486 2130 653 2209 abrogatas
675 2131 755 2191 inter
779 2129 964 2191 Fridcricum
977 2125 1055 2189 Sex-

133 2212 224 2272 oniae
246 2210 419 2272 dilectorem
454 2221 484 2272 et
517 2212 813 2293 Wittembergensos
836 2218 905 2274 acts
926 2219 1057 2286 sunau

132 2293 356 2356 fleckendordo
393 2292 525 2374 (Histoi.
547 2294 633 2355 Loth.
657 2294 673 2357 1
703 2297 731 2374 S.
756 2293 1055 2375 rodomacum.

134 2376 255 2438 Walch.
289 2376 337 2438 ed.
361 2376 440 2457 Opp.
464 2377 550 2439 Luth.
583 2377 618 2439 T.
642 2376 698 2440 XV
726 2399 756 2458 p.
779 2379 879 2451 2335)
915 2378 957 2437 ita
992 2376 1056 2438 fene

131 2461 230 2522 redata
253 2460 401 2540 legimus:
642 2482 644 2487 ·

215 2542 335 2604 Nuncio
356 2544 388 2603 in
411 2541 511 2603 auiam
535 2541 687 2602 Eleutetis
710 2539 866 2602 saxoniae
887 2540 982 2601 allatu
995 2541 1056 2601 Au·

132 2627 326 2707 gnstiniancs
349 2624 643 2704 Wittembergenses
661 2624 771 2685 Missas
807 2624 942 2702 privates
967 2622 1056 2684 abro-
1135 2699 1138 2705 .

132 2729 225 2790 gaeso
244 2709 371 2771 Elector
391 2715 539 2771 autumno
564 2728 592 2774 a.
617 2709 694 2773 1521
719 2707 756 2770 D.
776 2705 959 2787 Gregorium
975 2703 1056 2768 Pon·

132 2800 236 2854 tanum
268 2793 308 2855 ad
330 2791 642 2872 Witternbergensem
665 2790 864 2852 Academiam
888 2788 1054 2868 deputavit,

133 2876 171 2936 de
193 2875 411 2938 morationibus
433 2881 465 2936 et
473 2876 649 2936 intermissa
659 2875 699 2935 ab
713 2873 946 2954 Augustinianis
962 2871 1056 2932 diisnu

132 2966 225 3039 atque
263 2959 302 3020 do
335 2960 486 3021 concione
508 2959 645 3040 Magistri
670 2956 821 3019 Gabrielis
843 2955 965 3036 Didymi
998 2953 1054 3028 (uf.

87 3115 89 3119 y
132 3041 205 3106 ibid.
228 3062 258 3122 p.
281 3041 358 3114 216)
395 3043 670 3123 expostulaturum.
714 3040 835 3102 Delecti
870 3038 941 3102 inde
970 3037 1055 3111 fuere

132 3146 172 3186 ex
195 3125 364 3186 Academia
372 3174 380 3206 ,
416 3127 468 3206 qui
497 3125 536 3187 ab
559 3125 791 3206 Augustinianis
811 3123 970 3184 ‚rationem
993 3120 1055 3181 fao

131 3214 231 3270 torum
267 3217 439 3290 poscerent.
498 3209 536 3270 Hi
569 3209 729 3270 intellecta
761 3208 870 3268 horum
895 3203 1055 3266 sententia

132 3292 259 3372 eiusque
280 3291 450 3353 rationibus
475 3293 658 3354 dilectorem*
671 3293 868 3372 rogaverunt,
891 3294 930 3350 ut·
944 3287 1055 3348 Missas
1176 3291 1178 3296 '

129 3393 185 3454 per
223 3381 320 3436 totam
359 3373 504 3437 ditionem
528 3395 615 3436 suurn
655 3375 840 3455 abrogaret‚'
860 3390 939 3433 nese
959 3369 990 3430 id
1013 3368 1054 3431 ob

132 3456 281 3538 pudorem
310 3458 455 3519 haeretici
489 3464 542 3521 aut
562 3456 707 3519 Hussitici
729 3456 863 3519 nominis
886 3454 1054 3528 emitterem

131 3540 192 3602 hcc
214 3540 384 3621 Christum,
415 3541 467 3620 qui
503 3560 559 3621 pro
599 3541 753 3601 omnibus·
772 3539 840 3600 eliis
864 3534 1053 3616 Principibus

131 3622 306 3686 Electorem
327 3625 387 3686 huc
409 3625 546 3687 veritatis
560 3624 629 3685 luce
644 3624 788 3704 dignatus
803 3627 894 3700 esset,
916 3619 1053 3699 exigere.

132 3705 222 3770 Patet
242 3706 273 3769 id
295 3708 482 3790 exscripto,
506 3707 588 3789 qnod
601 3705 848 3782 Deliberatio
869 3700 1054 3784 inscribitur,
