2392 4170
448 246 529 305 Doet
548 247 627 307 liert.
644 245 724 306 Luth.
988 246 1052 317 263

131 417 231 493 aitll:
252 420 386 501 Populus
414 420 495 483 enim
521 420 559 482 ad
581 421 768 486 iracundiam
797 431 1053 506 provocassent,

132 504 186 565 illii
207 504 384 581 mendaces,
406 503 461 567 fllii
481 505 622 567 nolentes
644 505 751 568 audire
772 506 874 589 legem
896 507 969 588 Dei3
1000 509 1050 588 qui

132 587 238 650 dicunt
265 588 458 671 videntibus,
490 589 587 651 nolite
607 589 730 668 videre,
767 597 798 651 st
824 591 1052 672 aspicientibus,

133 670 227 733 nolite
249 673 389 752 aspicere
411 672 501 733 nobis
523 690 570 748 ea,
593 680 769 753 quaerente
789 681 870 755 sunt,
884 673 1051 754 ‚loquimini

132 754 221 817 nobis
243 756 406 836 placentia,
427 756 532 833 ¹videte
553 755 642 818 nobis
664 776 799 835 errores,
826 757 943 818 auferte
964 778 983 819 a
1005 778 1054 819 ms

132 840 223 916 viam,
246 837 398 901 declinate
418 858 436 899 a
458 859 509 901 me
528 841 679 917 semitam,
697 847 829 902 cesseta
849 840 928 902 faeie
949 848 1069 909 nostra

132 928 256 983 sanctus
277 922 381 985 lsrael.
415 923 582 1002 Propterea
602 923 680 984 haec
701 923 774 984 dicit
802 929 926 985 sanctus
946 921 1056 987 Israel:
1072 930 1089 955 ⁶

133 1004 192 1066 Pro
216 1024 264 1084 eo,
289 1005 372 1086 quod
395 1005 583 1087 reprobastis
605 1007 732 1068 verbum
755 1008 828 1085 hoc,
853 1015 885 1068 et
905 1008 1053 1088 sperastis

132 1089 162 1148 in
186 1088 340 1150 calumnia
361 1097 391 1150 et
420 1090 563 1169 tumultu,
592 1096 623 1150 et
648 1091 744 1150 innixi
775 1091 848 1152 estis
879 1110 974 1171 super
1006 1110 1055 1168 eo,

131 1178 296 1253 propterea
317 1174 373 1233 erit
394 1172 483 1234 vobis
506 1174 650 1252 iniquitas
672 1173 758 1251 haec,
780 1176 859 1235 sicut
874 1175 1054 1256 interruptio

133 1254 247 1316 cadens
269 1263 299 1316 et
319 1257 465 1336 requisita
486 1257 515 1317 in
539 1276 626 1317 muro
649 1257 786 1332 excelso,
808 1258 952 1337 quoniam
973 1257 1054 1320 subi·

132 1344 176 1416 to,
200 1339 271 1398 dum
294 1359 356 1400 non
379 1345 526 1420 speratur,
549 1341 652 1401 veniet
674 1341 817 1401 contritio
840 1342 917 1402 eius.
951 1340 991 1401 st
1011 1341 1055 1401 iu·

134 1441 185 1483 ra:
207 1421 238 1483 si
261 1423 459 1484 revertamini
482 1430 514 1484 et
535 1424 716 1502 quiescatis,
738 1424 815 1484 salvi
838 1425 932 1500 eritis,
961 1424 990 1483 ln
1013 1424 1071 1483 si·-

135 1505 218 1566 entio
242 1512 273 1567 et
296 1525 351 1587 spe
375 1507 433 1569 erit
453 1505 599 1568 fortitudo
622 1513 725 1568 vestra
746 1512 805 1568 eto.

331 1733 373 1798 11.
398 1733 502 1795 Vota
524 1732 733 1798 adversari
754 1731 860 1796 fidei.

217 1932 302 1994 Haec
323 1933 417 1995 modo
441 1934 515 1995 satis
537 1935 577 1995 sit
597 1933 713 1995 dixisse
747 1932 787 1994 de
809 1933 889 1996 votis
911 1932 1063 1994 monasti·

134 2018 188 2097 cis,
211 2023 244 2077 ut
271 2017 470 2079 adversentur
504 2016 599 2079 verbo
623 2017 690 2079 Dei.
738 2017 906 2097 Pergamus
935 2015 1060 2077 demon·

136 2105 244 2178 strare,
267 2108 300 2161 ut
321 2107 459 2182 pugnent
479 2108 509 2161 st
526 2099 829 2178 fldei'Ohristianoe,
853 2118 914 2179 quo
937 2098 1058 2180 plenius

136 2200 363 2262 cognoscamus
384 2183 465 2244 hanc
492 2204 562 2245 esse
590 2185 760 2264 principem
793 2190 912 2262 partam
943 2181 1060 2243 ebomi·
1090 2255 1093 2262 Ι

137 2265 270 2342 nationis
302 2267 411 2326 stantis
441 2269 472 2327 in
503 2267 573 2327 loco
601 2273 718 2330 sancto.
775 2266 930 2329 Ponamus
958 2271 1058 2327 autem

136 2347 187 2407 hic
208 2352 326 2427 petram
350 2368 405 2408 seu
427 2368 533 2428 rupem
563 2356 723 2426 nostram,
751 2368 831 2427 quae
854 2355 992 2411 nostrum
1015 2353 1063 2409 ast

137 2431 319 2511 principium
349 2429 430 2511 fidei,
480 2430 605 2491 verbum
646 2431 730 2491 Pauli
760 2432 849 2495 Rom.
879 2435 933 2496 14:
962 2430 1062 2492 Omne

136 2512 220 2593 quod
242 2532 304 2574 non
328 2521 376 2574 est
396 2533 437 2574 ex
456 2512 528 2595 fids,
549 2519 711 2594 peccatum
733 2519 795 2592 est3
817 2533 857 2574 ax
879 2522 939 2594 quo
962 2514 1062 2575 inleri-

138 2617 216 2672 mus,
239 2599 411 2660 monastica
432 2605 515 2677 vota,
538 2598 563 2657 si
586 2615 625 2657 ex
638 2594 700 2657 fide
721 2615 783 2658 non
807 2597 876 2674 sint,
898 2615 967 2659 esse
988 2615 1061 2676 pec·

138 2688 216 2744 cata.
259 2680 309 2741 Ex
331 2679 393 2741 fide
414 2687 516 2742 autem
538 2692 602 2741 non
624 2685 704 2755 sunt,
727 2680 753 2738 si
774 2683 933 2760 perpetua,
957 2697 1061 2740 neces·

138 2765 219 2825 saria
242 2770 273 2825 et
294 2782 356 2824 non
379 2763 583 2843 liberasum,
611 2762 751 2843 potentia
778 2768 840 2822 tum
863 2761 978 2823 servari
999 2766 1064 2822 turn

140 2845 258 2909 dimitti.
303 2846 363 2908 Sed
387 2848 459 2928 quia
478 2846 556 2907 haec
577 2845 627 2907 vel
657 2845 839 2907 adversariis
867 2844 916 2906 vcl
937 2843 1065 2905 infirmis
1128 2876 1131 2881 ·

138 2931 261 2990 venient
290 2931 321 2990 in
344 2950 462 3008 manus,
486 2927 707 2990 occurrendum
730 2933 778 2990 est
806 2947 911 2990 eorum
944 2927 1064 3007 effugiis

140 3018 172 3072 et
194 3013 454 3094 praeoccupanda
476 3012 556 3074 vada
588 3010 730 3074 Iordanis
764 3012 872 3093 huius,
900 3030 940 3072 ne
974 3010 1064 3071 nobis

139 3095 299 3157 elabantur
320 3098 474 3177 principes
496 3097 545 3157 isti
566 3095 812 3157 Madianitarum.
854 3096 957 3157 Primo
981 3094 1063 3154 enim

139 3177 306 3258 negabunt,
327 3178 418 3242 fidem
454 3200 491 3241 eo
514 3179 585 3240 loco
619 3177 712 3245 fidem
746 3174 953 3259 Christianam
987 3195 1066 3254 esse,

138 3261 288 3323 habentes
309 3261 474 3344 humanam
495 3263 664 3344 glossulam
677 3267 749 3325 'tum
766 3261 975 3323 obscuriorem
998 3263 1066 3339 ipso

139 3352 236 3422 textu,
257 3351 320 3407 tum
333 3345 372 3406 ab
394 3347 534 3426 ipsismet
544 3365 699 3427 nunquam
718 3344 913 3425 intellectam,
936 3352 969 3406 ut
981 3362 1067 3405 more

140 3447 197 3490 suo
230 3428 405 3507 Scripturas
438 3432 499 3491 vim
529 3429 655 3492 eludant
687 3427 839 3491 eiusmodi
873 3428 1065 3504 commentis,

161 3511 250 3573 uibus
278 3512 347 3592 plus
375 3511 519 3594 creduut,
545 3533 637 3594 quam
665 3513 747 3593 puris
775 3519 807 3573 et
827 3512 941 3593 apertis
963 3511 1065 3571 verbis

140 3531 211 3672 bei,
232 3594 317 3656 nulla
339 3613 444 3675 cause,
467 3597 525 3658 nisi
549 3596 630 3677 quod
643 3594 794 3678 principio
816 3593 964 3676 perfidiae
986 3613 1061 3657 snae

214 3759 246 3830 1)
267 3758 337 3816 mc.
356 3759 447 3816 cocae
465 3757 515 3816 atu.
