2392 4170
137 242 180 317 60
368 248 511 324 Apologia
530 250 648 322 Philippi
670 250 835 309 lleianclrth.

100 492 103 497 Ι
142 416 262 498 equus?
306 415 386 478 Num
418 416 533 480 salsum
557 437 642 481 mare
675 416 783 479 aDeo
813 414 970 480 conditum
1001 416 1064 479 sili

140 498 181 563 Ut
202 500 323 562 iuterim
345 508 546 581 praeteream,
569 522 661 582 quern
676 501 771 562 mults
793 502 885 582 impie
907 501 1064 581 scripserit

50 629 53 633 »
138 582 177 644 de
193 583 359 646 voluntatis
387 583 537 649 libertate.
580 587 658 648 Nam
682 604 720 646 eo
743 584 814 649 loco
843 603 904 646 non
929 584 1022 647 modo
1044 605 1082 646 a.

139 665 317 747 Scriptura,
346 667 400 728 sed
424 675 455 729 et
490 670 529 731 ab
552 669 693 732 omnibus
720 670 834 748 pariter
862 668 1063 730 Scholasticis

139 752 247 814 variat.
291 751 331 811 ct
357 770 425 812 cum
447 753 525 815 tales
554 754 616 817 aiut
641 752 782 829 Parisiis,
799 771 878 814 ·non
908 752 1062 832 estquod

137 833 277 916 mireris,
315 834 434 914 lector,
468 857 521 899 cur
556 857 662 918 parurn
692 837 814 916 propitii
838 837 897 896 sint
917 835 1062 897 Luthero.

136 915 239 980 Nihilo
269 918 423 998 quondam
446 922 608 1001 aequiores
636 926 723 981 erant
744 919 875 980 Gereoni
899 938 973 1000 suo,
996 919 1062 980 viro

136 1020 191 1080 per
213 1003 317 1062 omnia
349 1022 483 1084 magno,
513 1025 582 1066 cum
614 1005 751 1065 saniores
792 1007 895 1065 essent
922 1002 1063 1091 lutetiae

137 1082 279 1146 scholae.
320 1085 411 1147 Nunc
436 1088 507 1170 quid
529 1088 637 1166 tieret,
659 1106 726 1149 cum
748 1088 851 1148 omnia
873 1084 966 1164 plena
988 1093 1061 1147 sunt

137 1167 312 1248 sophisticis
334 1169 433 1230 fucis?

217 1251 414 1331 compertum
433 1264 534 1318 autem
551 1253 652 1317 babeo
668 1273 738 1315 esse
760 1253 801 1313 ibi
824 1254 926 1329 etiam,
950 1251 1060 1332 quibus

135 1353 197 1396 non
221 1334 364 1415 displicet
384 1335 554 1415 Lutherus,
582 1339 637 1402 sed
666 1340 709 1399 ita
741 1338 864 1398 evenire
895 1336 977 1397 solet
997 1355 1059 1397 non

135 1416 230 1480 modo
262 1421 292 1479 in
316 1422 427 1500 sacris,
456 1423 509 1483 sed
544 1430 575 1483 et
596 1421 736 1484 civilibus
759 1421 902 1502 negotiis,
925 1421 1060 1480 maxima

135 1520 209 1563 varo
231 1502 262 1562 in
285 1501 391 1584 sacris,
414 1512 447 1567 ut
468 1508 500 1568 et
520 1507 683 1587 pauciores
705 1505 784 1583 sint,
814 1505 864 1583 qui
886 1503 960 1565 boui
981 1510 1061 1581 suut,

136 1591 166 1647 et
187 1585 349 1666 plurimum
365 1590 493 1667 possint,
511 1609 589 1670 quos
602 1589 726 1649 minime
749 1588 892 1669 oportuit.
931 1586 965 1647 ld
977 1584 1059 1665 quod

134 1667 208 1729 vidit
239 1671 331 1731 ctiam
360 1670 528 1750 Homerus,
558 1691 733 1752 quanquam
762 1690 894 1744 caecus,
920 1689 989 1730 cum
1018 1670 1062 1730 ait

135 1749 177 1815 τὰ
199 1757 353 1837 χερείονα
375 1759 481 1821 νικᾶν.
521 1757 595 1833 Quis
618 1757 717 1817 nescit
738 1755 819 1815 euim
842 1755 871 1814 in
888 1752 1060 1831 (iapuionia

134 1853 230 1898 causa
250 1857 305 1917 per
332 1840 415 1918 quas'
437 1840 537 1902 larvas
566 1859 615 1901 res
636 1847 708 1901 acta
729 1839 785 1916 sit,
818 1857 886 1898 cum
914 1836 1060 1898 b'acullas

134 1919 226 1980 etiam
257 1920 408 1983 diceretur
437 1924 619 1986 decrevisse.
663 1922 808 2001 Septem,
833 1923 862 1980 ni
892 1919 997 2000 fallor,
1019 1916 1059 1980 ad

133 2021 308 2084 summum,
338 2012 369 2066 et
397 2008 426 2066 in
458 2007 506 2068 his
535 2007 676 2068 monachi
700 2005 818 2084 aliquot
839 2009 1057 2082 convenerant,

134 2086 195 2164 qui,
217 2087 297 2147 sicut
317 2088 376 2167 ipsi
387 2089 562 2169 loquuntur,
573 2087 846 2169 repraesentabant
857 2087 1057 2148 Facultatem.

135 2167 214 2245 Quid
244 2171 269 2229 si
303 2169 383 2231 idem
420 2172 471 2234 hic
493 2174 627 2235 accidit?
670 2173 853 2250 Quanquam
885 2189 945 2231 non
968 2170 1060 2230 refert

134 2252 185 2330 qui
213 2250 418 2333 decreverint,
447 2257 518 2335 quid
555 2258 709 2318 decretum
732 2256 771 2314 sit
801 2253 1057 2314 considerandum

133 2341 194 2411 est3
224 2354 282 2396 nec
308 2339 426 2416 angelis
455 2341 658 2420 Evangelium
685 2336 859 2399 vitiantibus
887 2336 1058 2397 cedendum

134 2437 204 2479 esse
231 2418 316 2482 iubet
343 2424 522 2501 Apostolus.
565 2424 629 2484 Nos
664 2421 786 2482 insulsis
819 2421 883 2479 istis
917 2426 947 2480 et
981 2419 1059 2480 bene

133 2501 298 2581 pinguibus
313 2505 466 2586 Magistris
488 2507 611 2585 nostris,
635 2506 684 2584 qui
698 2525 737 2564 ne
760 2502 947 2581 suaquidem
964 2523 1060 2581 parva

133 2583 278 2665 logicalia
309 2598 392 2649 recte
429 2589 614 2665 didicerunt,
651 2585 816 2649 cedemus?
874 2585 1058 2662 Apostolum

133 2687 233 2747 neque
267 2678 438 2750 potestates
471 2692 571 2752 neque
605 2672 791 2753 principatus
821 2667 859 2728 ab
886 2667 1058 2748 Evangelio

132 2751 277 2814 avellunt.
320 2754 385 2816 Nos
409 2755 543 2817 avellant
571 2756 628 2815 bae
651 2755 808 2814 homiuum
832 2751 958 2811 larvae?
988 2750 1058 2830 quid

133 2835 212 2895 enim
235 2839 306 2898 suut
326 2845 447 2917 praeter
470 2836 601 2903 larvas?
631 2838 739 2898 Valeat
762 2853 874 2895 nomen
899 2834 1059 2914 Magistro·

132 2938 197 2979 rurn
220 2926 406 3001 nostrorum,
429 2922 532 2983 valeat
553 2942 665 2982 nomen
688 2918 926 2994 Parisiensium‚
950 2917 1004 2979 ssd
1028 2918 1058 2977 iu

132 3003 195 3063 suis
208 3002 332 3079 scholis,
354 3005 384 3064 iu
397 3005 501 3085 repub.
536 3005 708 3066 Christiana
724 3001 797 3063 nihil
813 3001 914 3061 valeat
935 3007 1059 3079 praeter

132 3103 241 3147 vocem
275 3086 408 3166 Christi,
443 3107 533 3168 quam
569 3089 619 3170 qui
656 3105 717 3147 nou
758 3084 865 3162 audit,
895 3085 920 3143 is
949 3084 1059 3145 Christi

132 3186 196 3229 non
220 3174 277 3233 est.
631 3168 635 3177 “

216 3251 284 3313 Nou
306 3253 458 3314 referebat
492 3251 653 3315 admodum
686 3248 901 3330 respondere,
936 3249 1060 3328 quaudo

132 3340 254 3413 praeter
274 3335 371 3396 nudas
385 3337 619 3418 Propositiones
643 3335 716 3396 nibil
737 3333 902 3416 opponitur
919 3332 1061 3411 Lutberc,

133 3418 185 3496 qui
207 3437 263 3478 sua
286 3419 330 3478 sic
350 3419 485 3500 undique
506 3419 662 3499 Scriptura
684 3416 880 3490 communiit,
901 3417 931 3475 in
955 3417 1060 3496 primis

132 3505 236 3561 autem
259 3501 288 3560 iu
312 3500 428 3582 libello,
452 3522 541 3583 quem
564 3501 719 3583 inscripsit
740 3499 959 3561 Adsertionem
983 3500 1060 3560 Arti-

132 3582 270 3644 culorum
294 3603 312 3643 a
333 3584 438 3646 Leone
460 3587 497 3648 X.
522 3587 746 3662 damnatorum,
771 3588 803 3643 ut
817 3582 912 3660 impia
933 3581 1059 3642 iudicari

132 3667 191 3727 uisi
214 3665 253 3726 ab
275 3667 376 3748 impiis
399 3687 459 3730 non
483 3670 612 3750 possint.
654 3667 771 3729 Tamen
795 3663 931 3726 indicare
953 3666 1060 3745 paucis

132 3748 220 3810 libuit
255 3768 348 3812 unum
389 3759 442 3813 aut
476 3752 606 3814 alterum
640 3752 765 3829 locum,
798 3768 838 3809 ex
874 3766 936 3828 quc
969 3748 1060 3811 aesti-
