2392 4170
143 228 208 303 490
424 232 517 337 Breve
532 231 652 292 Adriani
668 230 767 304 Papae
785 234 824 291 VI
875 269 879 277 -

144 405 226 487 quod
250 403 403 468 Dominus
423 424 479 487 per
499 403 631 487 Moysen
658 406 819 487 praecepit
851 405 997 468 universo
1019 425 1073 488 po·

142 491 217 635 pplo
239 488 334 551 Israel
347 486 397 572 ΙΙΙ),
419 496 452 551 ιιι
473 497 689 571 separarentur
710 490 947 552 atabernaculis
961 489 1072 568 Chore,
1185 514 1188 523 ·

172 572 265 634 athan
288 581 318 634 et
340 573 472 652 Abiron,
505 594 546 635 ne
567 582 707 654 tangeret
728 575 902 653 quicquam,
925 573 1011 654 quod
1034 573 1073 634 ad
1184 608 1187 639 ;

143 676 198 718 eos
220 658 402 738 pertineret,
430 677 469 719 ne
490 658 720 719 involverentur
740 660 771 718 in
794 659 929 738 peccatis
954 677 1073 737 eorum,
1182 658 1186 727 j

143 741 204 801 hoc
227 746 257 801 et
268 741 366 819 vobis,
390 743 556 822 praecipue
579 750 680 803 autem
704 741 768 819 tibi,
792 741 904 802 dilecte
915 740 970 822 fili,
996 744 1073 802 eiua-

143 823 213 885 dem
237 825 360 885 Domini
382 827 478 887 nostri
500 826 682 886 auctoritate
703 826 907 906 praeripimus
930 833 962 885 et
985 825 1073 886 obse·

144 926 263 969 oramus
298 908 328 968 iu
352 908 473 970 Christo
495 910 579 985 Iesu,
616 916 648 969 ut
677 910 858 988 separemini
898 909 1072 970 aMartino
1178 928 1181 941 ·

143 990 295 1071 Luthero,
333 992 476 1054 auferatis
515 992 645 1053 avobis
676 1001 794 1072 petram
815 992 899 1053 iilam
921 992 1071 1071 scandali,

143 1094 244 1154 neque
266 1077 416 1154 tangatis,
445 1075 527 1156 quod
554 1075 635 1137 illius
657 1082 720 1156 est,
754 1095 793 1135 ne
825 1080 855 1135 et
887 1095 945 1136 vos
969 1075 1072 1137 divina

143 1157 219 1218 ultio
242 1158 382 1221 involvat
403 1159 504 1222 subito
524 1161 555 1220 in
578 1161 713 1241 peccatis
735 1159 826 1220 illius.

225 1241 404 1323 Expurgate
426 1244 652 1324 quamprimum
673 1244 854 1304 fermentum
876 1242 965 1323 illud,
989 1242 1070 1324 quod

142 1325 291 1405 reliquam
314 1326 385 1387 fidei
398 1336 518 1388 vestrae
530 1347 662 1388 massam
676 1328 819 1407 corrupit,
843 1333 877 1386 ut
899 1327 967 1387 sitis
991 1347 1072 1389 nova

143 1410 321 1488 conspersio
349 1430 492 1489 novaque
521 1418 668 1475 creatura.
711 1411 780 1473 Non
802 1409 997 1491 dedigneris,
1031 1411 1070 1471 fiii

143 1491 355 1569 dilectissime,
382 1494 509 1554 Panium
531 1495 658 1574 imitari,
695 1513 785 1573 quem
808 1495 887 1553 sicut
906 1495 1019 1574 vicisti,
1041 1496 1070 1554 iu

142 1577 274 1637 ecclesia
297 1577 356 1638 Dei
379 1578 639 1658 persecutionem,
663 1582 725 1638 tam
747 1596 874 1658 gravem
897 1579 1070 1639 animarum

141 1659 317 1740 perniciem,
341 1661 397 1722 sub
421 1667 473 1723 tuo
496 1661 632 1721 nutriens
654 1662 826 1740 patrocinio
833 1707 842 1740 ,
863 1661 907 1721 ita
929 1681 1070 1722 reversus

142 1741 182 1803 ad
204 1762 267 1821 cor,
291 1744 389 1824 effice,
414 1751 447 1805 ιιι
469 1763 575 1805 omues
597 1745 772 1826 intelligant
792 1751 876 1804 tuam
893 1747 1069 1807 couversio-

142 1845 222 1904 nem,
245 1834 338 1906 utque
360 1829 411 1907 qui
433 1847 488 1908 per
511 1835 542 1888 te
563 1828 853 1909 suntscandalisati,
875 1829 906 1888 in
922 1835 955 1890 te
969 1848 1069 1890 rursus

142 1909 317 1992 glorificent
337 1909 450 1974 Deum.

223 1994 357 2055 Maxime
390 2002 493 2056 autem
525 1994 587 2055 hoc
615 2001 739 2075 praesta
761 1995 1005 2074 quamprimum,
1040 1999 1070 2053 ut

139 2078 292 2156 impurum
315 2097 350 2138 os
372 2078 447 2139 illud
469 2077 638 2156 obstruant,
662 2085 693 2138 ut
716 2076 1068 2158 capuleturblasphema

140 2160 256 2240 lingua,
279 2180 339 2239 qua
361 2169 468 2222 contra
492 2162 588 2221 Deum
612 2167 795 2222 ao'sanctos
819 2161 884 2219 eius
908 2160 996 2238 loqui
1010 2180 1068 2220 noo
1171 2184 1174 2191 ¹

141 2251 242 2304 cessat
265 2251 295 2304 et
318 2245 398 2304 virus
421 2265 506 2305 suum
531 2245 665 2324 undique
695 2263 855 2324 spargere;
889 2251 920 2302 et
943 2253 977 2304 ιιι
999 2263 1069 2323 ριο-
1171 2240 1174 2255 “

139 2327 269 2407 piraticis
292 2346 348 2387 vos
371 2328 470 2389 verbis
493 2328 724 2406 admoneamus,
748 2333 930 2406 statesupar
952 2328 1019 2387 vias
1042 2333 1069 2385 et
1171 2346 1175 2365 =

139 2411 241 2470 videte
264 2429 300 2470 ac
322 2413 510 2492 interrogate
539 2412 577 2472 de
601 2412 716 2471 semitis
739 2411 890 2489 antiquis,
931 2411 1069 2488 quaesit
1172 2470 1175 2483 ,

140 2495 190 2554 via
211 2494 304 2571 bona,
327 2501 358 2556 et
370 2494 525 2556 ambulate
542 2497 571 2554 in
595 2498 632 2554 ed
654 2501 684 2554 et
705 2494 867 2553 invenietis
879 2493 1067 2574 refrigerium

140 2576 300 2638 animabus
325 2581 442 2640 vestris.
487 2579 582 2656 State,
606 2579 740 2657 iuquam,
764 2584 795 2636 et
806 2576 956 2637 doctrinis
979 2578 1068 2637 variis
1170 2584 1174 2633 ἑ

140 2666 170 2721 et
191 2662 361 2741 peregrinis
385 2662 480 2722 nolite
503 2659 624 2723 abduci.

222 2744 412 2826 Interrogata
445 2744 483 2805 de
514 2746 629 2804 semitis
662 2744 810 2822 antiquis,
849 2761 931 2820 quae
960 2744 999 2802 sit
1021 2744 1069 2802 via

139 2825 239 2905 bona,
272 2848 327 2908 por
355 2848 445 2907 quam
470 2827 703 2889 ambulaverunt
724 2832 826 2906 patres
849 2826 955 2903 vestri,
979 2845 1068 2905 quam

140 2909 428 2972 demonstraveruut
450 2916 495 2972 tot
517 2911 671 2990 myriades
693 2916 875 2990 martyrum,
898 2906 1071 2970 docuerunt

139 2999 186 3054 tot
207 2995 301 3054 millia
322 2995 549 3073 confessorum,
572 3001 601 3054 et
623 2993 777 3054 ambulate
798 2994 829 3052 in
853 3011 900 3054 ea.

223 3076 313 3152 Quod
336 3080 360 3137 si
383 3099 402 3139 a
426 3078 512 3139 vobis
535 3078 815 3157 impetraverimus,
829 3076 925 3157 ,siout
955 3081 986 3136 et
1008 3077 1069 3134 sin·
1172 3064 1175 3089 '

139 3178 209 3220 cere
232 3180 406 3240 speramus,
440 3163 495 3221 erit
516 3161 599 3240 quod
629 3160 817 3241 gaudeamus
851 3178 921 3218 cum
952 3159 1070 3237 augelis

139 3240 177 3302 de
200 3250 364 3322 peccatore
398 3245 620 3324 poeniteutiam
660 3249 771 3323 agente
811 3247 842 3301 et
864 3241 1018 3320 perditam
1043 3248 1072 3300 et

138 3344 242 3385 rursus
264 3327 420 3387 iuventam
445 3347 534 3388 ovem
558 3327 690 3387 humeris
714 3326 825 3386 uostris
848 3324 887 3385 ad
911 3326 1069 3386 oviieDo·

139 3408 211 3465 mini
249 3409 418 3487 gaudentes
450 3409 691 3489 reportabimus,
725 3415 917 3489 paternaque
947 3411 1070 3489 pietate,

139 3496 284 3568 quantum
308 3494 340 3551 in
362 3493 450 3553 nobis
473 3494 571 3573 fuerit,
595 3493 706 3553 stolam
729 3491 819 3553 vobis
842 3493 1006 3572 pristinam
1030 3512 1071 3552 re·

139 3575 310 3634 stituemus.

109 3712 118 3725 ·
215 3770 246 3848 ’)
269 3768 377 3830 Numa.
395 3762 442 3827 ιιι.
