2392 4170
457 231 636 341 Dootmilart.
655 283 738 342 tutti
989 282 1052 354 367

134 439 284 504 eiusmodi
305 441 390 503 irrite
402 460 472 503 esse
493 448 525 502 et
539 441 614 505 nihil
629 461 762 528 unquam
778 442 919 506 vetuisse.
950 444 1054 521 Quem

132 533 163 588 et
185 524 400 587 declinandum
424 524 463 587 nb
486 526 529 587 eis
552 535 608 602 est,
631 527 678 587 vel
701 527 824 607 spiritu,
848 528 927 589 siout
948 527 1057 607 Sunoti'

132 610 281 687 iecerunt,
305 608 354 669 vel
377 609 483 691 spiritu
505 616 535 669 et
557 609 645 671 litere
666 610 755 670 simul
788 617 932 689 tunquam
965 633 984 672 n
1000 629 1053 678 se·

135 693 281 755 dnotione
304 693 474 757 pertissima
496 712 551 773 per
573 692 758 774 Apostolum
787 693 836 754 hio
865 693 990 758 definite
1023 701 1055 756 et

134 777 287 838 demuete.
330 774 416 838 Idem
444 776 527 855 vult,
557 778 606 837 ubi
635 775 828 838 Timotheum
864 776 893 837 in
925 785 1080 860 utroque*

133 859 265 942 epistole
288 859 354 920 vult
375 879 500 922 monere
516 860 546 920 in
560 861 596 920 iis
619 879 698 940 quae
714 859 967 931 didiceretnihii
986 882 1052 943 per·

133 944 255 1005 mittens
277 941 359 1005 eddi.
396 943 463 1005 Hoo
485 937 600 1015 inoiens
622 940 801 1025 (inquit*)i
827 943 1055 1011 sslvnmfeoisr

125 1023 163 1088 'te
183 1027 284 1107 ipsum
310 1033 342 1087 et
363 1028 413 1107 qni
435 1034 465 1088 te
488 1026 624 1102 audiunt,
647 1026 728 1091 haud
750 1026 898 1108 dubium,
915 1028 1056 1109 quius-'si

132 1130 194 1172 non
234 1112 436 1191 permanserit
463 1113 494 1172 in
522 1112 582 1186 eis,
616 1109 723 1189 perdet
756 1132 791 1173 se
818 1113 918 1193 ipsum
944 1119 978 1186 et
997 1131 1056 1181 eos

131 1195 184 1274 qui
206 1213 240 1255 se
263 1193 398 1258 audiunt.
442 1193 520 1255 Hine
551 1203 581 1255 et
611 1195 717 1255 Petrus
739 1199 767 1258 2.
791 1195 869 1263 retr·
901 1197 1055 1262 2·.‘seotus

132 1276 311 1359 perditionis
334 1277 480 1359 appellet,
503 1278 657 1339 horrendo
677 1284 708 1339 et
729 1277 853 1339 terribili
876 1278 972 1340 verbo
995 1297 1054 1346 nos

132 1380 151 1421 a
180 1361 272 1422 sentis
300 1367 331 1422 et
359 1361 557 1442 opinionibus
586 1368 673 1422 extro
701 1361 852 1428 Christum
886 1362 1055 1437 deterrens.

133 1445 182 1512 Et
197 1448 224 1508 1.
248 1443 325 1508 Petr.
349 1445 378 1518 4,
400 1443 455 1505 ubi
484 1446 645 1524 iussisset,
676 1465 715 1506 ne
742 1445 856 1524 aliquid
893 1446 1056 1514 doceretur

133 1526 357 1608 quemverbnm
366 1526 434 1608 Dei,
454 1528 675 1608 nequeeiiquid
684 1528 898 1607 disponeretur
910 1530 968 1590 nisi
976 1549 1055 1610 opus

134 1612 201 1690 Dei,
225 1618 257 1673 ut
280 1610 364 1672 solus
387 1612 469 1672 Deus
492 1612 522 1672 in
544 1611 634 1674 nobis
662 1611 884 1692 gloriflonretur
905 1613 936 1674 in
959 1614 1055 1681 omni·

133 1696 190 1757 bus
212 1714 266 1777 per
289 1695 388 1756 lesum
407 1694 570 1774 Christum,
593 1695 714 1774 ediooit,
739 1713 777 1755 ne
790 1693 1057 1775 peregrinarentur

133 1780 164 1840 in
186 1777 306 1840 fervore
328 1778 523 1858 tentationis,
545 1778 600 1839 sed
623 1779 717 1857 ipsius
742 1778 836 1839 verba
856 1778 1057 1841 saluberrime

134 1861 310 1923 audiemus:
334 1861 561 1942 Unusquisque,
594 1863 672 1922 siout
694 1863 814 1942 nooepit
834 1861 967 1940 donum,
1000 1863 1057 1922 mi·

133 1946 242 2007 nistret
262 1946 362 2027 ipsum
385 1947 541 2007 intervos
564 1947 665 2026 ipsos,
692 1945 772 2006 siout
804 1944 876 2006 boui
899 1945 1055 2026 dispensu-

133 2035 217 2090 torss
251 2027 442 2091 multiformis
475 2030 593 2108 gratioe
621 2029 688 2090 Dei.
738 2027 769 2090 Si
807 2029 874 2107 quis
912 2027 1056 2108 loquitur,

133 2117 279 2191 tanquam
305 2131 462 2174 sermones
486 2113 557 2190 Dei,
580 2114 605 2172 si
629 2113 696 2192 quis
719 2113 885 2190 ministret,
909 2119 1055 2190 tunquam

134 2213 174 2254 ex
196 2195 320 2271 virtute,
344 2214 434 2273 quem
457 2195 633 2276 suppeditet
656 2196 757 2273 Deus,
792 2202 824 2254 ut
851 2197 880 2256 iu
913 2193 1054 2255 omuibus

134 2273 322 2356 glorificetur
335 2276 416 2338 Deus
438 2298 493 2358 per
514 2279 613 2339 iesum
630 2278 792 2353 Christum,
815 2279 864 2340 oui
886 2286 943 2339 est·
955 2277 1055 2358 glorie

134 2366 165 2421 et
186 2359 344 2439 imperinm
367 2360 398 2419 in
422 2361 526 2423 sennis
548 2361 730 2422 secutorum.
771 2361 937 2438 Carissimi,
960 2361 1056 2423 nolite

133 2441 321 2524 peregrinari
343 2443 374 2502 in
396 2442 525 2520 fervore,
548 2444 598 2522 qui
621 2444 651 2503 in
675 2445 763 2504 vobis
786 2452 846 2519 est,
871 2446 920 2523 qui
944 2443 979 2504 fit
1000 2463 1055 2504 vo..

133 2525 180 2587 bis
202 2526 233 2586 in
255 2525 468 2604 tentationem,
491 2526 578 2606 qussi
609 2526 804 2606 peregrinum
828 2525 914 2587 robis
936 2528 1062 2595 nontinr

134 2614 197 2689 get,
219 2608 274 2670 sed
297 2609 522 2669 communiente
544 2608 740 2688 passionibus
762 2607 902 2679 obusti„
1055 2623 1058 2627 ’

217 2691 349 2752 Primum
372 2691 437 2752 vult
459 2691 532 2752 nihil
556 2692 729 2767 ministrari,
751 2691 981 2771 nisinoeeptnm
1004 2690 1057 2751 do·

134 2794 217 2851 uum,
240 2773 313 2836 nihil
339 2773 454 2851 doeeri,
476 2775 532 2836 uisi
556 2774 681 2835 verbum
705 2774 778 2848 Dei,
800 2772 873 2834 nihil
887 2774 976 2853 geri,
999 2774 1055 2833 nisi

135 2857 217 2938 quod
248 2865 393 2940 operetur
419 2859 450 2919 iu
480 2857 577 2920 nobis
599 2858 700 2928 Deus,
726 2859 805 2938 ,quie
834 2876 897 2917 non
933 2862 1058 2917 nostrae

134 2943 219 3021 opis,
242 2941 296 3003 sed
319 2940 512 3003 multiformis
533 2942 651 3021 gratiae
673 2941 730 3003 Dei
763 2960 868 3002 sumus
898 2939 1060 3019 dispense-v

135 3030 227 3104 tores,
251 3031 284 3086 ut
306 3025 380 3085 nihii
408 3024 552 3099 humani,
582 3023 636 3084 sed
660 3025 765 3086 omnio
793 3023 895 3084 divina
919 3022 1062 3089 dieantur,

134 3113 165 3167 et
186 3114 331 3188 gerentur
351 3109 381 3168 in
405 3108 504 3173 nobis,
539 3107 629 3183 Quod
643 3108 714 3169 ideo
732 3106 797 3168 fleri
811 3105 914 3184 debet,
939 3113 972 3175 nt
991 3105 1056 3187 glo·

134 3189 268 3252 rifloetnr
290 3191 373 3252 Deus
396 3193 570 3271 pertesum
594 3189 758 3270 christum,
783 3191 943 3266 ouiusest
959 3188 1065 3272 glorio:

133 3280 164 3333 et
184 3274 344 3354 imperium
367 3275 397 3334 in
411 3275 516 3337 omnio
538 3273 644 3337 seoule
659 3273 844 3345 seculorum,
876 3273 952 3335 Onm
976 3273 1056 3334 enim

133 3376 260 3438 regnum
283 3358 349 3418 eius
361 3358 470 3437 simus,
493 3364 523 3418 et·
540 3358 636 3439 ipsius
649 3357 688 3418 sit
704 3375 834 3437 regnare
850 3364 886 3417 et
906 3357 1059 3439 imperare

133 3442 164 3501 in
187 3439 288 3516 nobis,
310 3439 546 3521 permittendum
569 3460 632 3502 non
662 3446 710 3501 est
738 3439 864 3501 verbum
893 3447 946 3500 sut
967 3453 1061 3520 opus,¹

134 3523 217 3604 quod
239 3524 306 3604 ipse
329 3541 390 3584 non
414 3523 547 3604 loquitur
568 3531 621 3585 aut
649 3541 711 3584 uon
737 3529 884 3604 operetur
904 3524 934 3584 in
958 3522 1057 3584 nobis.

134 3605 167 3668 si
188 3612 291 3669 nutem
314 3607 532 3688 permittimus,
554 3607 615 3667 iem
643 3606 896 3673 abiioimus'eum
919 3624 988 3669 oum
1010 3604 1059 3669 Iu·

145 3782 483 3865 -·Mffis‘
