2392 4170
395 247 520 300 Rationis
542 247 716 298 latomianae
735 249 785 298 ato.
989 242 1047 305 461

132 395 284 458 Ohristum
306 399 468 480 signifieat.
511 398 610 460 Nemo
633 397 724 458 dixit:
746 398 850 459 Aaron
874 416 935 458 uno
958 397 1050 459 modo

134 479 301 561 christum,
333 482 394 542 alio
417 484 510 543 modo
540 482 633 542 tilium
656 483 791 542 Amram.
836 480 935 541 Nemo
958 481 1050 541 dixit:

133 562 231 624 David
266 584 328 624 uno
362 565 455 626 modo
485 560 565 625 tiliu's
589 566 663 642 lsai,
697 564 758 625 alio
783 563 876 624 modo
898 563 1051 642 Christus3

132 645 279 707 Salomon
305 667 365 708 nno
388 647 482 711 modo
506 646 585 709 tilius
608 648 725 724 David,
760 646 820 707 alio
855 647 948 707 modo
968 646 1053 708 Chri·

134 735 208 793 stns.
252 729 294 791 Et
326 737 427 792 tameo
452 750 523 791 vera
546 731 689 790 dicimus:
714 729 851 791 Christus
874 739 920 790 est
943 729 1052 810 David,

132 812 299 890 Salomon,
334 814 456 892 Aaron,
479 822 509 874 et
532 817 635 874 onmia
656 813 708 875 illa
732 815 841 872 veteris
863 813 1051 874 Testamenti

132 895 297 976 symbolas
328 898 374 957 Ae
398 906 523 978 propter
541 896 785 957 hunoOhristum
807 897 968 976 peoo'atnm
991 897 1052 957 fao-

133 985 195 1038 tnm
219 981 310 1040 etiam
334 999 390 1040 sua
411 981 578 1040 similitudo
601 986 761 1060 peooatum
787 979 912 1054 dieitur,
935 978 1052 1040 oblatio

132 1061 250 1121 seilicet
271 1065 381 1122 veteris
394 1063 593 1142 Testamenti,
614 1065 657 1122 ita
679 1070 787 1122 utnon
804 1061 975 1142 diversitas,
998 1063 1052 1121 sed

132 1144 297 1206 similitudo
319 1148 440 1227 peooati
472 1165 527 1226 per
555 1147 659 1206 omnia
692 1151 834 1224 maneat,
870 1164 949 1224 quae
982 1145 1054 1205 iacit

133 1227 236 1307 figuris
261 1228 372 1307 loaum,
397 1239 426 1287 et
450 1247 555 1291 vocem
580 1247 774 1289 communem
796 1227 914 1308 reddit,
935 1228 978 1288 illi
1001 1249 1052 1288 au-

134 1318 193 1369 tem
217 1320 377 1391 peooatum
401 1313 446 1372 aio
467 1320 610 1396 tractant,
632 1318 665 1371 ut
682 1321 813 1390 quatuor
822 1312 912 1402 p'stae
934 1314 1052 1390 speeies

134 1393 344 1456 dissimiliores
366 1397 440 1474 sint,
474 1413 564 1474 quam
598 1394 718 1455 eoelum
747 1400 777 1454 et
800 1403 894 1470 terra,
930 1414 970 1454 ex
993 1413 1054 1472 qna

134 1476 378 1538 dissimilitudine
420 1477 582 1539 hebetatur
623 1477 816 1555 intellectus,
860 1477 1054 1538 confunditur

133 1561 251 1637 anima,
285 1567 316 1620 et
337 1563 415 1643 perit
438 1563 580 1622 universa
614 1562 729 1642 gratia,
765 1567 828 1620 tum
859 1559 958 1639 verbi,
990 1569 1053 1619 tum

133 1662 242 1703 rerum.
285 1643 354 1704 Hoo
389 1644 481 1704 modo
515 1643 627 1703 Paulus
652 1643 738 1703 Rom.
762 1644 791 1706 8.
822 1650 956 1704 tractans
985 1661 1054 1723 peo-

135 1734 236 1786 eatum
260 1725 346 1786 dioit:
370 1726 410 1787 Et
431 1727 470 1787 de
492 1735 624 1807 peceato
647 1726 805 1786 damnavit
819 1734 993 1807 pennatum,
1017 1727 1054 1786 de

134 1819 263 1889 peoaato
295 1810 366 1887 illo,
399 1810 481 1889 qnod
505 1809 657 1870 Christum
689 1828 758 1870 ease
780 1809 869 1892 seuit,
905 1809 1054 1870 translato

134 1901 238 1952 nostro
261 1894 292 1951 in
313 1892 397 1952 illum
414 1892 570 1954 damnavit
582 1899 744 1974 peooatum
761 1901 910 1971 nostrum,
933 1893 971 1954 de
993 1909 1054 1973 quo

134 1994 214 2035 nuno
237 1974 394 2036 videamus
412 1975 455 2052 ¹).

216 2058 353 2118 Dicimus
375 2078 463 2140 ergo,
487 2059 649 2139 sophistas
671 2076 743 2121 vere
766 2077 826 2119 non
850 2078 960 2136 nossa,
982 2059 1054 2143 quid

134 2143 172 2200 sit
193 2148 359 2221 peecatum>
378 2161 444 2202 usu*
457 2143 697 2224 Scripturarum,
732 2162 803 2203 nam
826 2142 896 2202 dum
921 2159 1054 2222 poenam

136 2231 262 2300 vooant,
295 2225 388 2305 longe
410 2226 588 2286 dissimilem
609 2245 674 2286 rem
696 2245 716 2286 a
738 2235 867 2307 peooato
890 2227 1055 2306 somniant,

134 2308 216 2386 quod
240 2306 396 2388 Scriptura
418 2328 480 2368 non
509 2309 598 2389 faoit3
628 2309 716 2388 qnia,
753 2317 786 2368 ut
808 2309 886 2388 dixi,
918 2308 1055 2369 christus

134 2391 240 2450 similia
263 2398 392 2471 peceato
416 2392 471 2452 fuit
492 2411 547 2472 per
571 2394 689 2470 omnia,
711 2392 769 2451 nisi
788 2392 871 2472 quod
894 2401 1055 2472 peceatum

136 2493 196 2534 nou
231 2474 310 2536 lenit.
354 2474 432 2535 Nam
466 2493 559 2535 omne
594 2473 668 2535 illud
704 2474 835 2553 malum,
868 2475 951 2555 quod
985 2485 1056 2556 post

136 2569 236 2616 aetum
259 2560 379 2637 peooati
400 2560 431 2618 in
455 2557 543 2618 nobis
566 2567 623 2634 est,
646 2556 763 2617 seilicet
785 2559 877 2618 timor
898 2561 1004 2618 mortis
1027 2567 1057 2619 et

135 2641 254 2716 interni,
277 2643 373 2701 sensit
394 2653 424 2701 et
448 2642 514 2701 tulit
533 2640 681 2717 Christus,
703 2640 777 2700 illud
794 2639 1055 2720 veroflgmeutnm

136 2724 254 2783 illorum
290 2725 328 2784 de
362 2734 448 2784 reatu
482 2731 513 2784 et
543 2725 742 2805 deputatione
775 2724 813 2783 ad
843 2742 976 2803 poenam
998 2725 1056 2804 ipsi

137 2825 198 2867 non
221 2806 403 2886 intelligunt.
447 2807 584 2868 Christus
607 2809 688 2867 enim
710 2809 806 2868 sensit
826 2805 1056 2888 deputationem

136 2891 235 2966 illam,
269 2899 299 2950 et
320 2890 427 2951 similis
451 2896 516 2950 erat
537 2891 597 2968 illi,
632 2892 756 2970 qui'sio
778 2892 955 2972 deputatur,
988 2891 1058 2951 lieet

137 2975 254 3053 absque
275 2973 374 3054 eulpa.
419 2974 506 3050 Quae
527 2993 601 3035 vero
624 2983 671 3033 eat
690 2973 859 3056 deputatio,
881 2992 973 3054 quam
996 2994 1057 3034 non

137 3057 274 3117 sentias?
307 3076 431 3138 prorsus
464 3058 548 3121 nihil.
592 3057 698 3137 Itaque
727 3057 864 3118 Christus
898 3067 970 3117 tuno
1008 3061 1058 3133 (nt

137 3141 219 3216 dixi)
257 3140 331 3200 nihil
362 3141 520 3201 differebat
548 3161 567 3202 a
595 3141 763 3201 novissimo
795 3148 976 3221 peooatore,
1007 3141 1058 3221 qui

137 3232 268 3304 aeoepta
288 3226 350 3284 iam
380 3227 486 3284 mortis
509 3233 540 3285 et
562 3224 669 3284 interni
691 3225 843 3284 sententia
866 3223 1058 3284 damnandus

137 3316 229 3369 esset.
274 3309 406 3388 Vigebat
427 3309 479 3369 illa
511 3309 684 3389 deputatio,
722 3308 821 3368 solum
855 3307 915 3368 hoo
943 3307 1058 3384 aberat,

139 3392 222 3474 quod
255 3392 345 3451 talem
378 3391 608 3472 deputationem
636 3409 700 3451 non
730 3399 897 3469 meruerat,
936 3397 966 3450 et
994 3394 1059 3452 sine

138 3494 233 3555 opero
256 3480 286 3534 in
309 3474 392 3534 illam
416 3492 471 3555 pro
495 3476 584 3535 nobis
612 3474 739 3535 traditus
769 3483 849 3554 erat,
883 3493 1058 3554 quanquam

139 3560 216 3618 haee
237 3578 286 3618 ros
309 3559 407 3637 magis
430 3557 607 3637 affectibus,
640 3578 732 3639 qnam
762 3558 861 3619 verbis
884 3559 1007 3619 traotari
1030 3564 1061 3618 et

212 3734 240 3814 t)
261 3748 292 3802 ln
310 3747 353 3803 ad.
370 3750 446 3803 lem:
467 3747 601 3804 videmus.
