2392 4170
145 248 209 315 4?ss
416 303 420 310 .
439 249 796 315 &mnam-turhatam,

149 405 201 465 ubi
222 412 269 465 est
292 411 492 484 praeceptum
514 404 571 466 Dei
600 405 639 465 de
660 407 720 467 ista
748 404 830 467 fide?
862 404 925 473 Gur
944 405 989 467 illi
1005 423 1071 482 nnn

145 486 341 548 crediderunt
373 488 437 547 suis
471 487 633 549 Patribus?
672 490 851 568 praesertim
885 488 1072 568 Augustino,

145 573 196 649 qui
218 570 386 630 liberasse
408 570 524 646 voluit,
557 580 588 630 st
620 591 728 631 omnes
757 591 826 635 esse
849 571 962 635 liberos
984 572 1072 641 iussit

144 655 175 713 in
198 655 335 713 omnium
365 653 522 713 hominum
551 653 694 734 scriptis?
730 655 778 719 Au
811 658 884 733 qnia
904 653 1072 733 Sophistas

144 735 234 798 nobis
255 736 336 796 hanc
362 737 543 797 invexerunt
576 738 767 816 tyrannidem
796 748 827 797 st
858 736 1069 816 captivitatem

145 819 292 880 libertatis
315 826 454 895 nostrae,
476 818 577 879 donec
598 827 630 879 st
652 820 698 879 bis
720 821 887 881 sacerrimo
909 819 1069 881 Aristoteli

144 920 206 962 nou
227 902 448 978 resistendum,
472 902 526 963 sed
549 902 781 982 obsequendum
805 902 974 982 coegerint,
996 902 1068 965 ideo

142 994 291 1065 perpetuo
321 987 351 1045 iu
381 985 435 1046 illa
455 987 638 1059 serviemus,
671 995 701 1045 et
733 1004 796 1046 non
832 985 1001 1064 aliqnando
1034 989 1065 1046 in

144 1068 347 1130 Christianam
360 1067 529 1135 libertatern
546 1068 773 1147 respirabimus,
787 1078 817 1128 et
829 1079 949 1128 nostras
963 1068 1068 1131 literas

144 1152 192 1211 vel
214 1151 402 1231 postliminio
424 1152 512 1211 huius
537 1150 735 1230 Babyloniae.
749 1151 992 1230 suspirabimus?
1026 1154 1067 1213 Ar

143 1235 248 1296 Sancti
268 1234 390 1294 inerunt
421 1243 451 1293 et
484 1233 658 1313 Scripturas
680 1233 930 1313 elucidaverunt,
954 1236 1065 1314 inquis.

143 1316 218 1394 Quis
247 1323 279 1377 st
299 1317 359 1376 hoc
380 1317 522 1396 probavit
544 1316 715 1396 Scripturas
744 1336 812 1376 esse
835 1316 1005 1376 elucidatas
1027 1318 1066 1377 ab

142 1399 208 1461 eis?
239 1399 358 1479 quidsi
382 1399 600 1459 obscurarint?
638 1398 706 1473 Quo
740 1399 853 1459 indicio
876 1399 1066 1479 probasses

141 1482 314 1544 elucidasse
335 1481 528 1562 Scripturas?
572 1483 619 1541 An
642 1482 848 1542 Lovanisliter
868 1492 900 1542 et
923 1482 1067 1543 Colonia-

141 1568 209 1628 liter
231 1564 365 1626 dicturus
388 1584 436 1624 es:
471 1565 544 1624 Mihi
567 1568 611 1624 sic
632 1565 765 1641 videtur,
801 1573 831 1625 et
865 1567 911 1624 sic
938 1566 1066 1626 dicunt?

142 1651 311 1710 Videantur
332 1649 390 1708 sibi
413 1667 488 1708 sane
510 1657 540 1708 et
562 1647 675 1725 dicant,
698 1648 790 1707 modo
814 1649 886 1707 milri
907 1667 972 1708 rem
996 1666 1066 1729 pro-

141 1732 223 1811 bent,
245 1739 299 1794 aut
321 1732 461 1792 desinant
484 1751 533 1790 me
555 1733 584 1790 in
608 1731 702 1790 verba
734 1751 790 1790 sua
814 1733 918 1790 inania
940 1750 1065 1812 cogere.

139 1814 210 1877 Mihi
233 1834 296 1876 non
320 1822 367 1875 est
389 1812 565 1874 mandatum
580 1814 748 1873 visionibus
765 1814 897 1890 illorum,
920 1813 974 1874 sed
1000 1834 1066 1875 ver-

139 1900 184 1959 bis
206 1898 265 1959 Dsi
292 1898 427 1958 credere.
479 1897 564 1958 Unus
597 1906 643 1957 est
678 1898 823 1976 magister
844 1897 1000 1975 Christus,
1035 1907 1064 1959 et

140 1983 252 2043 indicio
272 1982 393 2041 divinae
417 1980 590 2061 Scripturas
612 1979 763 2060 probandi
793 1989 863 2039 sunt
884 1979 1009 2059 Patres,
1032 1990 1064 2041 nt

142 2074 372 2146 cognoscantur
394 2066 445 2142 qni
463 2082 516 2123 eas
529 2064 719 2136 elucidarint,
743 2072 774 2122 et
790 2064 840 2142 qni
861 2063 1062 2125 obscurarint.

141 2147 350 2208 SicutPaulus
373 2146 524 2219 iussit*):
548 2145 658 2206 Omnia
681 2145 820 2225 probate,
843 2146 924 2224 quod
948 2146 1061 2207 bonnm

140 2231 188 2291 sst'
210 2238 327 2307 tenete3
349 2238 379 2288 et
406 2236 429 2292 l.
443 2226 514 2290 Oor.
530 2231 582 2292 ld:
607 2229 691 2289 Unus
714 2235 767 2287 aut
789 2229 850 2288 duo
866 2230 1061 2309 prophetent,

141 2315 233 2375 ceteri
256 2313 430 2373 diiudicent.
474 2311 532 2388 Qui
567 2314 670 2372 omnia
703 2312 861 2392 probanda
895 2313 1064 2385 mandarit,

140 2417 201 2459 non
226 2398 440 2479 Augustinum,
462 2416 524 2456 nou
548 2396 778 2474 Hieronymum,
801 2414 862 2454 non
886 2395 1061 2475 Origsnsm,

140 2481 317 2541 nonullam
351 2481 504 2540 hominem
529 2482 669 2560 excepit,
702 2498 740 2537 ns
764 2478 972 2538 antichristum
998 2481 1062 2558 qui·

140 2570 208 2632 dem
230 2588 355 2652 papam.

223 2656 264 2714 At
285 2653 441 2730 Scriptura
463 2648 595 2708 obscura
616 2645 733 2723 indiget
755 2645 973 2724 explicatione.
1008 2646 1060 2704 Di-

140 2741 224 2798 mitte
246 2756 324 2813 sam,
349 2733 398 2793 ubi
423 2731 553 2790 obscura
576 2734 632 2801 est,
654 2735 725 2787 tene
748 2726 797 2786 ubi
821 2728 904 2788 clara
921 2734 981 2793 est.
1022 2729 1061 2788 [lt

139 2824 206 2901 quis
237 2817 380 2901 probavit
401 2815 506 2874 Patres
540 2831 600 2872 nou
633 2831 700 2870 esse
734 2810 905 2870 obscuros?
948 2811 1059 2871 lterum

139 2913 223 2965 tuum
247 2902 388 2976 Videtur,
419 2905 448 2957 et
478 2896 598 2956 illorum
634 2894 769 2953 Dicunt?
813 2893 891 2968 Quid
913 2894 994 2952 enim
1017 2893 1060 2954 fa·

139 2990 222 3048 ciunt
244 2993 274 3046 et
295 2985 414 3059 Patres,
450 3000 541 3060 quam
570 2987 603 3038 ut
624 2977 794 3037 clarissima
816 2986 846 3035 st
867 2978 1060 3057 apertissima

139 3070 312 3152 Scripturas
335 3066 510 3126 testimonia
532 3068 682 3141 quaerant
703 3072 733 3118 et
756 3060 933 3140 proferant?
957 3061 1059 3120 Miseri

138 3153 310 3230 Christiani,
333 3168 461 3230 qnorum
484 3146 609 3206 verbum
638 3153 668 3204 et
688 3142 765 3203 fides
787 3144 888 3203 adhuc
909 3145 938 3202 in
962 3143 1059 3203 homi·

138 3257 210 3297 num
235 3236 348 3318 glossis
382 3230 512 3314 pendet,
545 3235 576 3288 et
610 3247 714 3288 eorum
749 3227 983 3286 elucidationem
1007 3245 1058 3286 ex-

138 3328 266 3402 spectat,
288 3316 396 3379 lrivola
419 3323 490 3374 sunt
510 3315 569 3373 ista
592 3319 622 3371 st
649 3311 753 3390 impia.
797 3309 971 3390 Scripturas
994 3328 1058 3371 um·

138 3403 225 3464 nibus
248 3417 425 3464 communes
449 3405 529 3474 sunt,
552 3395 625 3455 satis
650 3406 784 3474 apertae,
807 3401 952 3472 quantum
968 3410 1058 3473 opor·

137 3494 181 3547 tet
198 3505 257 3568 pro
279 3485 394 3560 salute,
423 3483 498 3542 satis
530 3479 620 3540 etiam
654 3476 804 3537 obscurae
832 3494 888 3556 pro
922 3484 1057 3537 contem·

28 3664 139 3932 ‘2‘
208 3758 240 3826 ⁸)
261 3757 286 3811 1.
304 3753 426 3809 Thessal.
447 3755 473 3810 b.
