2392 4170
319 278 464 334 Ambrosii
481 278 591 335 (lether.
611 298 635 335 a.
656 280 733 338 mr.
930 277 1001 346 323'

223 478 349 541 Stabit
376 479 456 543 Rex
484 489 625 559 potens
654 480 840 548 iauiebus.

152 595 357 677 Hieronymus
385 598 596 671 transtulit¹i:
624 597 788 678 impudens
815 599 907 674 isaie,
937 599 992 660 sad

67 678 229 738 Hebraeus
249 679 375 757 dinit2),
398 697 435 740 oz
457 679 573 761 panim,
596 688 705 761 potens
728 682 883 744 lbeiernrn.
926 681 995 743 aa·

65 763 109 822 bit
131 770 244 839 sutem,
267 780 328 823 nou
352 782 443 823 unam
466 782 645 844 personam,
668 765 723 824 sed
746 771 842 826 totum
866 773 991 845 regnum
1079 843 1080 847 Ἰ

67 853 97 906 et
120 859 298 905 successum
332 864 455 925 regum,
485 866 544 906 neu
572 846 663 907 breve
695 853 816 929 tempus
837 850 923 931 regni
945 850 991 909 in-

67 928 160 989 dldat.
205 927 256 988 Sic
279 929 351 988 dicit
373 928 510 990 Christus
521 927 554 1012 ¹¹²)
576 929 844 992 Abominatiouem
868 933 898 990 in
921 931 993 992 loeo

66 1018 175 1071 saneto
198 1018 339 1086 stantem,
363 1011 466 1088 idest,
489 1013 619 1084 ilrmam,
641 1012 790 1085 stabilem,
816 1015 917 1073 multis
941 1013 992 1074 ad-

66 1093 262 1154 haerentibus
284 1094 469 1155 roboratam.
513 1095 553 1155 Et
575 1095 684 1156 Paulus
695 1094 752 1178 Μ’)
782 1095 877 1156 lilium
905 1097 990 1157 illum

66 1177 246 1256 perditionis
268 1195 330 1237 non
352 1179 498 1255 transire,
525 1177 582 1238 sed
602 1179 709 1239 sedere
728 1177 802 1240 iacit
823 1181 852 1240 iu
876 1180 991 1260 templs

150 1344 226 1404 Mira
248 1362 320 1404 vero
345 1344 484 1422 potentia
513 1344 600 1404 huius
623 1346 702 1425 regis
727 1346 907 1423 monstrosi,
939 1347 993 1425 qni

66 1435 128 1488 uoti
151 1426 312 1504 omuibus,
335 1445 436 1505 usque
459 1427 588 1507 ungulis,
611 1446 669 1487 neu
690 1428 785 1506 ferro,
809 1446 866 1488 neu
888 1429 990 1504 armis,

64 1511 119 1569 sed
136 1508 278 1570 laoiebus
307 1517 500 1588 potensest,
531 1512 639 1569 ueteris
670 1511 810 1571 omnibus
834 1510 990 1571 dissimilis

64 1595 171 1653 nimio.
215 1588 279 1651 Neu
301 1593 388 1652 dicit:
419 1592 532 1652 Potens
555 1593 648 1670 faeie,
681 1593 736 1653 sed
758 1594 895 1655 faciebus
915 1593 990 1653 mul·

64 1679 113 1738 tis.
156 1673 226 1750 Quo
248 1673 291 1750 lit,
316 1683 347 1735 ut
368 1675 446 1735 haee
469 1675 630 1755 prophetia
653 1695 713 1737 non
745 1684 837 1759 quest
863 1679 893 1736 in
916 1675 990 1736 'inr-

64 1776 132 1819 esm
157 1757 316 1837 quadrare,
339 1774 397 1817 neo
418 1757 470 1816 ulli
492 1775 599 1838 reguo,
622 1757 704 1838 qnod
729 1761 758 1818 vi
780 1760 914 1820 sturmis
936 1777 988 1838 pa·

64 1851 156 1902 ratur.
202 1839 290 1915 Quae
312 1843 392 1900 euim
416 1841 566 1901 eiusmodi
588 1847 675 1918 suut,
696 1849 751 1922 per
773 1842 897 1917 dentes,
920 1856 987 1902 uor-

62 1944 137 2002 nna,
165 1923 295 2002 ungulas
317 1923 494 2005 ligurantur.
543 1923 608 1983 Neu
635 1930 682 1985 est
710 1938 838 2004 regnum
865 1923 988 2000 Obristi,
1043 1927 1047 1939 '

60 2007 144 2087 quod
169 2024 294 2086 prorsus
317 2009 383 2067 siue
405 2006 484 2067 faule
506 2009 535 2066 in
559 2009 666 2086 spiritu
689 2009 847 2086 uousistit,
870 2015 900 2068 et
923 2025 988 2066 eor-

63 2110 104 2151 uu
126 2090 275 2170 spirituali
295 2097 421 2170 pugnat,
444 2089 525 2169 quod
539 2099 586 2150 est
607 2091 732 2150 verbum
746 2091 812 2153 Dei.
857 2093 900 2152 lta
920 2105 987 2170 reg-

62 2188 135 2234 uum
157 2171 238 2232 istud
261 2175 318 2232 erit
338 2192 438 2252 neque
459 2173 617 2253 spirituale
639 2192 738 2254 neque
758 2173 906 2251 seculare,
929 2184 986 2234 neo

60 2253 268 2338 spiritualibus
297 2272 355 2318 neu
379 2254 596 2335 temporalibus
619 2260 711 2316 armis
738 2263 869 2338 partum.
913 2256 985 2331 Qui·

60 2341 115 2400 bus
139 2339 235 2418 ergo?
258 2338 403 2415 faciebus,
426 2338 456 2399 id
480 2346 536 2417 est,
560 2347 686 2399 externa
698 2341 812 2420 speeie,
834 2351 982 2420 apparen-

60 2425 112 2499 tis,
134 2440 260 2503 pompe,
283 2423 343 2481 bon
365 2431 425 2500 est,
449 2428 481 2482 ut
502 2440 564 2482 uno
586 2420 818 2500 rerbo‘dieam,
841 2424 984 2502 supersti-

60 2507 205 2582 tionibus,
227 2505 349 2581 ritibus,
373 2507 570 2580 ceremoniis,
593 2524 671 2583 quae
696 2505 733 2565 ad
756 2506 865 2566 faeiem
889 2515 984 2586 expo*

60 2595 182 2666 uuntur,
206 2590 235 2646 in
259 2588 409 2664 vestibus,
433 2589 517 2664 olbis,
541 2591 690 2667 personis,
713 2587 872 2664 domibus,
895 2589 984 2666 gesti-

62 2672 117 2732 bus
140 2678 171 2731 et
193 2669 349 2733 similibus.
393 2673 473 2731 luter
487 2672 685 2731 omnesenim
700 2672 793 2731 iauies
816 2688 870 2730 seu
892 2681 983 2751 eppa·

60 2756 173 2815 sentias
206 2755 381 2833 superstitio
405 2762 434 2814 et
457 2755 643 2834 hypocrisis,
678 2771 757 2833 quae
789 2760 835 2813 est
862 2754 983 2833 pietatis

60 2840 180 2918 speeies
203 2844 234 2896 et
255 2837 410 2916 religionis
433 2839 542 2915 lanies,
564 2838 787 2916 potentissima,
810 2836 984 2916 gratissima

58 2921 193 3000 ideoque
217 2921 434 2980 nocentissima
448 2929 503 2979 est.
546 2920 614 2980 Nou
640 2919 827 2993 sintrahunt,
850 2920 984 2999 capiunt,

60 3010 165 3064 teuent
186 3004 306 3087 species
328 3003 494 3083 profanes,
522 3004 587 3062 sive
609 3004 669 3062 sint
691 3003 878 3084 puellarum,
899 3003 983 3062 iure·

59 3107 141 3164 num,
165 3104 269 3165 opum,
292 3088 477 3163 amisorum,
502 3086 657 3164 ludorum,
680 3093 711 3146 et
734 3102 984 3166 quarumcunque

58 3190 174 3249 rerum,
197 3177 229 3228 at
250 3175 367 3245 sacrae,
391 3172 461 3248 quia
484 3169 588 3229 diviua
610 3170 770 3248 simulant,
794 3175 824 3229 et
846 3177 983 3229 aeterna·

58 3273 122 3313 rum
147 3272 247 3313 rerum
271 3252 445 3332 praeferunt
466 3253 588 3327 indicia,
613 3253 704 3312 etiam
728 3252 981 3331 sapientissimos,

56 3337 280 3411 sanctissimos,
304 3337 534 3414 potentissimos
556 3334 739 3414 atqueaden
762 3336 878 3396 eleetos
891 3335 981 3395 etism

57 3421 185 3500 capiunt
206 3427 236 3478 et
257 3419 375 3480 fallunt.

66 3572 489 3583 ——n-——na-——w-—n--n

129 3628 156 3694 1)
176 3625 206 3678 In
218 3625 345 3678 edient
366 3631 438 3677 recte
450 3622 599 3676 transtulit
635 3621 664 3681 2)
685 3618 802 3679 ibidem:
824 3609 981 3676 Hebraeum

55 3705 136 3753 sonat
156 3698 245 3767 (quod
266 3695 386 3764 arripio)
408 3711 441 3748 on
461 3698 561 3766 panim.

114 3772 144 3839 *J
165 3768 259 3821 liatth.
277 3768 321 3823 24.
360 3765 408 3833 “J
428 3768 453 3821 2.
473 3765 570 3821 Thess.
590 3766 615 3820 2.

743 3827 813 3905 21¹·
