2392 4170
385 246 421 303 D.
439 246 475 303 it.
492 246 576 321 Lntb.
590 244 781 351 haelpdium.
1011 241 1052 310 93

208 399 319 462 Veram
342 401 481 482 gaudeo,
507 403 574 462 istis
603 400 801 463 dedecorosis
824 398 941 479 iegibus
963 419 1050 461 suam

143 483 248 545 undem
270 487 441 566 eontigisas
460 487 608 566 gloriam,
638 503 750 565 nempe
772 503 876 545 earum
901 483 1050 545 beneficio

142 567 216 629 bodie
243 568 459 630 Romanenses
494 569 565 629 faeti
598 578 669 629 sunt
701 569 929 630 nundinatores.
973 566 1053 642 Quid
1110 629 1112 633 ,

142 653 206 713 eninr
225 652 383 712 vendunt?
417 651 533 712 Vulvas
554 663 585 713 et
608 649 776 731 veretrrrl).
824 651 912 711 Merx
937 653 1054 711 soiiioet

142 734 304 815 dignissime
333 737 554 797 mercatoribus
576 736 658 813 istis,
687 754 761 815 prae
791 736 921 795 avaritia
949 746 978 794 et
1000 737 1053 794 im·

141 818 237 961 potate
274 819 470 899 piusquam
492 819 708 879 sordidissimis
743 826 774 879 et
797 817 1054 879 obscoenissimis.

160 900 207 961 ibd
226 903 308 963 euim
332 912 380 962 est
406 904 693 983 impedimentorum
723 902 830 979 hodie,
860 903 943 981 quod
966 904 1054 962 inter-

142 984 253 1046 sedente
273 985 525 1046 Mammonanon
547 985 601 1046 flat
624 986 803 1066 legitimum,
826 988 955 1064 utleges
976 986 1054 1046 istae

143 1066 283 1128 marinum
305 1087 368 1129 uon
398 1070 459 1129 alia
487 1088 581 1129 eausa
604 1071 763 1129 videantur
792 1080 899 1147 natue,
934 1071 991 1130 uisi
1023 1076 1055 1129 ιιι

143 1149 290 1230 riiquando
335 1161 438 1213 essent
470 1154 578 1213 avaris,
615 1153 789 1213 hominibus
830 1153 1055 1232 rapacibusque

144 1231 291 1295 tiimbrotis
326 1237 405 1296 retia
440 1239 640 1316 pecuniarum
675 1248 705 1295 et
737 1236 837 1314 laquei
873 1239 1055 1315 animorum,

146 1326 282 1397 suraque
309 1319 340 1387 in
370 1320 503 1380 eooiesia
529 1320 585 1380 Dei
618 1319 690 1380 loeo
723 1328 832 1379 saneto
865 1320 1055 1380 abominatio

146 1399 204 1480 itta,
238 1419 320 1481 quse
353 1404 499 1463 venderet
529 1403 703 1463 hominibus
739 1402 861 1482 pubiioe
899 1415 1057 1482 utriusque

147 1500 218 1543 exus
239 1485 435 1565 pudibunda,
457 1504 512 1545 seu
537 1483 587 1568 (ut
609 1485 771 1566 Scriptura
789 1494 898 1561 voest)
928 1487 1057 1565 ignomi-

96 1566 99 1631 i
148 1567 197 1626 rin
216 1577 246 1627 et
267 1570 446 1648 turpidines,
469 1588 545 1648 ques
568 1579 669 1630 tamen
693 1580 785 1629 anteo
806 1571 933 1649 pervim
954 1572 1055 1650 legum

148 1666 248 1721 utrum
271 1655 456 1731 rapuissent.
500 1651 526 1712 0
549 1652 850 1734 dignapoutitioibus
873 1657 986 1713 nostris
1006 1671 1056 1712 ne-

148 1734 268 1811 gotiatio,
288 1753 382 1814 quarn
404 1754 461 1820 pro
484 1738 636 1816 evangeiii
659 1737 844 1812 ministerio,
876 1738 959 1814 quod
981 1756 1056 1817 prse

149 1818 257 1877 avaritia
279 1831 311 1878 et
333 1820 501 1880 ambitione
523 1828 738 1897 contemnunt,
771 1837 891 1879 summo
915 1838 982 1879 oum
1006 1821 1057 1880 de·

149 1896 278 1976 deoore²)
316 1911 348 1962 et
381 1903 536 1982 turpidine
568 1905 598 1963 in
633 1921 756 1963 sensum
790 1903 954 1983 reprobum
984 1903 1055 1981 deti,

96 2016 99 2097 y
149 1985 318 2047 txbeerant.

127 2121 129 2125 .
211 2066 270 2128 sed
293 2066 370 2151 quid
390 2066 489 2129 diuam
512 2076 565 2130 aut
585 2069 718 2130 faciam?
750 2068 781 2130 Si
810 2069 932 2149 singula
954 2086 1056 2148 perse-

149 2164 213 2227 quar,
232 2151 418 2212 immodious
440 2153 621 2232 eritsermo,
645 2155 860 2214 oouiusissima
882 2154 962 2213 eninr
986 2159 1055 2218 eunt

150 2235 248 2313 onnia,
277 2242 311 2294 ιιι
332 2235 464 2314 nescias,
488 2238 568 2297 unde
591 2238 777 2312 exordiens,
809 2255 870 2316 quo
893 2237 1056 2316 procedas,

149 2317 231 2377 stubi
253 2319 417 2382 consistas.
459 2318 528 2381 Hoo
550 2323 631 2400 snio,
663 2320 778 2380 nullam
809 2339 873 2379 rem
900 2317 1056 2399 publicam

150 2395 248 2479 legibus
270 2401 399 2461 ielioiter
420 2401 636 2464 administrari.
679 2404 711 2464 Si
734 2405 814 2463 enirn
838 2411 971 2484 prudens
995 2404 1057 2463 sue·

150 2481 176 2543 rit
190 2485 401 2566 magistratus,
430 2486 521 2546 duetu
543 2496 672 2548 naturae
693 2489 797 2547 omnia
819 2487 936 2546 felisius
959 2486 1056 2546 admi·

147 2565 383 2648 numnquam
406 2569 541 2650 legibus3
562 2572 588 2631 si
610 2570 744 2652 prudens
766 2589 828 2630 uon
852 2571 960 2646 fuerit,
985 2571 1058 2649 legi·

146 2645 187 2710 bos
207 2653 280 2713 nibil
305 2654 500 2732 promovebit
529 2655 585 2714 nisi
614 2654 744 2732 malum,
774 2673 844 2714 oum
872 2655 990 2714 neseiat
1014 2655 1057 2712 eis

143 2734 252 2795 utinen
275 2754 330 2796 eas
352 2754 408 2815 pro
432 2744 571 2817 ternpore
599 2737 769 2801 moderere.
812 2738 885 2798 Ideo
914 2739 944 2796 in
967 2737 1058 2796 rebus

140 2818 259 2895 publicis
282 2821 381 2898 magis
403 2823 570 2881 curandum
593 2832 655 2901 est,
684 2831 716 2881 ut
746 2822 872 2882 boniet
894 2819 1058 2900 prudentes

139 2901 185 2960 n’ri
204 2904 354 2984 praesint,
377 2921 468 2982 quam
481 2911 514 2964 ut
534 2905 619 2986 leges
642 2909 786 2985 ferentur,
809 2907 867 2985 ipsi
878 2908 959 2964 enim
972 2910 1061 2964 erunt

137 2986 265 3064 optimae
295 2985 399 3066 teges,
431 3005 553 3048 ornnem
588 2991 767 3050 varietatem
797 3007 924 3048 ossuum
961 2985 1060 3046 vivaci

136 3071 288 3148 aequitate
309 3069 480 3134 iudicaturi.
524 3073 615 3148 Quod
637 3075 663 3132 si
682 3072 765 3133 adsit
785 3074 914 3132 eruditio
937 3072 1061 3130 divinae
1171 3119 1173 3123 ,

135 3168 199 3211 num
221 3153 386 3233 prudentia
407 3157 548 3234 naturali,
571 3159 662 3240 plane
684 3154 869 3236 superfluum
887 3164 918 3215 et
933 3156 1061 3215 noxium

133 3242 178 3296 est
199 3238 333 3317 seriptes
355 3237 441 3317 leges
463 3239 593 3324 habere,
621 3260 712 3320 super
735 3241 838 3300 omnin
860 3248 961 3299 autem
986 3234 1061 3296 eari-

134 3328 177 3379 tss
198 3320 292 3380 nuliis
318 3340 444 3401 prorsus
473 3323 591 3405 legibus
620 3322 789 3405 indiget³).
842 3325 919 3383 Dion
949 3331 1062 3395 tamen,

133 3410 161 3463 et
182 3403 266 3483 quod
289 3406 321 3465 in
344 3425 393 3465 sue
416 3414 463 3467 est
484 3409 582 3491 tasio,
611 3430 739 3473 monens
762 3419 793 3468 et
814 3426 928 3488 rogans
952 3420 1060 3465 omnes

138 3556 217 3564 ——

184 3622 217 3690 1)
238 3619 271 3673 In
290 3620 332 3674 sd.
352 3621 413 3678 Jan.
432 3627 460 3675 et
479 3623 605 3676 writes:
633 3620 748 3674 ventres
767 3625 847 3673 stes
870 3631 942 3686 quae
962 3616 1064 3667 ventris

131 3700 205 3746 sont
243 3693 273 3756 2)
294 3693 324 3746 ln
343 3693 389 3762 ed,
409 3697 495 3764 origo
516 3695 625 3748 decore.
663 3693 693 3758 3)
712 3691 744 3745 In
762 3692 804 3746 ed.
823 3689 886 3744 den.
905 3695 934 3743 at
952 3686 1063 3741 Witteb.

131 3764 234 3820 desunt
252 3768 339 3822 verba
357 3767 471 3822 indeo:
490 3767 669 3831 Honeste,
689 3763 846 3834 usquead:
865 3761 1019 3830 indiget.
