2392 4170
340 259 378 324 ad
395 258 498 326 Frider.
516 263 552 324 D.
571 259 635 326 San.
655 261 718 325 adr.
737 261 819 326 nuth.
996 261 1059 334 483

139 435 239 516 trahit,
261 437 409 499 libertatis
431 437 536 519 specie
557 437 750 502 licentiosam
779 436 933 521 quandam
956 438 1061 517 vitam,

138 519 452 665 pplllgpuroonstriotam
474 520 603 602 legibus,
626 542 663 585 ac
676 543 748 586 vere
769 523 896 585 ferinam
915 520 1061 621 inducere

219 709 310 772 Unde
330 716 361 772 et
382 708 475 770 exlex
496 710 606 792 homo,
639 718 836 792 contemptor
860 731 899 774 ac
927 712 1061 773 violator

136 791 240 874 legum
263 795 398 854 omnium
427 793 458 852 in
488 800 603 855 tentam
636 795 736 876 erupit
757 796 868 856 mentis
890 796 1059 876 vesaniam,

136 883 169 937 ut
191 878 455 938 sanctissimorum
480 877 601 938 Patrem
626 877 749 940 decreta
772 885 802 939 et
828 879 1060 940 ecclesiasticos

138 959 281 1022 Oenones
313 963 385 1042 igne
418 959 542 1042 publico
573 979 772 1024 concremare
794 980 855 1023 non
878 962 1059 1026 formidarit.

137 1042 329 1105 utbreviter
353 1063 477 1106 omnem
501 1043 704 1107 Christianam
728 1046 906 1124 veritatem,
935 1063 1059 1107 omnem

136 1145 236 1188 rerum
276 1128 435 1209 ordinem,
469 1127 704 1208 pulcherrimam
743 1129 875 1209 denique
908 1128 1060 1190 ecclesiae

136 1209 255 1287 faciem,
277 1232 297 1270 a
317 1211 449 1288 Christo,
472 1210 510 1271 ab
535 1212 695 1293 apostolis,
718 1212 960 1294 apostolicisque
987 1213 1060 1274 viria

137 1311 175 1354 ao
197 1296 396 1355 sanctissimis
419 1294 557 1355 Patribus
580 1294 619 1355 ab
651 1297 737 1356 initio
761 1296 946 1373 constitutis,
982 1315 1060 1358 unns

135 1375 187 1436 hic
207 1385 280 1458 poet
300 1379 392 1440 toties
416 1383 563 1440 centenos
586 1398 684 1441 annos
702 1378 886 1460 discindere,
907 1380 1060 1441 invertere

136 1477 174 1521 ac
196 1459 367 1523 deformare
390 1460 522 1525 molitur.

218 1565 350 1642 Quodsi
366 1565 503 1628 nondum
525 1568 600 1629 satie
617 1568 809 1630 internoscas
833 1567 872 1630 de
884 1567 1059 1630 Christiano

136 1647 335 1730 magisterio,
362 1670 400 1710 an
429 1647 468 1710 de
490 1648 667 1713 Antichristi
698 1653 805 1734 spiritu
836 1653 896 1712 ista
940 1650 1059 1734 profici-

137 1737 277 1794 scuntur:
300 1733 325 1792 si
346 1733 389 1793 ita
411 1740 440 1793 te
460 1732 622 1795 fascinavit
633 1743 833 1816 praesagator
854 1735 916 1813 ille,
940 1742 973 1796 ut
995 1755 1057 1796 cre·

137 1813 209 1874 dere
230 1816 332 1896 possis
344 1835 448 1880 ,unum
469 1815 552 1878 hunc
568 1816 804 1898 perfidissimum
818 1825 992 1900 apostatam
1009 1837 1058 1879 ve·

135 1897 189 1958 luti
227 1899 356 1960 alterum
384 1899 541 1961 Heliseum
585 1898 699 1963 hebere
736 1901 891 1984 duplicem
919 1902 1058 1984 spiritum

134 1979 255 2061 Heliae,
278 1989 331 2044 ant
351 1983 481 2045 'alterum
506 2003 591 2064 esse,
614 2003 704 2063 quem
728 2003 762 2045 se
784 1986 921 2065 iactitat,
944 1985 1058 2059 Daoie·
1099 1983 1101 1986 ’

132 2065 213 2144 lem,
241 2067 270 2127 in
305 2086 367 2147 quo
402 2068 441 2128 eit
474 2068 597 2149 spiritus
631 2067 762 2150 amplior
795 2073 826 2129 et
854 2067 1059 2150 intelligentia

135 2147 356 2229 scripturarum
379 2151 496 2234 maior,
526 2170 617 2233 qnam
648 2152 679 2213 in
701 2151 844 2214 omnibus
873 2152 946 2214 olim
971 2171 1059 2212 sanc·

133 2231 259 2292 tissimis
281 2233 341 2293 illis
365 2234 611 2316 doctissimisque
634 2236 725 2318 viris,
766 2254 858 2315 quam
892 2236 923 2297 in
953 2253 1057 2297 sacro-

135 2319 242 2375 sancta
264 2315 397 2376 ecclesia
418 2317 587 2385 catholica:
617 2319 758 2402 quidest
781 2327 810 2381 te
834 2337 896 2380 nno
921 2320 1058 2400 caecius,
1115 2319 1118 2324 ’

134 2402 187 2458 aut
220 2398 245 2458 si
277 2418 317 2459 ex
347 2397 492 2459 fructibus
525 2399 666 2463 arborem
693 2421 775 2462 nunc
809 2421 846 2464 oo
869 2422 1003 2466 noscens
1026 2404 1056 2465 in

133 2499 236 2543 errore
257 2481 406 2563 persistis,
428 2487 530 2543 tamen
552 2481 624 2562 quid
647 2494 677 2544 te
699 2421 869 2546 miseriusd

217 2587 277 2652 sed
306 2594 372 2650 esto
401 2587 632 2670 transfiguratus
666 2589 706 2650 sit
734 2609 838 2652 coram
864 2598 895 2653 te
925 2592 1056 2654 Satanas

133 2671 185 2734 ille
206 2673 238 2734 in
262 2672 407 2754 angelum
429 2670 516 2753 lucis,
538 2679 570 2733 et
586 2691 666 2751 quae
689 2675 849 2736 manifesta
870 2681 941 2736 sunt
962 2693 1058 2755 opero

134 2756 233 2817 carnis
256 2774 293 2818 ac
320 2755 492 2837 diabolica,
515 2754 643 2839 Spiritus
667 2775 737 2818 esse
765 2764 795 2819 et
823 2757 933 2819 Christi
961 2776 1058 2838 opera

134 2847 286 2902 venenata
307 2858 363 2913 sua
384 2838 528 2900 facundia
555 2838 742 2920 persuadere
764 2841 896 2922 poterit,
919 2840 1056 2922 nunquid

133 2940 195 2984 non
219 2923 332 3007 ubique
355 2924 402 2984 tel
429 2923 491 2985 hoo
511 2923 579 3004 ipso
602 2922 757 3005 prodidit,
785 2922 944 2986 cuiusnam
968 2926 1054 3006 spiri-

133 3006 271 3069 tussit?
313 3006 397 3088 quod
431 3007 530 3069 omnis
558 3007 622 3070 eius
646 3026 747 3069 sermo
772 3013 982 3087 amarescat,
1014 3008 1057 3070 vi·

132 3089 295 3172 rulenlus,
319 3110 492 3172 arrogans,
515 3109 553 3151 ac
575 3091 881 3153 maledicentissimus
905 3109 1056 3171 nusquam
1154 3162 1159 3171 Ι

132 3192 195 3234 non
218 3181 339 3235 scatens
362 3175 530 3254 conviciis,
552 3174 749 3256 blasphemiis
777 3193 815 3236 aa
836 3174 1056 3237 scommatibus

132 3257 302 3339 plusquam
316 3261 484 3336 venenatis,
506 3257 653 3320 adversus
675 3277 768 3321 omne
780 3258 973 3320 Christianae
994 3258 1057 3339 pie·

131 3341 214 3485 tfiatin
235 3340 422 3422 modestiae,
452 3341 694 3405 mansuetndinis
724 3361 761 3404 ac
792 3341 1054 3423 benignitatisof·

156 3442 247 3490 crum.

214 3523 359 3604 Nunquid
386 3525 430 3586 ita
466 3524 572 3588 docuit
601 3525 713 3588 Paulus
737 3526 841 3605 (onius
874 3524 993 3586 iactitat
1016 3544 1052 3588 re

132 3609 270 3692 spiritum
284 3607 426 3691 habere),
438 3627 507 3669 cnm
526 3608 611 3669 nulla
626 3611 692 3671 eius
705 3615 806 3671 exstat
822 3609 1054 3691 epistola,qnce

131 3710 196 3758 non
217 3711 327 3778 paoem
358 3698 388 3755 et
408 3692 573 3774 unitatem,
596 3709 634 3753 ao
655 3692 717 3754 alia
747 3691 779 3754 id
808 3693 928 3755 virtutis
956 3712 1056 3774 genus

107 3776 293 3844 redoleat?
335 3775 384 3841 An
408 3794 470 3841 non
492 3775 651 3840 Romanoa
674 3793 747 3840 suos
768 3775 907 3841 hortatur
936 3777 966 3840 in
990 3777 1057 3842 Do·

780 3856 845 3928 31·
879 3936 881 3943 Ι
