2392 4170
142 251 185 319 aa
387 249 530 322 Anioni
549 248 670 319 Philippi
688 243 851 306 seranna.
941 226 944 230 ’

144 412 278 495 negabat
299 412 453 475 humanae
475 411 659 494 voluntati¹)
681 411 864 490 libertatem,
885 416 919 471 ut
939 416 1067 553 nequest

144 515 214 558 esse
236 496 454 575 substantiam,
476 516 555 576 quas
576 501 793 575 renovaretur,
814 493 957 573 adeoque
992 492 1067 554 'ber-

145 581 215 641 tatis
242 598 398 660 capacem.
441 580 591 642 Lutherus
618 581 661 640 ita
688 584 782 658 nogat
809 576 997 658 libertatem,
1034 584 1067 637 ut

146 681 216 726 csse
225 671 350 724 censeat
357 664 571 742 substantiam,
585 681 663 742 quae
675 662 745 721 dum
758 679 815 741 per
827 661 965 742 spiritum
977 677 1066 721 reno·

145 754 242 822 vatur,
250 766 269 805 a
277 748 422 807 servitute
428 747 586 811 adseritur.
599 742 711 806 Exhis
723 743 942 826 facito,lectcr,
950 743 989 804 de
1000 741 1067 805 reli·

145 830 438 909 quisooniecturam.
451 830 528 890 Nam
540 848 600 909 qna
611 828 673 889 fids
684 828 771 909 haec,
788 845 868 906 quae
879 843 1067 888 commemo·

144 914 220 991 ravi,
227 914 265 972 ad
273 912 436 974 Lutherum
450 913 568 974 detorta
580 919 661 993 sunt,
675 910 782 972 eadem
798 918 829 971 st
842 908 1066 991 pleraqueclia.

226 995 335 1056 Redeo
371 1015 452 1057 nuuc
475 1015 530 1076 eo,
566 995 647 1056 unde
675 994 830 1076 digressus
856 1013 933 1060 sum.
955 991 1066 1058 Palam

34 1085 36 1090 '
146 1086 203 1159 est,
226 1085 360 1140 veterum
386 1079 531 1141 Conciliis
553 1098 614 1139 non
638 1098 705 1139 essa
727 1076 921 1158 reprobatam
944 1075 1067 1137 Lutheri

146 1161 325 1234 doctrinam,
348 1163 495 1241 siquidem
520 1163 548 1222 ei
564 1180 660 1241 usque
681 1161 760 1222 adeo
773 1158 847 1220 nihil
870 1179 940 1221 cum
961 1160 1069 1221 haere·

147 1247 213 1305 licis
235 1247 389 1309 convenit.
433 1245 615 1324 Quanquam
639 1246 698 1305 hoc
720 1245 811 1305 etiam
834 1243 905 1304 loco
928 1242 1069 1304 conside·

146 1327 273 1389 randum
297 1337 381 1408 erat,
409 1336 443 1390 ut
467 1330 600 1389 maxims
622 1329 801 1389 conveniret
831 1345 899 1387 cum
930 1326 992 1388 illis
1012 1325 1068 1387 hu·

74 1484 76 1488 Ι
145 1411 254 1491 thero,
287 1411 375 1491 quid,
409 1431 471 1491 qua
507 1413 629 1473 ratione
662 1413 692 1471 in
723 1411 849 1491 singulis
883 1407 1068 1471 factionibus

146 1496 367 1556 haereticorum
387 1494 564 1556 damnatum
578 1497 626 1576 sit,
640 1514 720 1572 nam,
743 1513 822 1573 quae
833 1502 895 1555 tam
907 1493 1069 1574 deplorata

147 1577 203 1638 luit
222 1578 376 1658 haeresis,
400 1597 479 1658 quae
505 1577 588 1638 nulla
610 1579 639 1638 in
670 1597 702 1638 rs
730 1596 792 1638 non
815 1574 976 1657 peccarit?
1003 1573 1067 1639 lum

147 1660 351 1722 haecomnia
381 1663 423 1722 ita
446 1661 557 1741 scribo,
580 1680 643 1722 non
665 1660 748 1740 quod
772 1660 862 1721 velim
885 1680 954 1722 eam
976 1661 1067 1727 etiam

148 1745 254 1824 puisaia
276 1742 617 1825 Synodisautoritatem
640 1763 718 1823 esse,
741 1751 774 1804 ut
797 1745 822 1804 si
846 1751 985 1824 opponat
1006 1744 1068 1803 evi·

147 1827 270 1888 dentem
293 1826 479 1908 scripturam
501 1827 649 1888 Lutherus
672 1829 843 1906 cuicunque
865 1827 1010 1908 Synodo,
1032 1825 1069 1886 de

148 1910 303 1991 Scriptura
326 1910 495 1972 cedendum
519 1913 573 1991 sit,
604 1911 659 1972 sed
686 1917 719 1971 ut
740 1930 883 1972 moneam
912 1910 1070 1985 lectorem,

148 2003 295 2075 quantum
318 1995 442 2075 tragicis
465 1994 525 2055 illis
544 1994 756 2075 Magistrorum
779 1994 995 2055 Parisiehsium
1019 2010 1069 2053 vo·

148 2077 234 2137 cibus
257 2075 441 2137 credendum
465 2079 520 2156 sit,
542 2077 689 2138 Lutherus
717 2077 842 2137 damnat
863 2078 969 2138 omnia
991 2075 1069 2136 Con-

149 2158 240 2238 cilia,
274 2168 399 2220 sanctos
434 2160 557 2241 Patres,
590 2161 753 2222 Montanus
786 2168 851 2237 est,
880 2160 981 2222 Ebion
1013 2163 1068 2233 est,

148 2242 344 2303 Manichacus
366 2250 421 2323 est,
444 2245 613 2324 Artotyrita
634 2252 690 2325 est,
712 2252 744 2304 et
765 2245 826 2305 hoc
846 2262 943 2323 genus
965 2243 1026 2305 alii.

231 2325 365 2387 Fuerunt
385 2334 487 2388 autern
510 2329 660 2407 papistica
683 2327 822 2389 Concilio
846 2327 963 2406 aliquot
992 2327 1070 2386 intra

149 2408 209 2469 hoc
230 2416 351 2489 tempus
375 2413 459 2491 regni
488 2411 654 2471 antichristi
682 2411 832 2489 Romani,
854 2410 900 2470 his
923 2409 1069 2490 refragari

149 2512 183 2552 se
204 2493 314 2554 latetur
344 2493 511 2570 Lutherus,
545 2493 599 2554 sed
630 2501 797 2574 praeeunte
820 2492 978 2574 Scriptura
1006 2493 1068 2554 svi-

149 2575 242 2639 denti.
281 2576 321 2637 Et
344 2597 398 2637 cur
421 2597 482 2638 non
505 2577 717 2658 refragaretur,
740 2576 908 2658 quandoin
931 2577 1068 2637 illistam

150 2660 244 2721 multa
266 2661 360 2741 impia
386 2659 534 2721 adversus
557 2661 758 2742 Evangelium
792 2661 959 2722 constituta
981 2657 1070 2720 sunt?

58 2784 60 2789 ι
150 2742 259 2804 Claves
298 2744 448 2805 ecclesiae
482 2763 551 2810 esse
582 2745 723 2805 omnihus
763 2763 942 2805 communes
978 2750 1071 2823 negat

149 2826 508 2890 ViennenseCousilium.
521 2827 691 2889 Ecclesiam
699 2847 768 2888 esse
774 2827 1069 2907 praedestinatorum

113 2923 120 2936 ·
150 2911 378 2971 universitatem
395 2918 489 2991 negat
501 2911 747 2976 Constantianus
765 2911 918 2991 Synodus.
954 2909 1070 2970 Eadem

150 2993 286 3054 decrevit
312 3012 381 3054 esso
401 2994 552 3073 quaedam
573 2994 654 3055 hona
678 3013 773 3074 opera
790 3005 911 3075 praeter
930 2995 1071 3074 gratiam

150 3096 229 3156 quae
251 3079 422 3138 sententiae
440 3097 479 3138 ex
492 3077 642 3138 diametro
653 3086 791 3157 pugnant
806 3097 874 3138 cum
888 3077 1069 3158 Evangelio.

150 3159 338 3221 Adversetur
350 3162 441 3242 igilur
454 3160 600 3221 Consiliis
613 3161 760 3221 Lutherus
777 3160 898 3222 Christo
918 3159 1008 3239 duce,
1021 3160 1070 3221 ad·

150 3262 353 3322 versusquem
362 3245 412 3324 qui
421 3243 632 3323 decreverunt,
644 3263 705 3305 non
715 3252 802 3305 erant
810 3244 921 3305 Christi
930 3244 1070 3319 ecclesia,

150 3327 203 3387 ssd
237 3326 416 3388 antichristi.
461 3327 584 3389 Nihilne
612 3336 818 3407 peccaverunt
851 3347 908 3388 eas
942 3325 1069 3408 Synodi,

150 3408 362 3490 lugdunensis
384 3410 476 3471 credo
507 3418 538 3471 et
559 3408 761 3489 Viennensis,
785 3430 863 3490 quae
885 3409 1069 3472 Pontificum

149 3493 297 3574 epistolas
325 3493 554 3575 adprobarunt?
575 3496 607 3554 in
630 3494 739 3574 quihus
761 3496 810 3555 vel
833 3514 901 3575 cap.
928 3494 977 3555 Ad
1000 3495 1071 3555 abo·

150 3576 285 3657 lendam3
306 3579 377 3639 item
401 3596 428 3638 c.
453 3577 665 3640 Venerabilem
689 3581 756 3658 quis
779 3578 876 3640 ferat?

152 3749 179 3818 t)
200 3748 231 3804 ln
250 3747 294 3807 ed.
312 3748 384 3806 laria
407 3747 566 3807 voluntatis.
