2392 4170
132 240 175 310 12
252 244 350 301 Leonis
368 244 402 300 X.
422 260 473 316 sp·
485 243 528 299 ad.
547 243 620 307 Frid.
639 244 707 317 Due
731 245 800 319 Sex,
817 261 842 301 a.
864 246 941 306 1520.

215 398 350 475 Quarum
363 399 517 476 literarum
539 400 683 482 exempta
703 401 733 463 in
749 402 831 479 alma
853 403 928 465 urbe
948 410 1055 475 nostra

133 484 283 565 impressa
304 483 344 546 ad
365 482 564 545 Nobilitatem
586 492 670 547 tuam
693 480 843 564 misimus,
866 494 899 547 ut
919 487 987 564 illa,
1010 507 1055 555 ref

134 568 266 649 aognitis
288 567 461 648 diligentius
484 568 611 629 ministri
628 567 763 630 Satanae
788 569 952 650 erroribus,
974 589 1056 648 eum,

133 653 213 712 sieut
233 652 263 710 in
286 651 400 712 eisdem
424 651 517 721 literis¹
537 670 593 731 pro
618 652 799 733 Apostolioa
822 653 1055 715 mansuetudine

133 736 278 816 seriptum
304 742 361 814 est,
381 736 511 815 primum
532 734 646 797 hortari
671 742 700 796 et
721 755 858 812 monere,
880 745 912 798 ut
932 736 1053 799 abieoto

133 818 347 881 eontumaeiae
368 829 399 878 et
412 816 573 898 superbiae
595 819 700 902 spiritu
712 819 752 881 ad
774 821 935 882 sanitatem
945 820 1056 897 redire,

133 902 190 963 Dei
212 909 243 962 et
266 907 402 961 nostram
426 901 619 963 elementiam
641 903 789 983 experiri,
820 903 980 985 abnegatis
1003 923 1055 985 pa·

135 985 195 1046 tam
218 983 406 1046 detestandis
420 984 625 1065 opinionibus,
646 986 728 1046 velit.
750 985 803 1047 Sin
826 994 927 1048 autem
949 988 1056 1068 persti-

132 1069 203 1130 terit
223 1069 252 1128 in
282 1069 433 1143 amentia,
469 1075 541 1128 tuna
569 1069 677 1149 elapso
705 1071 850 1147 termino,
885 1071 916 1131 in
939 1070 1055 1132 eisdem

132 1151 226 1213 literis
248 1159 410 1227 eontento,
433 1169 502 1211 eum
525 1151 710 1212 deelaratum
735 1154 938 1230 haereticum,
962 1173 1055 1234 quan·

132 1234 247 1295 tamin
270 1242 391 1296 tuaest
420 1234 582 1296 autoritate
609 1241 640 1295 et
666 1242 836 1316 potestate,
868 1238 954 1316 oapi,
984 1256 1055 1318 oap-

134 1326 258 1396 tumque
285 1317 325 1378 ad
356 1325 492 1378 nostram
520 1319 695 1380 instantiam
728 1319 876 1382 austadiri
909 1328 994 1382 euret
1025 1329 1056 1381 et

132 1400 264 1462 studeat.

216 1486 248 1545 tn
278 1501 339 1563 quo
361 1482 511 1544 Nobilitas
540 1490 592 1544 tua
619 1485 786 1564 praeclaris
818 1486 910 1546 initiis
938 1487 1056 1547 virtutis

132 1585 207 1629 suae
229 1567 363 1627 eximiae
379 1585 468 1646 pares
482 1565 645 1627 reddiderit
667 1571 778 1644 exitus,
800 1587 857 1630 nee
870 1569 1055 1631 mediocrem

133 1649 285 1712 maculam
307 1670 327 1710 a
348 1668 404 1710 sua
425 1657 456 1710 et
477 1648 609 1711 familiae
640 1661 670 1712 et
692 1650 895 1713 Germanicae
922 1654 1055 1714 nationis

132 1734 269 1795 alaritate
289 1732 449 1814 repulerit,
472 1732 611 1814 hancque
634 1734 714 1817 apud
737 1735 836 1796 Deum
863 1742 894 1796 at·
915 1736 1055 1797 homines

133 1816 290 1879 excelsam
312 1815 433 1878 laudern
451 1816 683 1903 promereberis,
706 1837 775 1879 esse
797 1818 1064 1891 tuaeNobilitatis¹

130 1919 228 1981 opera
247 1918 285 1960 ae
306 1900 420 1980 pietate
448 1900 548 1960 oriens
578 1901 751 1961 incendium
773 1920 890 1981 pravae
920 1902 1054 1962 haeresis

132 2002 150 2043 a
171 1982 336 2063 splendore
358 1980 428 2042 fidei
442 1982 633 2045 orthodoxae
655 1992 686 2045 et
707 1993 797 2046 eoetu
819 1982 955 2047 fidelium
974 2004 1053 2046 sum-

133 2071 253 2133 motum
275 2073 306 2127 et
326 2067 519 2129 exstinatum.

130 2148 244 2212 Datum
271 2149 390 2210 Romae
410 2148 492 2229 apud
521 2147 551 2212 S.
575 2149 715 2222 Petrum,
737 2148 795 2210 sub
817 2150 931 2211 annulo
953 2149 1053 2211 Pisae·

159 2233 249 2312 toris,
273 2232 321 2293 die
343 2233 371 2296 8.
394 2231 481 2309 Julii,
503 2232 594 2292 Anno
616 2232 655 2293 M.
677 2232 714 2293 D.
736 2232 803 2295 XX.
825 2232 1024 2295 Pontificatus

444 2315 538 2377 nostri
560 2333 642 2375 anno
666 2314 741 2378 Vlll.
