2392 4170
365 256 527 309 Antichristi
559 257 588 310 D.
606 255 642 310 ll.
660 255 807 309 Lutherus.
998 255 1059 321 145

84 464 89 481 ,
154 410 270 486 pietatis,
305 410 481 489 gravitatis,
510 406 658 470 Romanis
687 411 751 468 istis
779 412 915 489 tyrannis
945 413 1061 471 inesset

84 500 87 567 ξ
154 491 297 571 reliquum,
321 493 405 553 omni
427 491 529 551 studio
552 510 662 552 cavere
686 493 860 572 debuerint,
883 495 988 554 omnia
1016 495 1059 554 ita

154 578 175 633 in
190 574 251 634 luce
273 575 356 636 clare
378 574 416 635 ab
440 577 484 635 eis
507 574 565 635 dici
588 586 618 635 et
640 578 715 655 geri,
740 585 772 636 ut
793 595 851 636 nec
867 576 1059 637 adversarius

153 660 337 737 suspicionem
359 658 482 719 haurire
504 657 574 718 mali
597 661 774 738 cuiusquam
798 661 905 738 possit.

215 746 255 801 At
281 761 364 801 nunc
392 744 418 801 si
441 740 514 801 nihil
543 751 625 801 esset
657 743 802 817 eliorum,
835 761 915 821 quae
946 743 1058 804 bullam

154 822 223 885 ulan
244 824 413 902 elevarent,
443 825 505 885 hoc
532 844 668 885 crassum
700 833 731 886 et
763 827 899 905 ineptum
936 828 1058 887 menda-

155 907 214 967 cium
234 927 302 968 earn
327 908 445 983 levem,
476 927 584 968 vanam
613 919 643 969 et
666 908 773 969 l'alsam
797 911 905 990 arguit.
949 909 1059 990 Roma,

88 1010 94 1031 =
150 1001 266 1069 'queem
298 991 372 1051 mihi
402 993 548 1071 pecunias
582 991 759 1051 exhiberet?
804 991 843 1052 Et
871 991 952 1053 unde
974 993 1059 1069 illud,

157 1073 217 1151 quod
237 1084 426 1154 compertum
448 1075 566 1149 habeo,
588 1095 657 1134 esse
680 1075 822 1134 videlicet
850 1094 905 1155 per
928 1078 1058 1155 trapezi-

156 1166 189 1215 tas
207 1158 277 1218 istos
307 1159 408 1238 (quod
434 1157 568 1217 Bancum
594 1168 724 1234 vocant)
754 1155 896 1218 definitos
924 1160 954 1217 in
985 1157 1061 1219 Ger-

156 1241 234 1301 mania
264 1239 383 1320 aliquot
413 1241 606 1301 centenarios
643 1259 805 1301 aureorum
838 1242 973 1320 sicariis,
1008 1243 1060 1321 qui

157 1318 292 1385 lutherum
316 1322 524 1385 conficerent?
547 1323 600 1383 His
624 1325 704 1383 enim
723 1324 893 1385 rationibus
916 1336 946 1383 et
967 1329 1060 1404 scrip·

84 1461 87 1468 .
158 1406 211 1463 turis
233 1407 323 1469 hodie
352 1418 486 1487 pugnat,
519 1415 638 1487 regnat,
673 1407 840 1487 triumphat
874 1417 982 1467 sancta
1008 1409 1059 1468 illa

83 1541 90 1553 .
156 1490 302 1565 natones
324 1490 431 1566 sedes,
461 1493 607 1570 magistra
629 1488 717 1566 fldei,
747 1499 778 1549 et
799 1498 896 1551 mater
918 1490 1060 1550 ecclesia-

157 1589 219 1650 run,
240 1576 296 1633 iam
322 1573 434 1635 dudum
457 1574 703 1646 antichristianis,
732 1583 762 1632 et
786 1575 830 1633 bis
854 1575 970 1653 septies
992 1575 1061 1634 liae-

84 1692 94 1731 ,
157 1656 229 1716 setim
248 1659 408 1735 convicta,
431 1658 455 1715 si
474 1657 578 1736 gladio
602 1658 740 1736 spiritns,
763 1655 845 1735 quod
867 1668 914 1716 est
937 1656 1060 1717 verbum

84 1778 96 1814 l·

84 1859 99 1898 Ι

84 1941 100 1979 L

159 1733 205 1813 liei,
223 1751 399 1821 pugnasset,
421 1740 451 1800 id
466 1739 549 1818 quod
561 1759 623 1801 non
647 1742 785 1818 ignorat,
807 1739 887 1816 ideo,
911 1760 949 1799 ue
964 1759 1061 1819 quan·

158 1817 185 1878 do
194 1821 227 1881 sd
247 1823 275 1883 id
291 1832 422 1905 cogatur
433 1824 570 1903 periculi,
593 1825 638 1882 sic
660 1824 731 1882 lusit
751 1823 781 1881 in
800 1823 873 1883 orbe
888 1821 1061 1883 Christiano

157 1900 233 1983 ulls,
255 1907 417 1986 caedibus,
450 1906 624 1983 cruoribus,
647 1904 804 1983 mortibus,
828 1906 1059 1985 vastationibus,

84 2005 102 2063 p
156 1990 235 2049 onnia
254 1991 417 2052 involvens
440 1998 470 2050 et
482 1989 625 2070 perdens,
648 1989 748 2049 adhuc
761 1997 868 2067 tamen,
887 1997 958 2049 sunt
975 2009 1060 2049 sanc-

84 2106 101 2144 .
155 2068 237 2132 issimi
268 2075 299 2133 in
322 2074 457 2134 Domino
480 2081 599 2154 patres,
633 2081 664 2132 et
685 2074 787 2133 ovium
812 2072 922 2133 Christi
947 2073 1060 2144 vicarii,

84 2188 101 2226 e

84 2252 101 2305 l.-

84 2334 98 2388 t

84 2432 94 2467 r

84 2510 90 2549 l

154 2166 279 2229 potores.

211 2238 273 2301 Sed
295 2260 372 2319 age,
401 2247 489 2300 utet
520 2240 587 2319 ipse
615 2237 786 2315 colludarn,
817 2238 919 2297 adhuc
942 2240 1062 2298 mittant

152 2325 309 2399 possiam,
337 2321 428 2383 fidem
460 2325 539 2382 enim
570 2342 624 2382 seu
646 2323 832 2381 conductum
856 2327 988 2394 salvum,
1024 2341 1062 2381 ne

154 2402 252 2467 unium
283 2425 340 2467 eos
367 2425 511 2486 gravem,
544 2405 642 2467 libens
664 2407 803 2486 resigno,
837 2424 905 2465 cum
933 2423 994 2465 non
1023 2406 1062 2463 sit

152 2501 206 2564 lpus
224 2509 283 2567 eo,
309 2489 403 2550 modo
427 2489 559 2569 propitia
582 2491 620 2547 sit.
642 2491 790 2568 pecunie,
821 2496 935 2548 tantam
959 2495 1061 2547 aulem

150 2582 289 2653 exspecto,
315 2581 430 2651 quanta
452 2573 526 2632 satis
550 2571 648 2644 fuerit,
672 2580 703 2631 ut
726 2573 832 2650 viginti
854 2571 987 2630 millibus
1012 2591 1061 2650 pe·

144 2649 220 2717 otum
259 2666 292 2716 et
321 2656 457 2735 quinque
487 2654 618 2715 millibus
647 2657 782 2734 equitum
816 2655 980 2713 instructus
1001 2654 1061 2716 Ro·

141 2756 206 2799 uum
236 2748 323 2801 tutus
356 2740 399 2798 ire
428 2757 555 2818 queam,
587 2756 648 2816 qna
682 2746 747 2797 arte
784 2737 855 2796 mihi
887 2738 961 2796 satis
989 2735 1059 2797 fidei

136 2824 254 2901 parabo,
278 2828 311 2883 et
333 2822 393 2882 boo
415 2831 540 2903 propter
561 2821 702 2899 Romam,
725 2839 805 2899 quae
828 2819 956 2880 devorat
978 2821 1063 2881 habi·

136 2912 242 2967 tstores
265 2911 358 2981 suos,
387 2904 471 2965 nulla
498 2924 555 2964 nec
577 2912 713 2980 servata,
747 2922 806 2963 nec
827 2912 969 2965 servante
990 2898 1060 2986 fide,

136 2987 177 3049 rbi
198 2989 392 3050 sanctissimi
413 2996 516 3069 patres
545 2986 689 3049 occidunt
716 2986 845 3048 dilectos
874 2985 954 3048 filios
976 3007 1060 3064 suos,

132 3071 311 3133 incantato
334 3071 408 3149 Dei,
436 3072 607 3150 fratresque
628 3069 760 3151 perdunt
781 3070 887 3132 iratres
916 3072 945 3131 in
970 3071 1059 3134 obse-

131 3156 232 3297 ppium
254 3155 384 3236 Christi,
417 3156 494 3214 sicut
521 3163 568 3213 est
598 3156 691 3215 moris
713 3154 846 3215 Romani
876 3162 968 3235 atque
989 3157 1059 3222 stili.

160 3241 251 3299 terim
284 3238 361 3299 liber
390 3256 442 3298 ero
466 3238 503 3297 ab
532 3237 618 3297 istius
650 3238 930 3300 venerabilissimae
959 3239 1059 3303 bullae

131 3318 284 3382 citatione.
330 3320 356 3380 0
388 3340 441 3381 vos
470 3319 608 3381 infelices
639 3320 824 3402 nebulones,
853 3323 904 3402 qui
932 3325 1060 3385 veritate

131 3414 157 3463 et
177 3405 372 3467 conscientia
395 3407 439 3463 sio
462 3405 533 3465 estis
556 3403 689 3483 confusi,
715 3415 746 3464 nt
768 3425 825 3465 uec
848 3407 968 3467 mentiri
990 3427 1059 3487 pru·

131 3484 236 3547 denter
255 3486 395 3569 possitis,
419 3506 476 3546 nec
496 3505 601 3546 verum
615 3487 716 3548 dicere
733 3488 881 3567 audeatis,
904 3497 934 3549 et
956 3497 1058 3551 tamen

131 3588 249 3631 summa
270 3570 439 3649 ignominia
462 3577 563 3631 vestra
585 3571 742 3650 quiescere
764 3591 825 3633 non
849 3572 969 3638 valetis.

207 3652 309 3713 Affert
341 3672 464 3734 quoque
499 3652 581 3712 bulla
609 3673 722 3715 novam
751 3655 949 3737 latinitatem,
987 3676 1055 3717 cum

130 3737 208 3797 cuim
231 3737 422 3817 Augustinus
445 3736 582 3815 dixisset,
603 3757 638 3798 se
655 3738 817 3819 evangelio
840 3758 903 3799 non
927 3739 1057 3802 creditu-

151 3852 731 3908 umnoetopp.v.sssrscusscspvosv.
856 3825 896 3890 10
