2392 4170
148 246 214 330 516
505 262 509 268 “
525 254 570 317 Da
584 253 762 316 instituendis

157 439 205 513 16,
228 453 297 495 uam
320 451 445 515 prorsus
472 431 581 494 eadem
609 439 680 494 sunt
700 431 813 494 christi
840 429 934 493 verba
956 429 1081 511 ubique,

155 518 264 599 quibus
287 517 402 596 ligandi
431 523 462 578 et
484 515 625 578 solvendi
653 514 787 578 officium
819 514 919 578 tradit.
964 512 1082 576 sinuo

154 603 226 664 iooo
249 607 301 661 aut
324 601 374 660 uui
397 618 549 680 personae
570 601 618 662 ius
641 598 783 660 traditum
806 597 993 680 signitioant
1014 596 1078 658 ubi·

155 704 215 765 que
246 685 293 744 ius
322 683 464 744 traditum
502 681 687 763 signitioaut
730 682 762 746 si
800 701 861 744 uuo
888 682 1080 743 looousum

154 768 297 830 traditum
320 766 511 846 significant,
545 766 658 847 ubique
681 785 769 827 usum
791 765 935 827 traditum
964 763 1080 845 signiti-

155 860 235 914 oant.
280 850 348 910 Non
373 851 452 910 enim
476 848 565 911 nobis
589 850 662 911 tioet
682 849 783 911 verbis
804 849 860 910 Dei
884 847 1000 928 ubique
1022 849 1080 909 eis-

155 935 223 995 dem
247 934 355 1014 positis
393 932 485 994 alium
520 939 551 993 et
582 933 675 994 atium
707 951 831 994 sensum
860 933 929 993 aliis
958 937 990 993 et
1011 931 1080 993 aliis

155 1017 233 1080 loeis
255 1017 426 1097 attingere,
449 1017 528 1077 siout
557 1015 660 1077 larvae
688 1016 759 1077 illae
793 1015 908 1077 audent
941 1017 1006 1078 suis
1028 1015 1081 1096 dg*

156 1101 266 1162 mentis
288 1098 394 1160 ludere
416 1100 562 1180 mysteria
583 1099 651 1162 Dei.

238 1217 369 1279 Cessent
391 1235 464 1297 ergo
487 1215 644 1278 bominum
668 1202 850 1296 mbudaoia,
882 1215 989 1278 slaves
1012 1211 1081 1278 sunt

156 1301 248 1362 totius
277 1300 428 1361 eoolesiae
462 1306 493 1360 et
532 1296 694 1361 ouius‘libet
736 1299 863 1379 membri
897 1300 988 1381 eius,
1020 1307 1079 1361 tam

155 1386 229 1462 iure,
254 1403 343 1464 quam
369 1403 422 1443 usu
447 1393 477 1443 et
500 1383 641 1445 omuibus
665 1382 774 1463 modis,
797 1390 830 1444 ut
854 1382 957 1445 verbis
968 1383 1079 1445 Christi

156 1468 271 1528 nullam
296 1468 355 1527 vim
377 1467 536 1545 tentamus,
558 1466 667 1549 quibus
685 1467 826 1529 absolute
848 1472 880 1528 et
894 1467 1080 1549 generaliter

157 1551 297 1612 omnibus
326 1550 418 1610 dioit:
450 1549 495 1611 Sit
532 1551 595 1632 tibi,
634 1558 677 1613 et:
714 1551 859 1611 Luoratus
888 1569 923 1611 es
956 1550 1079 1613 tratrem

156 1642 250 1714 tuum,
273 1641 321 1695 et:
345 1632 559 1713 Quodcunque
581 1653 638 1695 vos
660 1641 717 1698 oto.
1046 1656 1049 1665 ·

238 1751 365 1815 Possem
389 1751 438 1811 bio
462 1759 492 1812 et
514 1750 597 1819 illud,
616 1751 655 1814 ad
679 1753 799 1813 Petrum
823 1750 924 1828 solum
949 1751 1080 1815 dictum:

156 1834 222 1896 'libi
245 1834 325 1898 dabo
344 1836 447 1896 slaves
469 1837 556 1916 regui
573 1836 741 1914 coetorum,
763 1853 819 1916 pro
843 1833 1078 1898 confirmatione
1173 1830 1176 1839 '

42 1914 46 1920 ’
155 1924 297 1995 tractare,
319 1920 391 1979 item
413 1918 508 1980 iilud:
537 1918 567 1981 si
591 1918 652 1981 duo
675 1918 887 1981 eonsenserint
907 1939 1004 2002 super
1026 1927 1079 1982 ter·

156 2021 241 2095 ram‚;
264 2005 352 2062 item:
377 2000 427 2062 ubi
450 1999 511 2063 duo
534 2001 647 2063 tuerint
667 2002 697 2063 iu
720 1997 844 2076 nomine
859 2021 930 2064 meo
954 2006 1078 2084 oongre·

156 2087 220 2165 gnti
253 2087 285 2145 in
308 2074 409 2146 medio
432 2104 538 2163 eorum
562 2084 658 2149 sum.¹
680 2085 712 2146 iu
736 2084 844 2166 quibus
868 2085 1077 2167 plenissimum

157 2171 203 2228 ius
227 2175 257 2229 et
278 2170 545 2249 praesentissimus
568 2189 639 2229 usus
662 2169 776 2250 ligandi
801 2175 831 2230 et
853 2168 998 2232 solvendi
1023 2175 1077 2232 stu‘-

158 2251 267 2330 bilitur,
291 2252 349 2311 nisi
372 2251 450 2312 forte
478 2265 509 2312 et
539 2254 596 2333 ipsi
619 2252 739 2314 Christo
761 2254 792 2313 iu
823 2251 925 2314 medio
947 2254 1077 2321 ¹duorum

155 2333 304 2395 habitanti
338 2332 518 2414 derogaturi
552 2343 623 2396 sunt
650 2337 697 2397 ius
725 2336 774 2397 vel
814 2356 901 2396 usum
938 2337 1077 2398 clavium.

157 2417 269 2478 Verum
293 2417 466 2478 bassatius
489 2419 611 2481 abunde
633 2420 771 2482 tractavi.
813 2432 815 2437 ’
1016 2416 1019 2420 ’

239 2535 318 2612 Quin
342 2542 372 2596 et
394 2556 486 2616 supra
509 2534 657 2616 diximus,
680 2537 762 2599 verbi
787 2538 989 2600 ministerium
1014 2559 1078 2602 esse
1172 2530 1176 2555 '

156 2620 297 2680 omuibus
312 2638 494 2699 oommuue3
518 2627 549 2680 at
571 2621 667 2701 ligare
678 2627 708 2682 et
720 2621 840 2689 solvere
853 2641 981 2703 prorsus
997 2621 1077 2684 aliud

156 2703 231 2763 nihil
249 2712 310 2783 est,
334 2722 424 2782 quam
448 2703 650 2785 Evangeliurn
667 2703 847 2786 praedicere
871 2712 902 2767 et
913 2706 1078 2788 applicare.

154 2784 234 2862 Quid
258 2787 338 2847 euim
363 2795 409 2847 est
421 2787 552 2867 solvere,
577 2789 634 2848 nisi
648 2789 862 2850 remissionem
879 2797 1077 2870 peccatorum

145 2888 257 2930 'noram
293 2870 360 2930 Deo
393 2871 611 2933 annunciare?
667 2871 747 2947 Quid
782 2880 828 2932 est
867 2873 985 2954 ligare,
1022 2875 1076 2935 nisi

155 2953 357 3032 Euan-getium
380 2953 498 3015 auterre
527 2962 558 3014 et
579 2965 776 3035 peccatorum
800 2957 1007 3019 retentionem
1032 2978 1080 3020 au·

154 3036 319 3099 nunciare?
354 3035 456 3112 Quare
479 3037 574 3099 velint
596 3038 694 3099 nolint
717 3040 847 3100 sonuisti
872 3038 999 3126 sunt¹),
1023 3042 1079 3104 oia·

154 3139 232 3202 ves,
262 3140 330 3181 oum
355 3122 416 3180 sint
446 3122 644 3182 ministerium
668 3121 752 3182 verbi
776 3122 980 3205 applicandi,
1015 3144 1080 3188 esse

154 3204 297 3264 omnibus
322 3223 512 3266 communes.

244 3320 426 3402 Quanquam
454 3321 526 3402 quid
558 3321 652 3384 refert
683 3321 743 3386 boo
765 3322 901 3409 officium
927 3330 1086 3390 contentio

151 3504 555 3525 m*-,-
562 3515 571 3521 ,-

228 3624 255 3688 t)
276 3621 353 3679 Haeo
377 3622 478 3680 vorbat
509 3625 671 3684 convicti
690 3632 791 3695 sunt,
821 3630 945 3700 repetita
971 3621 1038 3691 sun‘t
1056 3651 1087 3691 ex

149 3693 193 3751 ed.
223 3695 296 3767 len,
325 3696 353 3752 in
380 3695 425 3753 ed.
452 3698 521 3786 orig.
551 3714 606 3756 non
631 3700 768 3772 leguntur.
