2392 4170
200 224 264 297 Μ
503 237 505 241 ’
562 224 610 285 De·
623 221 791 300 abroganda

202 404 239 461 si
256 398 485 478 unicissimum,
499 418 547 460 'ue
568 416 675 479 speres
696 398 776 460 ultra
811 398 890 478 hoo,
925 396 1021 459 ullum
1041 393 1127 458 alind

203 481 347 564 piscandi
383 492 436 544 aut
473 482 655 544 sacrificium
694 491 746 543 aut
783 482 943 543 eonsilium
974 479 1128 560 reliquum

203 583 283 629 esse.
319 565 418 629 Maior
438 574 485 628 eet
506 566 559 628 iila
581 568 736 647 maiestas,
760 584 851 646 quam
873 573 906 627 ut
926 565 1020 627 totius
1041 563 1128 625 orbis

202 651 353 731 sanguine
374 657 405 710 et
427 651 562 711 omnium
586 649 766 731 angelorum
788 647 1033 731 meritisplaoari
1052 664 1127 728 poe·

202 734 250 795 sit.
294 733 413 814 Corpus
436 733 546 795 Christi
569 732 671 812 datur,
695 739 726 793 et
746 733 871 813 sanguis
894 734 960 794 eius
980 729 1129 811 funditur,

202 822 233 876 ei
254 817 299 876 sie
321 816 469 896 placatur.
512 817 622 878 Prote
643 818 725 877 enim
739 816 829 878 datur
850 823 881 876 et
901 814 1044 896 funditur,
1067 815 1125 875 sio·

203 907 235 959 ut
266 898 354 959 dieis:
387 899 446 962 Pro
473 898 572 963 vobis.
617 899 678 960 Gur
704 917 760 980 pro
784 898 896 981 nobis,
925 899 983 959 nisi
1005 905 1040 959 ut
1061 896 1127 979 pla·

202 985 356 1043 essurire
378 983 445 1061 Dei,
468 1001 547 1062 quae
567 983 707 1045 imminet
727 983 863 1063 peoontis
886 979 1018 1045 uostris?
1060 980 1128 1042 Pla-

202 1073 273 1129 esta
294 1071 396 1127 autem
417 1068 463 1127 ira
483 1068 677 1129 remittuntur
697 1073 845 1146 peecata,
873 1067 934 1128 hoo
961 1071 1009 1127 est
1040 1064 1126 1144 quod

203 1143 295 1229 diois,
325 1147 391 1210 dari
413 1156 445 1211 et
465 1149 579 1210 effundi
612 1151 643 1229 iu
672 1150 885 1211 remissionem
916 1154 1128 1230 peecatorum,

201 1233 260 1293 nisi
282 1233 364 1293 enim
387 1231 508 1293 daretur
537 1239 568 1294 et
590 1231 815 1313 effunderetur,
843 1233 889 1295 ira
911 1238 1066 1309 maneret,
1094 1238 1127 1293 ei

202 1321 331 1396 pennata
351 1317 563 1378 retineremur.
606 1316 665 1377 iiio
686 1316 788 1396 vides,
811 1335 904 1396 quam
925 1315 1000 1377 nihii
1021 1314 1128 1379 vdent

199 1416 282 1479 opus
306 1398 530 1461 'satisfactionis
562 1405 615 1461 aui
643 1398 824 1461 saoriiioium
847 1399 1047 1481 planationis,
1069 1398 1126 1461 sed

203 1482 272 1544 sois
293 1480 369 1543 fldes
392 1481 459 1551 deti¹
478 1484 617 1564 eorporis
634 1491 665 1544 et
692 1482 781 1545 effusi
801 1484 958 1565 sauguinis
983 1500 1039 1563 pro
1061 1481 1126 1563 pla·

103 1599 105 1604 ·
201 1566 334 1629 ustione
376 1565 424 1626 Ne
446 1565 524 1629 fides
544 1567 613 1647 ipsa
635 1565 761 1646 quidem
782 1567 901 1647 planat,
934 1563 989 1627 sed
1016 1584 1126 1646 appre-

202 1647 308 1711 hendit
328 1656 360 1710 et
380 1648 501 1711 obtinet
521 1650 725 1729 piseationem
749 1669 804 1730 per
826 1650 977 1712 Christum
1000 1649 1125 1730 faeiem,

202 1738 319 1811 quanto
343 1733 441 1812 magis
463 1739 516 1794 tus
538 1733 631 1794 stulta
657 1733 819 1815 placatio,
853 1740 884 1795 et
917 1733 984 1794 sine
1009 1731 1073 1795 fide
1094 1738 1127 1797 ei

202 1815 271 1877 sine
289 1813 434 1894 Christo,
460 1816 533 1877 nihii
555 1816 747 1897 impeirabit,
774 1817 832 1878 nisi
861 1817 1009 1879 maiorem
1034 1817 1123 1878 iram.

202 1894 274 1961 Siai
291 1897 379 1959 firma
402 1901 570 1963 sententia:
602 1899 672 1979 Hoo
692 1919 804 1981 eorpus
831 1900 919 1962 datur
946 1917 1001 1981 pro
1021 1899 1123 1961 vobis.

202 1980 268 2043 Vos
289 1981 367 2057 nihil·
384 1981 460 2043 dare
479 2002 539 2043 neo
566 1982 676 2047 offerre
697 1985 831 2065 potestis.
860 1985 892 2044 in
914 1983 1123 2063 piseationem

199 2071 254 2126 aut
275 2065 498 2146 remissionem,
521 2065 576 2128 sed
598 2067 694 2147 graiis
708 2066 840 2128 donatur
861 2065 959 2146 vobis,
981 2065 1037 2129 sed
1059 2084 1122 2129 uon

107 2143 113 2151 ’
201 2148 297 2229 gretie
330 2147 461 2209 donatur
492 2148 614 2211 Christo
647 2150 711 2212 hoo.
733 2150 846 2212 donum
875 2151 932 2211 Dei
955 2149 994 2210 in
1022 2148 1123 2231 nobis,

201 2231 274 2310 quia
296 2249 408 2311 eorpus
429 2239 461 2292 et
481 2235 662 2313 sanguinem
686 2252 741 2314 pro
765 2253 802 2295 eo
834 2240 960 2314 propter
981 2251 1039 2293 nos
1062 2239 1123 2295 iru-

199 2313 253 2392 dis,
277 2321 309 2374 ut
330 2313 507 2395 diligamus,
538 2318 747 2398 gaudeamus,
770 2319 847 2398 grati
878 2318 973 2378 simus
1000 2315 1123 2380 divinae

199 2398 443 2478 misericordiae,
466 2418 522 2480 pro
545 2400 742 2462 inenarrabili
769 2421 827 2462 suo
855 2400 915 2461 hoo
942 2399 1044 2476 dono,
1076 2402 1122 2461 in·

200 2479 300 2560 dignis
322 2481 411 2543 nobis
440 2481 566 2548 donato.
609 2483 680 2545 Non
716 2503 790 2565 ergo
824 2482 1057 2546 eaorifieandum
1093 2490 1123 2545 ei

200 2563 333 2626 dandum
374 2564 730 2645 est1)inuueharistia
764 2568 803 2629 ab
838 2566 1034 2647 hominibus,
1069 2565 1122 2628 sed

200 2656 316 2711 ustum
341 2647 527 2710 eredendum
551 2660 582 2712 et
603 2650 817 2731 aooipiendum
840 2670 859 2712 a
881 2650 956 2713 Deo.

282 2731 331 2793 Ex
364 2733 472 2811 quibus
504 2753 586 2794 nuno
617 2734 775 2796 evidenter
802 2736 954 2815 sequitur,
977 2732 1123 2796 Euchari-

199 2816 288 2876 stiam
312 2834 367 2877 seu
395 2815 519 2877 Missam
549 2836 675 2898 prorsus
700 2819 775 2880 nulli
803 2818 890 2880 alteri
911 2835 1006 2898 posse
1027 2817 1123 2898 appii·

200 2899 263 2959 sari
286 2906 317 2959 et
338 2901 567 2962 eommunioari.
613 2900 693 2977 Quid
715 2903 795 2963 enim
818 2901 929 2979 adme,
953 2899 1037 2979 quod
1053 2919 1124 2961 usus

200 2983 333 3043 uniuersi
356 2982 438 3043 orbis
467 2985 610 3064 papistiei
632 2985 720 3046 aliter
741 2986 832 3047 sentit
862 2991 893 3045 et
913 2983 1016 3045 faeere
1037 3003 1123 3065 prae·

200 3064 312 3125 sumiti
354 3065 497 3145 Nunquid
526 3065 617 3128 fidem
642 3069 699 3128 Dei
732 3069 778 3129 iili
804 3066 1018 3130 evacuabunt?
1062 3067 1124 3133 Aut

198 3148 376 3228 ignoramus
400 3148 588 3229 praediotum
612 3171 691 3231 esse,
713 3159 810 3214 totum
834 3150 939 3212 orbem
961 3150 1123 3215 seduotum

198 3232 233 3291 iri
256 3233 408 3293 erroribus
430 3232 619 3314 Antiohrisii,
642 3237 692 3314 qui
722 3241 769 3297 est
790 3233 896 3316 Papa?
939 3233 1043 3295 Verba
1065 3234 1122 3297 Dei

194 3332 262 3375 nou
283 3315 394 3376 faliunt
415 3335 489 3394 nos,
513 3337 572 3378 neo
593 3317 738 3379 deserunt
759 3320 851 3379 etiam
873 3319 903 3382 iu
927 3316 1031 3379 medio
1054 3339 1122 3379 um-

200 3397 274 3459 brae
297 3401 412 3463 mortis.
458 3398 545 3475 Quae
567 3407 600 3463 ui
630 3401 716 3463 vides
751 3421 843 3482 quam
878 3399 953 3461 nihil
986 3402 1123 3482 exigant,

192 3481 258 3542 uisi
278 3480 386 3562 fldem,
419 3501 487 3544 oum
511 3485 572 3545 sint
592 3485 794 3566 purissimae,
822 3485 1027 3564 tenerrimae,
1051 3503 1124 3567 opn-

197 3563 386 3628 leutissimae
407 3568 640 3646 promissiones.
675 3572 716 3632 st
737 3568 814 3630 fides
831 3570 862 3630 in
884 3568 1123 3650 promissionem

201 3783 214 3790 ··
268 3758 300 3823 1)
321 3755 351 3810 iu
369 3754 489 3813 eri-ian.
517 3757 562 3812 hio
579 3730 705 3813 addiium
725 3754 857 3829 legimusz
877 3754 947 3813 Deo.
