2392 4170
469 282 550 339 Doot.
568 281 647 338 biart.
667 276 744 335 both.
988 266 1050 340 409

132 447 245 525 mundi,
268 454 300 510 et
319 466 338 509 a
359 448 454 516 Paulo
479 453 561 512 Deus
583 448 672 512 buius
693 449 788 511 seculi
815 454 845 510 et
876 451 978 509 rector
998 445 1049 508 ba·

131 553 197 593 rum
221 532 413 595 tenebrarum
437 534 617 616 appelletur.
653 534 761 611 Qualia
786 543 859 614 ergo
881 538 951 593 sunt
972 530 1051 592 Heu·

132 618 247 677 riciaua
269 618 418 698 principia
441 627 471 679 et
493 619 621 696 articuli,
646 619 714 680 talis
736 625 783 680 eat
798 626 828 679 et
849 615 925 678 lides
949 622 980 677 et
1001 633 1051 674 ve·

132 701 222 778 ritae3
244 701 341 780 qualis
362 702 450 778 tides,
473 703 549 764 tales
572 709 603 764 et
614 703 728 777 Sancti,
750 702 811 763 boc
832 708 888 777 est,
911 697 1051 780 Babylon

133 790 164 843 et
185 782 373 846 abominatio
397 787 570 847 novissimis
593 785 780 867 temporibus
803 785 905 866 digua.

215 864 382 928 Veniamus
408 889 489 930 nunc
511 870 549 929 ad
573 870 769 950 particularia
802 868 924 930 Henrici
956 865 1052 925 nostri

133 957 164 1009 et.
187 948 354 1028 videamus,
378 971 468 1032 quam
490 953 618 1015 feliciter
639 960 723 1035 aptet
736 953 886 1033 principia
908 971 963 1011 sua
981 968 1052 1011 con·

133 1033 320 1093 olusiouibus
341 1034 531 1097 Thomistica
559 1036 612 1098 illa
639 1038 799 1117 sapientia.
842 1034 901 1096 Sed
933 1035 1053 1094 veniam

133 1118 217 1195 prius
249 1124 321 1197 peto
351 1122 443 1201 apio
473 1128 504 1181 et
525 1120 656 1182 candido
680 1120 810 1197 lectore,
844 1120 870 1178 si
906 1119 1054 1179 molestus

133 1199 220 1261 tuero
252 1202 343 1260 toties
375 1204 516 1267 iterando
560 1203 667 1264 eadem
701 1203 740 1265 de
773 1201 990 1264 traditionibus
1024 1205 1055 1259 et

134 1302 190 1343 usu
213 1283 369 1351 bominum
393 1288 568 1349 refutandis.
612 1287 692 1362 Quid
715 1289 796 1348 enim
818 1284 899 1348 aliud
928 1283 1054 1363 possim,

135 1385 203 1426 oum
232 1366 437 1434 Tbomistious
467 1391 523 1432 rex
553 1377 702 1451 perpetuo
732 1371 808 1432 libro
840 1368 914 1430 nibil
948 1366 1056 1428 afferat

133 1469 226 1530 ,quam
250 1449 404 1512 doctrinas
425 1461 457 1513 et
478 1474 550 1515 usus
564 1455 743 1516 bominum?
785 1454 845 1513 Vix
866 1471 958 1513 unam
975 1469 1056 1511 eam-

135 1553 195 1612 qus
217 1532 383 1614 depravate
406 1536 531 1599 adducit
552 1538 760 1619 scripturam,
790 1536 907 1597 scilicet
940 1534 978 1594 ad
1001 1533 1056 1595 Sa·

136 1624 325 1679 crementum
348 1619 463 1681 ordinis
485 1621 717 1698 stabiliendum,
747 1618 981 1682 obsidebimus.
1025 1617 1057 1677 ai

137 1700 299 1762 molestum
329 1721 392 1762 non
421 1710 468 1764 est
501 1705 624 1765 assidue
658 1705 761 1784 legere
798 1702 878 1784 apud
912 1700 1056 1762 stolidum

136 1783 269 1862 Regem:
293 1782 423 1865 Oportet
446 1789 490 1847 sic
512 1808 590 1864 esse,
614 1789 836 1859 siosautio,sic
857 1784 950 1847 babet
972 1803 1056 1863 usus,

136 1867 181 1926 sic
202 1863 295 1928 docet
316 1869 458 1947 ecclesia,
479 1877 510 1932 tu
535 1872 619 1931 solus
642 1871 724 1951 sapis
747 1876 823 1949 eto,
845 1889 906 1930 non
930 1869 978 1943 sit,
1003 1866 1056 1926 ob-

136 1967 240 2029 secro,
275 1952 436 2014 molestum
460 1955 552 2015 etiam
577 1955 668 2015 toties
692 1953 814 2033 legere:
849 1953 917 2013 Hoc
946 1952 1059 2010 sentire

137 2032 211 2092 nihil
233 2041 289 2112 est,
313 2036 361 2095 bio
383 2057 455 2097 usus
477 2037 553 2098 nibil
576 2036 696 2117 probat,
718 2037 912 2116 boooportet
930 2039 1059 2095 esseest

137 2115 209 2175 nihil
238 2136 322 2193 esse,
352 2137 390 2179 ea
422 2122 555 2181 ecclesia
598 2141 659 2182 non
696 2127 742 2180 est
774 2119 885 2180 Christi
914 2116 1057 2190 ecclesia,

137 2215 198 2255 nou
224 2217 283 2276 ego
307 2203 410 2280 sapio,
438 2204 491 2265 sed
515 2203 652 2266 Christus
675 2202 759 2264 solus
782 2205 862 2283 sapit
895 2210 951 2264 etc.
996 2200 1056 2259 Ne·

137 2279 264 2339 cessitas
287 2283 371 2360 cogit
402 2303 451 2344 me
473 2287 586 2348 stolido
608 2288 685 2368 Regi
715 2288 759 2346 sic
780 2301 835 2366 per
867 2284 987 2366 singula
1008 2301 1056 2343 re-

137 2361 299 2439 spondere,
322 2367 373 2443 qui
396 2386 451 2445 per
472 2369 593 2448 singula
618 2371 664 2430 sic
687 2372 925 2449 argumentatur.

219 2444 351 2504 Primum
374 2449 579 2528 indulgentias
599 2451 801 2531 apprehendit
822 2453 891 2512 Rex
904 2450 1064 2528 defensor,

136 2545 212 2605 quas
235 2546 294 2607 ego
317 2549 506 2593 asserueram
529 2551 599 2592 esse
620 2534 806 2612 imposturas
821 2535 981 2594 Romanae
1002 2553 1056 2594 ne-

136 2611 259 2689 quitiae.
303 2612 366 2673 Has
389 2613 525 2676 defendit
552 2612 614 2676 hoc
635 2615 746 2679 modo:
787 2616 818 2678 Si
848 2615 1057 2697 indulgentiae
1146 2650 1148 2654 Α

135 2699 206 2753 sunt
226 2694 424 2773 imposturae,
449 2700 634 2779 impostores
656 2717 718 2758 non
742 2698 842 2760 solum
861 2704 949 2760 amnt
971 2702 1058 2778 prae·

78 2845 80 2848 ¹
136 2775 282 2837 cedentes
297 2778 471 2862 Pontifices,
494 2780 549 2843 sed
564 2787 595 2843 et
615 2782 683 2862 ipse
706 2780 768 2842 Leo
786 2782 824 2861 X,
847 2801 937 2861 quem
956 2785 1056 2842 tamen

134 2858 282 2920 Lutberus
304 2863 416 2924 eximie
437 2864 552 2929 laudat.

219 2942 385 3027 Oregium
410 2954 441 3008 et
461 2947 683 3010 Tbomieticum
706 2966 846 3027 acumen,
870 2949 977 3008 lterum
1001 2947 1058 3006 sci·

137 3026 208 3084 licet
229 3027 318 3088 uobis
333 3030 529 3108 proverbium
552 3030 626 3092 illud
643 3031 853 3093 commendat:
877 3030 939 3092 Aut
953 3049 1056 3108 regem

135 3117 188 3167 aut
209 3108 323 3171 fatuum
347 3115 432 3174 nasci
455 3115 600 3195 oportuit.
638 3113 669 3176 Si
692 3115 840 3176 Lntberus
863 3121 980 3175 tantum
1003 3113 1057 3173 ba·

136 3190 186 3250 bet
209 3197 390 3273 autoritatis,
412 3205 445 3256 ut
466 3204 570 3258 tantus
594 3198 662 3259 Rex
683 3200 710 3257 ei
733 3198 839 3258 credat
861 3198 995 3257 Leonem
1019 3196 1056 3258 X.
1081 3202 1083 3206 ’

137 3273 288 3356 laudanti,
311 3296 366 3339 cur
388 3300 448 3341 nou
480 3280 576 3342 credit
607 3279 707 3341 eidem
739 3279 945 3360 indulgentias
975 3278 1058 3339 dam·

135 3358 242 3418 nauti?
276 3365 455 3441 praesertim
494 3383 562 3424 cum
585 3364 636 3424 bic
658 3364 792 3423 munitus
821 3365 861 3422 sit
882 3361 1055 3441 scripturis,

135 3441 305 3501 rationibus
319 3449 360 3504 >et
380 3445 478 3523 factis,
501 3446 565 3507 illic
587 3449 688 3508 autem
713 3445 893 3525 obsequium
905 3447 944 3504 sit
966 3444 1057 3505 bene·

136 3523 290 3586 volentiae
312 3545 386 3607 erga
408 3547 581 3607 personam.
621 3527 682 3590 aad
705 3528 808 3590 decori
831 3547 888 3591 suo
910 3528 1058 3588 inservire

136 3607 233 3667 voluit
253 3608 339 3670 larva
360 3610 559 3682 Themistica,
584 3613 634 3691 qui
656 3613 761 3672 statuit
784 3612 871 3692 sequi
884 3630 945 3673 nou
958 3609 1056 3690 Sarip-

136 3699 228 3766 turas,
251 3713 312 3754 non
336 3696 481 3772 rationes,
505 3694 559 3754 sed
583 3695 741 3755 hominnm
764 3696 845 3755 nuda
867 3694 959 3754 dicta.

218 3772 327 3858 Itaque
358 3777 432 3839 nibil
453 3777 622 3859 respondet
649 3776 723 3840 mibi
752 3777 822 3841 Rex
851 3776 1060 3839 ‘l'homistioua
