2392 4170
140 224 205 299 122
490 232 717 311 ussum.

138 402 237 496 sune·
255 396 360 479 Atque
379 398 424 463 ita
444 401 650 467 sacerdotium
672 405 744 466 nori
764 403 955 467 Testamenti
976 421 1062 483 ptor-

138 497 191 543 sus
212 499 279 542 srne
299 502 501 563 personarum
522 496 665 568 respectu
674 495 784 563 regnat
804 489 1010 550 communiter
1028 486 1061 547 iu

136 563 280 627 omnibus
300 570 408 647 spiritu
429 571 511 635 solo.
541 571 626 634 Sicut
650 573 724 634 dicit
735 572 805 635 Gal.
826 577 859 638 5:
880 571 914 633 ln
937 570 1061 635 Christo

134 645 207 711 Iesu
240 668 303 710 nou
334 660 382 715 est
402 652 550 733 ludaeos,
578 676 641 717 non
670 666 716 718 est
738 657 893 733 Graecus,
921 675 984 717 non
1013 660 1063 715 est

135 732 298 807 masculus,
321 756 384 797 nou
398 746 446 798 est
466 738 589 813 femina,
610 761 673 802 non
689 748 737 802 est
759 741 912 811 domiuus,
927 758 991 801 uon
1012 743 1072 809 cst¹

134 833 252 885 servus,
272 818 329 881 sed
356 839 464 884 omues
487 843 543 886 vos
566 845 659 886 unum
681 826 755 886 estis
775 826 805 885 in
829 824 962 886 Christo.

218 901 281 969 Sed
295 926 461 986 pereamus
481 910 512 969 iu
532 909 649 971 frontes
662 909 850 971 meretricias
868 908 1060 987 lupanarium

135 990 266 1051 istorum
299 990 447 1069 colligere
481 993 674 1071 testimonia,
708 992 820 1072 quibus
853 991 1060 1052 sacerdotium

137 1073 211 1135 novi
232 1072 421 1136 Testamenti
452 1078 610 1153 statuitur,
639 1085 672 1137 ut
700 1076 874 1157 oppilemus
901 1082 933 1135 et
953 1073 1062 1137 obmu-

137 1162 256 1221 lcwere
277 1156 426 1219 faciamus
447 1179 483 1221 os
495 1161 718 1240 impudentium
741 1160 899 1221 homiuum
920 1160 1060 1221 istorum.

218 1239 336 1303 Primus
371 1242 461 1303 adest
493 1243 616 1315 Petrus,
639 1248 668 1307 l.
704 1244 769 1305 Pet.
791 1245 827 1308 2:
858 1243 1061 1322 Deponentes

134 1322 226 1401 igitur
247 1344 370 1386 omnem
394 1325 500 1387 dolum
523 1335 556 1390 et
582 1328 797 1389 simulationes
824 1334 854 1387 et
875 1325 1008 1387 invidias
1028 1330 1062 1385 et

134 1424 243 1468 omues
264 1408 483 1489 detractiones,
504 1411 700 1473 sicutmodo
720 1411 816 1492 geniti
837 1410 988 1487 inientes,
1009 1407 1061 1469 lac

135 1490 318 1554 rationabile
339 1500 371 1555 et
395 1494 463 1555 sine
486 1494 560 1556 dolo
580 1497 806 1573 concupiscite,
827 1502 861 1553 ut
881 1513 938 1573 per
957 1493 1059 1572 ipsum

133 1575 281 1636 crescatis
305 1578 337 1637 in
368 1578 516 1655 salutem,
543 1581 570 1638 si
591 1587 693 1640 tamen
719 1578 884 1658 gustastis,
911 1575 1059 1654 quoniam

133 1654 231 1717 duleis
252 1666 301 1719 est
319 1661 480 1723 Dominus.
524 1661 573 1724 Ad
595 1683 685 1743 quem
708 1660 903 1739 accedentes,
923 1657 1059 1739 lapidem

134 1739 256 1819 vivum,
283 1741 323 1803 ab
350 1743 526 1806 bominibus
552 1745 676 1824 quidem
710 1743 922 1826 reprobatum,
948 1761 967 1803 a
989 1742 1059 1803 Deo

134 1829 237 1885 autem
267 1825 399 1889 electum
435 1836 468 1891 et
494 1829 746 1908 honorificatum,
774 1836 805 1887 et
831 1827 889 1905 ipsi
912 1833 1059 1903 tauquam

134 1906 195 1967 n’vi
206 1907 325 1988 lapides
337 1911 634 1989 superaedificamini
646 1913 676 1972 in
688 1910 894 1973 secerdotium
907 1914 1060 1979 sanctum,

134 1988 301 2053 offerentes
322 1995 496 2074 spirituales
517 1996 653 2061 bostiss.
675 1993 882 2075 acceptabiles
908 1993 980 2054 Deo
1002 2011 1059 2071 per

133 2074 233 2135 lesum
256 2075 420 2140 Christum.
463 2079 502 2139 Et
523 2080 616 2140 inira:
644 2079 710 2141 Vos
730 2084 834 2140 autem
857 2095 955 2157 genus
977 2074 1059 2136 elec·

133 2162 208 2226 tum,
230 2159 335 2239 regale
356 2161 582 2227 sacerdotium.
605 2182 682 2241 geos
704 2169 832 2237 sancte,
854 2159 988 2240 populus
1010 2176 1060 2218 ao

134 2240 317 2318 quisitionis,
338 2251 372 2304 ut
393 2247 519 2307 virtutes
542 2248 735 2307 annuncietis
757 2247 833 2316 eius,
854 2245 905 2321 qui
928 2260 984 2302 vos
1006 2260 1059 2303 vo·

133 2323 216 2383 cavit
238 2323 277 2386 de
298 2327 433 2388 tenebris
453 2331 485 2390 in
507 2329 687 2390 admirabile
706 2329 810 2389 lumen
834 2347 931 2389 suum.

216 2406 355 2472 Alterum
378 2419 426 2473 est
447 2413 655 2474 testimouium
678 2413 777 2491 Apoo.
800 2415 834 2475 5:
856 2406 968 2470 Fecisti
999 2427 1060 2470 nos

135 2489 202 2554 Deo
224 2501 332 2557 nostro
348 2515 437 2575 reges
459 2502 490 2557 et
505 2496 693 2574 secerdotes,
715 2501 745 2555 et
754 2492 951 2574 regnabimus
964 2511 1059 2570 super

132 2582 254 2639 terram.

213 2661 317 2722 'l'ertio
340 2661 469 2741 Apocal.
505 2665 560 2727 20:
590 2661 628 2723 In
649 2661 696 2721 his
721 2658 859 2721 secunde
888 2676 971 2717 mors
993 2676 1056 2719 nou

132 2742 257 2805 babebit
287 2752 489 2823 potestatem,
522 2745 577 2805 sed
605 2751 694 2806 erunt
721 2742 898 2804 sacerdotes
920 2741 999 2819 Dei,
1028 2748 1059 2800 et

133 2825 244 2888 Christi
267 2829 341 2894 eius.
363 2836 395 2889 ct
416 2829 589 2907 regnabunt
610 2848 679 2889 cum
701 2847 740 2887 eo
763 2825 846 2885 mille
869 2825 968 2887 annis.

217 2909 364 2985 Quamvis
388 2919 493 2973 autem
519 2911 597 2973 liber
617 2910 747 2990 Apocal.
776 2914 913 2968 veterum
936 2905 1058 2968 calculo

131 2994 257 3055 nonsit
290 2994 401 3073 plenae
428 2995 603 3059 autoritatis
634 2996 665 3054 in
700 2993 919 3060 contentione,
953 2995 1058 3050 tamen

131 3076 231 3137 visum
254 3085 311 3152 est,
332 3077 515 3140 adversariis
537 3079 629 3138 etiem
653 3097 692 3137 ex
713 3077 782 3156 ipso
804 3074 983 3135 testimonia
1005 3091 1059 3152 op·

131 3176 258 3304 ponere,
280 3161 311 3221 in
334 3159 444 3241 quibus
466 3167 582 3222 certum
605 3166 666 3239 est,
688 3158 783 3219 verba
811 3156 876 3218 fleri
899 3156 938 3218 de
959 3155 1059 3217 omni·

153 3260 189 3301 us
213 3242 408 3319 Christianis,
437 3263 555 3322 eosque
577 3242 755 3303 sacerdotes
786 3248 817 3301 et
839 3260 929 3318 reges
952 3237 1058 3319 appel·

132 3323 199 3387 lari.
242 3322 334 3401 Quod
356 3336 390 3388 ut
417 3327 455 3387 de
478 3325 649 3387 visibilibus
682 3324 805 3404 regibus
836 3322 964 3401 intelligi
995 3340 1059 3381 nou

132 3413 252 3486 potest,
277 3410 321 3470 ita
346 3431 404 3471 nec
431 3410 470 3472 de
492 3409 662 3471 visibilibus
684 3405 897 3470 sacerdotibus
929 3404 1060 3484 intelligi

132 3491 201 3572 ipsa
233 3493 416 3555 universitas
457 3494 699 3555 Christianorum
745 3490 900 3572 permittit.
957 3488 1061 3568 Atque

133 3580 256 3654 praeter
276 3574 354 3638 haec
376 3576 620 3637 tristestimouie
641 3575 715 3635 nihil
738 3576 768 3633 in
791 3574 937 3634 universo
952 3571 1058 3633 Teste

133 3662 239 3719 mento
261 3677 344 3722 novo
362 3660 526 3733 invenitur,
548 3658 631 3740 quod
653 3656 848 3720 sacerdotum
871 3675 912 3716 ex
934 3654 1060 3717 nomine

133 3740 315 3806 meminerit.
356 3740 447 3805 Unde
478 3742 545 3823 hic,
572 3747 738 3823 antequam
765 3739 854 3822 plura
884 3736 1060 3819 afferamus,
