2392 4170
137 208 181 281 26
418 218 795 291 samonum

223 392 309 456 Lntb.
351 396 422 460 Hoc
441 397 534 459 dccet
554 398 754 478 experientia.
939 430 944 445 ·

222 478 351 542 collect.
385 482 561 561 Orationes,
581 483 704 555 ieiunia,
722 482 916 555 devotiones,
926 492 960 541 et
970 499 1061 560 qnae·

138 564 500 731 &statiuis
519 567 808 730 {tritta-‘git
829 565 1061 728 ffl’ti‘d

490 699 500 730 7

136 728 201 790 iure
222 732 349 812 exigere
369 744 401 793 et
419 742 573 810 statuere,
607 751 799 812 peccas-equa
825 733 856 792 in
890 731 1060 793 libertatem

137 812 289 874 ecelesiae
311 818 419 892 toties,
440 820 561 897 quoties
583 816 699 896 aliquid
726 817 836 876 horum
857 816 1060 876 cttcntaverit.

219 896 305 960 bntb.
349 899 429 976 Quia
456 901 569 962 Pacius
598 900 719 963 Coioss.
741 902 771 963 2.
802 899 945 980 prohibet
972 898 1061 959 tradi·

136 979 237 1040 tiones
259 980 432 1062 hominurn,
460 1004 530 1045 oum
564 986 640 1046 satis
663 982 701 1042 de
721 982 769 1044 hie
790 984 882 1043 rebus
911 985 942 1042 in
964 981 1059 1042 sacris

138 1061 234 1125 literis
256 1065 294 1125 sit
314 1069 458 1145 positum.

219 1147 349 1211 Collect.
404 1151 535 1212 Peccata
569 1150 691 1212 concita
723 1169 785 1210 ncn
828 1166 958 1209 necesse
992 1165 1061 1208 esne

136 1228 278 1293 Praeluto
300 1239 354 1295 aut
375 1234 533 1296 Sacerdoti
559 1232 710 1305 confiteri,
732 1232 788 1294 sed
802 1233 897 1294 licere
918 1229 1060 1292 omnibus

135 1312 276 1459 iratrlipus
292 1317 521 1397 velocioribus,
538 1318 648 1400 quibus
661 1317 823 1397 sciuerint,
846 1315 922 1377 talin
933 1322 1061 1396 peccatu

133 1416 205 1460 rere
235 1418 279 1460 re.

217 1482 307 1545 Loth.
357 1484 437 1561 Quia
465 1486 619 1547 confessio
648 1484 757 1546 talium
784 1490 986 1565 peccatorum
1020 1498 1059 1540 ax

135 1585 223 1628 sacra
245 1568 395 1649 scriptura
416 1571 540 1650 probari
561 1587 623 1629 uon
646 1576 758 1649 potest.

216 1650 344 1714 Collect.
379 1653 447 1715 Non
469 1653 593 1714 dubium
616 1660 674 1731 est,
697 1652 838 1731 quisquis
859 1651 927 1709 sive
947 1654 1059 1728 sponte

138 1734 315 1815 confessus,
340 1738 407 1797 sive
427 1750 586 1818 correptus
616 1736 738 1797 veniam
760 1735 881 1815 petierit
901 1740 934 1793 et
955 1750 1058 1792 ernen-

137 1816 266 1898 daverit,
289 1838 394 1881 coram
416 1823 527 1900 quovis
555 1821 698 1901 privatim
716 1819 826 1895 fratre,
855 1836 925 1875 enm
949 1834 1020 1875 essa
1039 1832 1059 1873 a

134 1903 270 1981 peccetis
293 1903 356 1964 sois
379 1905 507 1966 occultis
529 1902 714 1966 absolutum.

216 1984 304 2048 Lnth.
339 1986 419 2063 Quia
441 1987 579 2049 Christus
598 1984 703 2048 Matth.
729 1985 778 2048 18.
803 1981 928 2043 dicitad
950 1998 1058 2041 omnes

135 2066 344 2130 Christianos:
379 2069 594 2150 Quodcunque
626 2067 781 2130 solveritis
809 2084 902 2144 super
937 2071 1058 2140 terram,

134 2151 267 2213 solutum
286 2154 345 2212 erit
367 2162 399 2213 et
419 2155 449 2213 in
471 2154 577 2214 coelis.

217 2234 346 2297 Goliect.
385 2237 636 2298 Circumstantias
650 2240 847 2314 peccatorum
870 2249 938 2290 cum
960 2229 1058 2289 matri·

134 2315 207 2393 bus,
228 2317 369 2395 filiabus,
389 2320 566 2392 sororibus,
597 2316 757 2392 affinibus,
786 2331 969 2395 quacunque
999 2311 1057 2390 die,

135 2399 216 2478 loco,
237 2401 397 2482 quibusvis
419 2423 487 2464 cum
510 2403 706 2483 personis,et
728 2397 874 2478 quidquid
897 2405 1057 2456 externum

134 2492 190 2561 est,
213 2485 356 2565 aequalia
380 2507 447 2547 csse
470 2496 500 2547 et
522 2487 643 2568 penitus
666 2479 904 2543 contemnenda.
1029 2561 1035 2573 .

216 2568 302 2634 luth.
350 2570 430 2646 (pria
462 2570 599 2631 Christus
634 2566 708 2626 tuiis
738 2584 799 2624 non
835 2562 993 2644 praecepit
1028 2579 1056 2620 in

134 2651 195 2711 suis
218 2651 347 2732 legibus.

217 2735 345 2801 Goiiect
390 2734 478 2814 Apud
511 2736 700 2797 Christianos
732 2748 823 2790 unam
850 2735 968 2789 tuntum
991 2744 1057 2786 esse

133 2817 405 2898 circumstant-iam,
429 2838 509 2900 quse
531 2826 578 2879 est
599 2834 747 2898 peccasse
768 2814 902 2873 fratrem.

217 2902 304 2964 Luth.
350 2902 429 2978 Quia
451 2903 537 2963 Deus
560 2919 724 2982 personam
749 2917 810 2957 non
834 2895 954 2973 accipit.
1040 2974 1045 2987 ¹

216 2984 343 3049 Gollent.
387 2986 480 3047 Nullo
509 2984 728 3066 impedimento
771 2977 926 3060 prohiberi
962 2984 1058 3036 matri·

133 3070 280 3145 monium,
302 3076 355 3129 aut
368 3075 558 3130 contractum
573 3065 710 3139 dissolvi,
735 3070 947 3142 praeterquam
961 3060 1058 3139 primo

133 3150 301 3228 affinitatis,
323 3160 354 3213 et
374 3152 510 3213 secundo
533 3147 807 3229 consanguinitatis
831 3143 937 3223 gradu,
960 3160 1058 3220 neque

132 3240 237 3296 temen
260 3236 483 3310 universaliter,
504 3255 576 3295 nam
591 3234 691 3294 fratris
712 3238 765 3290 aut
786 3228 902 3288 sororis
925 3226 988 3305 filia
1009 3222 1057 3282 vei

134 3319 235 3398 neptis
257 3337 318 3379 uon
341 3326 517 3380 numeratur
538 3316 691 3397 prohibita
713 3314 743 3373 iu
766 3311 862 3371 veteri
885 3308 967 3387 lage,
989 3325 1057 3367 oum

133 3406 236 3461 umen
259 3402 348 3463 sitin
371 3402 468 3480 gradu
491 3400 638 3463 secundo.
1050 3473 1056 3485 Ι

215 3483 305 3547 Luth.
349 3484 417 3546 Hoc
446 3485 506 3545 dixi
542 3481 643 3564 quoad
672 3481 870 3561 praeceptum
895 3474 971 3551 Dei,
1008 3493 1057 3552 qui

134 3566 181 3627 sic
203 3568 365 3645 ordinavit,
388 3568 459 3628 licut¹
480 3568 565 3653 Papa
587 3564 668 3626 aliud
692 3561 821 3622 ordinet.

216 3649 343 3714 collect.
381 3652 475 3713 Facto
498 3650 630 3715 divortio
654 3646 794 3708 homines
814 3661 875 3703 nou
899 3639 1058 3723 cogendos

135 3752 204 3799 osso
224 3735 264 3799 cd
286 3735 482 3799 coelibatum.
