2392 4170
155 262 219 328 174
348 262 475 321 Assertio
493 274 568 319 omn.
588 266 663 321 artlc'.
683 264 712 320 o.
731 264 764 321 n.
784 266 812 321 l..
834 264 885 337 per

157 436 216 478 nec
237 419 439 480 assertoribus
470 430 576 480 eorum
604 421 744 480 iniuriam
767 420 863 499 facio,
890 420 963 481 lium
992 418 1075 485 vfflili

154 502 224 582 ipsa
251 502 401 582 apostoli,
433 507 497 562 tum
529 502 650 563 illorum
682 505 822 584 proprias
853 512 885 564 et
913 500 1075 567 munnio

155 587 323 645 sententias
345 586 389 646 eis
410 585 596 666 praetulero.
1068 596 1073 611 '

238 669 347 728 iuvant
368 667 497 728 eandem
525 669 604 729 hanc
635 671 817 729 sententiam
841 680 873 730 et
895 671 992 731 inulla
1012 666 1075 733 ata

155 750 287 810 Primum
303 751 353 828 id,
375 751 628 832 quodapo'stolus
650 750 760 813 Roma.
785 756 832 815 12.
856 754 1075 835 praecipitati

155 852 215 912 que
242 835 357 894 sanctis
379 842 410 894 et
432 835 608 915 baptisatis,
631 843 663 895 ut
683 840 871 895 renoventur
893 836 922 895 iu
946 834 1075 899 novitaie

155 934 264 977 sensus
287 919 344 979 sui.
386 916 520 996 Bitalibi,
544 920 572 982 2.
585 917 720 979 Corinth.
738 920 773 980 4:
796 918 862 978 litei
883 920 921 998 is,
942 920 995 1000 qui
1010 916 1075 983 lorii

155 1008 211 1079 est,
233 1007 340 1060 noster
359 999 453 1061 homo
477 1009 707 1082 corrumpatur,
736 1011 839 1061 tamen
862 1002 905 1080 is,
928 1002 983 1082 qui
1002 1000 1075 1065 intel

155 1090 217 1163 est,
246 1088 412 1144 renovatur
434 1085 472 1143 de
502 1082 552 1143 die
578 1087 608 1143 in
631 1083 721 1144 diem.
767 1085 808 1144 At
829 1086 974 1146 renovari
995 1082 1075 1149 erili

155 1172 307 1226 vetustate
328 1168 358 1226 in
381 1168 548 1227 novitatem
570 1168 687 1228 mutari.
731 1167 991 1229 Vetustasautem
1013 1166 1075 1251 pe&

154 1257 256 1308 catum
277 1257 325 1310 est
346 1252 458 1311 veteris
480 1250 622 1329 hominis,
644 1251 723 1310 sieut
744 1253 865 1311 novitas
888 1252 990 1332 gratia
1009 1246 1073 1315 atil

153 1332 296 1393 hominis.
338 1333 492 1394 Renovari
524 1352 599 1413 ergo
630 1335 730 1413 arguit
757 1335 858 1394 inesse
889 1332 1072 1422 vernante&

153 1418 231 1476 sicut
259 1435 362 1477 rursus
393 1417 467 1477 dicit
496 1416 563 1478 (iol.
586 1418 619 1480 3:
642 1416 845 1497 lixpoliantes
869 1422 1005 1479 vetereto
1023 1418 1071 1481 lu·

155 1501 267 1560 minem
290 1518 358 1573 cum
387 1500 506 1559 actibus
528 1501 601 1561 suis.
639 1499 678 1559 lit
701 1504 730 1562 1.
753 1499 824 1562 Cor.
847 1504 881 1563 5:
903 1494 1072 1583 Expurgat!

153 1589 240 1642 vetus
262 1583 461 1661 fermentum,
494 1590 527 1643 ut
555 1584 620 1642 sitis
650 1582 730 1644 bona
760 1586 952 1664 conspersio.
994 1582 1071 1663 Quill

153 1667 258 1726 omnia
279 1673 361 1726 certe
383 1665 537 1726 affirmant
558 1665 708 1744 reliquum
725 1668 885 1726 vetustatis
909 1676 940 1726 et
961 1660 1070 1753 perat

152 1750 183 1807 in
206 1748 296 1809 nobis
318 1767 397 1827 esse,
419 1750 502 1829 quod
524 1749 698 1809 exuendum
721 1744 1070 1831 expurgandomquetii

152 1849 220 1891 cum
244 1832 283 1891 ad
306 1851 360 1893 eos
382 1831 505 1909 scribat,
527 1835 578 1911 qui
600 1834 662 1891 iarn
681 1842 767 1892 erant
792 1838 842 1907 (ut
865 1833 958 1917 dicit)
981 1830 1070 1917 acyss

152 1923 183 1974 et
203 1916 297 1976 creati
319 1917 351 1975 in
373 1934 488 1976 novum
510 1916 667 1976 hominem
690 1917 857 1976 secundum
880 1916 991 1982 Deum.
1064 1954 1067 1961 ·

116 2049 119 2054 .
235 1998 352 2059 Deinde
373 1998 541 2079 parabolae
562 1999 723 2079 Evangelii
745 1998 871 2078 pulchre
894 2000 955 2061 huc
969 1996 1070 2105 (ὣς

153 2100 280 2160 quarum
304 2100 365 2141 una
387 2081 426 2141 de
447 2080 651 2159 Samaritano,
674 2083 726 2160 qui
748 2083 929 2142 semivivum
948 2101 1010 2144 non
1030 2080 1069 2145 ti

154 2165 217 2224 bito
228 2165 359 2242 sanavit,
371 2164 425 2225 sed
438 2164 577 2245 alligavit
588 2173 703 2224 tanturn
714 2166 923 2226 etsanandtrm
935 2160 1070 2249 suseepii

152 2265 256 2308 nonne
280 2248 424 2326 ostendit,
446 2250 598 2307 neminem
622 2248 722 2308 subito
744 2249 783 2308 ab
806 2249 949 2311 omnibus
970 2268 1069 2333 pecca·

151 2332 189 2390 tis
213 2349 321 2391 sanum
344 2332 469 2410 factum,
492 2332 547 2391 sed
568 2342 661 2412 paeto
684 2331 754 2391 lidei
776 2333 806 2391 in
831 2350 945 2413 corpus
968 2322 1070 2421 (lllriifl¹

152 2421 342 2494 assumptum
366 2414 404 2474 de
427 2415 476 2475 die
497 2417 527 2474 in
551 2413 631 2474 diem
654 2416 752 2495 magis
776 2415 901 2476 sanari?

235 2498 341 2558 Altera
353 2498 458 2561 Matth.
474 2500 512 2561 13
530 2499 568 2557 de
579 2498 731 2558 fermento
754 2498 784 2557 in
797 2506 864 2559 sata
887 2500 1003 2561 farinae
1022 2496 1070 2561 tlt

152 2581 260 2660 mixto,
283 2582 383 2642 donec
404 2583 636 2642 fermentaretur
658 2590 773 2661 toturn,
802 2583 874 2660 quid
903 2582 986 2645 aliud
1007 2578 1070 2659 roffi

152 2682 242 2743 qoam
266 2666 417 2726 fermento
450 2683 532 2725 novo
561 2663 631 2725 fidei
663 2665 837 2725 fermentari
870 2684 932 2727 nou
967 2664 1071 2743 subit‘ol

151 2748 205 2808 sed
226 2749 373 2828 paulatim
395 2754 492 2809 totum
515 2749 692 2809 hominem?
722 2757 754 2808 ut
775 2748 852 2809 haec
874 2751 939 2811 vita
966 2750 1071 2831 cogni-¹

151 2839 254 2892 scatur
276 2852 337 2892 non
361 2833 566 2913 esseiustitia,
588 2831 643 2891 sed
659 2831 845 2911 iustificatio,
867 2846 931 2893 non
954 2834 1071 2911 sauma,

151 2915 205 2975 sed
228 2917 360 2993 sanatio,
381 2934 442 2975 non
465 2914 545 2993 finis,
567 2916 621 2975 sed
632 2916 729 2995 phase
747 2916 880 2995 Domini,
902 2935 968 2978 non
990 2914 1071 2995 terri,¹

151 2999 205 3058 sed
229 3001 386 3081 migratio,
420 3008 449 3059 et
471 3017 595 3078 prorsus
617 3000 763 3059 continua
784 3001 928 3080 purgatio
949 2996 1072 3082 peceati,

151 3089 180 3143 et
202 3085 346 3144 transitus
368 3082 406 3143 de
419 3085 528 3142 virtute
539 3084 570 3142 in
584 3083 736 3159 virtutem,
757 3092 790 3142 ut
802 3083 896 3144 docet
904 3080 1071 3161 Pasini&

150 3174 181 3226 et
191 3167 420 3227 transformatio
433 3165 471 3225 de
483 3166 621 3226 claritate
636 3169 666 3225 in
679 3167 847 3227 claritatem
861 3167 899 3228 ad
913 3169 1071 3251 ilnagiireill

150 3249 271 3331 Christi,
293 3257 327 3309 ut
349 3249 517 3330 Apostolus
540 3257 641 3310 vocat.
685 3251 816 3311 Attalis
839 3252 1072 3313 transitoscarit

149 3334 341 3410 manifestat,
363 3333 512 3412 reliquum
536 3353 605 3395 esse
627 3353 748 3415 semper
768 3344 947 3417 peceatum,
976 3354 994 3396 a
1017 3330 1071 3415 (Μ’

149 3417 347 3494 recedamus,
375 3425 404 3476 et
427 3417 466 3477 ad
489 3419 635 3477 maiorem
658 3419 802 3478 iustitiam
825 3414 1071 3503 propinquanti

234 3501 273 3560 iit
299 3499 404 3562 lohan.
431 3503 479 3566 13.
504 3519 573 3561 cum
602 3503 784 3562 asseruisset
815 3502 985 3583 discipulos
1010 3502 1072 3587 edit

150 3583 291 3665 mundos,
314 3593 416 3646 tamen
442 3585 520 3644 inira
542 3584 615 3644 dicit
640 3589 693 3665 lo,
723 3602 756 3645 se
779 3600 849 3645 esse
870 3589 981 3665 vitent',
1010 3586 1072 3649 illos

149 3668 306 3748 palmites,
336 3675 495 3729 ettamen
527 3686 650 3729 omnem
678 3669 864 3729 fructiferum
889 3670 991 3753 magis
1011 3670 1071 3753 pur'·¹

149 3752 300 3833 mnrium,
328 3759 361 3813 ut
387 3752 456 3834 plus
485 3751 653 3814 imotilioet.
704 3752 870 3829 Quomodo
899 3756 983 3817 enim
1010 3746 1072 3817 soil
