2392 4170
391 241 517 296 mu·
535 241 780 296 ummo„
991 232 1052 298 5ss

134 403 165 462 in
187 401 285 462 oeulis
309 409 342 462 et
360 401 582 462 offendim1um
603 421 623 463 o
643 402 750 477 lutere,
772 400 798 458 si
820 415 885 458 non
903 396 1053 458 studueri-

134 503 203 544 mus
224 484 327 545 delere
349 505 428 548 eum.
468 484 549 560 Quid
570 485 662 545 sudes
680 485 712 543 iu
734 483 842 564 oeulis,
863 482 921 540 nisi
937 481 1053 561 liguum

133 576 207 628 unte
227 568 356 646 feoiem,
390 570 419 628 in
444 569 525 648 quod
547 569 716 648 impingas,
750 567 776 625 si
807 563 987 645 imprudens
1012 564 1055 624 in·

133 650 251 723 sedes?
271 650 319 712 Itu
342 661 504 732 peeoetum
526 651 664 730 quotidie
681 657 754 710 oute
773 666 832 709 nos
855 658 1005 724 versatur,
1025 657 1056 706 et

133 737 166 794 in
187 735 238 794 vis
260 734 351 795 nobis
375 734 498 795 obvium
521 742 583 810 est,
614 743 678 796 tum
699 736 791 793 etiem
813 751 833 790 n
853 732 949 793 lutere
972 730 1055 790 seili·
1168 736 1179 756 ⁴

134 819 219 895 uitet,
241 819 300 878 nisi
320 818 446 879 viriliter
467 826 663 897 expurgetur,
685 817 890 896 impingemus
912 823 945 873 ei
964 831 1055 874 soen·

135 898 333 962 deiieubimur
353 901 385 960 in
407 919 455 964 eo.
496 901 595 960 Maius
616 901 707 981 piane
728 904 853 979 hospes,
875 897 929 957 sed
953 905 1056 957 temen

134 981 252 1046 nubitur
272 986 302 1044 in
326 1003 428 1061 earne,
449 986 480 1043 in
503 984 602 1061 uobis,
625 986 655 1042 iu
669 989 878 1062 nostratem,
899 982 929 1039 iu
943 980 1056 1040 nostris

134 1065 255 1128 fluibus.
298 1066 368 1128 Non
392 1085 469 1147 ergo
495 1075 544 1126 est
565 1067 679 1126 bonum
709 1067 740 1124 in
769 1083 878 1144 eeu-ue,
911 1082 985 1122 vere
1013 1064 1057 1123 in·

135 1168 238 1228 quem,
261 1151 460 1226 nonbonum,
481 1167 545 1210 non
568 1149 667 1210 solum
679 1166 791 1229 poene,
814 1148 868 1208 sed
883 1155 1055 1228 peooutum.

218 1232 296 1292 Num
321 1234 399 1294 velie
422 1234 492 1292 mihi
514 1233 643 1311 adiuuet,
664 1231 814 1313 perfleere
832 1248 906 1290 vero
929 1247 992 1288 uon
1013 1231 1057 1289 in·

136 1316 237 1375 senio.
263 1315 304 1377 Se
315 1318 417 1397 ipsum
430 1316 540 1376 elerius
553 1318 690 1396 exponit,
712 1312 872 1394 quomodo
892 1311 1057 1393 spiritualis

135 1400 230 1461 homo
259 1400 294 1458 in
317 1408 452 1479 peoonto
479 1418 540 1460 nou
569 1405 715 1479 operetur
746 1396 878 1476 melum,
911 1396 967 1456 sed
995 1395 1059 1455 vuit

136 1483 269 1560 bunum,
304 1492 335 1542 ei
365 1492 466 1543 umen
489 1491 616 1564 propter
643 1481 786 1542 hebitsns
821 1481 852 1539 in
873 1496 966 1540 noune
988 1495 1058 1558 poe·

136 1573 240 1626 seium
262 1583 324 1626 nou
348 1567 468 1647 perfluit
494 1567 555 1626 hoo
577 1564 673 1644 velle,
710 1565 766 1624 sed
795 1581 858 1624 non
885 1562 956 1622 ideo
984 1561 1058 1621 nibil

135 1656 185 1708 est
205 1649 266 1708 hoo
287 1648 383 1727 velle,
406 1651 479 1728 quie
498 1666 561 1710 uon
582 1647 719 1729 perfluit,
746 1648 827 1707 siout
847 1653 975 1708 eeontre
996 1663 1057 1705 non

136 1730 211 1791 nihil
232 1739 279 1791 est
300 1733 425 1809 muium,
448 1731 672 1811 quodhnbitet
689 1732 722 1790 in
738 1747 841 1811 eerne,
864 1731 1058 1809 quantumvis

135 1813 189 1874 ilie
210 1833 272 1895 ego
294 1833 358 1876 non
379 1833 503 1896 operer,
525 1816 580 1875 sed
603 1819 764 1895 peeoutum
786 1815 897 1894 ipsum.
940 1812 1059 1873 Utrum·

136 1916 198 1977 que
218 1898 299 1977 dieo,
322 1898 434 1959 mnium
456 1897 501 1979 fit,
522 1907 554 1958 et
568 1916 630 1959 non
652 1896 695 1957 fit.
724 1897 781 1974 irie,
805 1898 877 1975 quie
897 1904 1058 1976 peoeutuur

135 1982 209 2041 ineis
229 1981 316 2060 iiiuu,
337 1999 399 2043 non
414 1981 458 2061 fii,
481 1980 598 2065 quini)
623 1999 709 2041 mens
723 1997 784 2042 uon
801 1981 884 2057 iuuit,
906 1997 964 2039 nee
987 1979 1060 2055 vuit,

135 2065 208 2124 lieet
229 2083 293 2125 non
313 2064 462 2146 perficiet,
484 2073 609 2146 propter
630 2063 875 2145 ieeerepeeeeti.
910 2063 1059 2142 Obsecro,

136 2150 272 2227 nunquid
294 2156 412 2209 tentem
434 2168 571 2229 pugnum
593 2157 679 2209 tante
695 2147 853 2229 diiigentiu
874 2143 1060 2207 describeret

136 2233 216 2291 inter
234 2250 368 2311 poensur
391 2240 422 2293 ei
443 2232 605 2312 spiritum?
645 2233 748 2311 Atque
767 2233 800 2291 id
820 2234 930 2292 iterum
952 2231 982 2289 iu
1006 2227 1060 2289 So·

137 2314 256 2396 phistes
281 2322 409 2396 pugnet
451 2315 581 2395 Dio-ni,
603 2315 655 2374 ubi
684 2333 821 2396 unquam
848 2333 951 2396 poene
981 2321 1060 2392 (quo

137 2417 205 2458 sese
228 2398 373 2459 evolvere
394 2406 518 2480 putent,
541 2417 584 2458 ne
601 2405 764 2479 posonium
788 2415 926 2458 asserere
948 2413 1062 2475 eogun-

137 2490 203 2559 tur)
227 2484 256 2541 in
281 2482 446 2562 Suripturis
466 2482 542 2542 illud
570 2500 639 2542 esse
662 2480 804 2559 uocetur,
834 2481 917 2560 quod
944 2481 1059 2559 fugien-

137 2567 221 2643 dum,
242 2566 292 2626 eui
305 2565 518 2646 resistendum,
540 2566 624 2646 quod
646 2571 735 2625 teuto
752 2572 839 2625 sessu
852 2564 1060 2624 demnnndurn

136 2647 196 2708 sit?
219 2647 289 2709 Non
312 2653 360 2709 est
373 2667 485 2729 poene,
507 2667 599 2728 quem
613 2647 762 2709 nouierri
775 2647 880 2707 iubeet
894 2646 1060 2727 Soripiure,

136 2751 181 2793 eo·
196 2750 251 2812 per
272 2733 334 2794 hoo
354 2732 429 2792 nihil
441 2735 548 2793 evasio
569 2734 631 2792 iste
651 2733 743 2810 velet,
765 2740 829 2791 iem
840 2730 946 2811 glossa
969 2747 1061 2809 quem

136 2825 240 2878 sentus
262 2834 386 2894 eorum,
420 2835 469 2877 res
502 2826 533 2876 et
555 2815 710 2876 voeabula
732 2824 823 2893 eunt,
854 2821 945 2874 extre
966 2815 1060 2873 totius

135 2901 311 2978 Scripturee
333 2919 436 2978 usum,
459 2909 546 2961 extre
569 2901 706 2960 omnium
721 2901 843 2979 piorum
864 2915 1006 2974 sensum,
1029 2905 1062 2956 ut

136 3001 198 3044 non
222 2985 322 3045 minor
341 2984 514 3046 absurditas
537 3002 593 3044 eos
606 2993 751 3063 sequetur
772 2985 804 3043 iu
825 2982 941 3063 glossa,
963 2998 1057 3059 quem

131 3071 238 3152 fugere
268 3076 461 3131 semoverunt
493 3071 525 3129 in
551 3075 651 3128 tento.⁴
693 3068 868 3132 Absurdurn
896 3070 980 3128 enim
1013 3072 1062 3126 est

133 3171 282 3231 emerere,
305 3154 388 3233 quod
401 3171 552 3232 nusquam
575 3153 709 3234 reperire
731 3169 771 3211 eo
790 3154 924 3232 probare
945 3156 1061 3235 poesie,

136 3239 191 3300 sed
214 3239 320 3299 omnin
343 3241 497 3298 eontrarie
519 3237 608 3297 solue
626 3235 732 3298 audire
753 3237 885 3316 cogens.

220 3321 290 3382 Nou
312 3323 409 3398 enirn,
444 3320 527 3399 quod
550 3322 624 3382 volo
648 3319 779 3398 bonum,
801 3321 862 3382 noo
883 3322 984 3406 isoio,
1007 3328 1062 3390 sed

137 3404 221 3486 qnod
244 3404 317 3466 noio
343 3405 467 3482 mulum,
489 3404 550 3465 hoe
564 3406 656 3467 faeie.
700 3400 732 3461 Si
753 3411 857 3467 eutem
881 3415 963 3493 qnod
987 3416 1061 3478 noio

139 3488 252 3551 mlum
275 3489 336 3550 hoo
358 3490 454 3571 fnoio,
485 3488 548 3549 iem
581 3508 643 3552 nou
665 3502 725 3565 ego
748 3503 862 3566 operor
883 3497 974 3576 iilud,
1007 3499 1063 3561 seri

136 3573 221 3654 quod
242 3572 360 3634 habitet
381 3576 410 3634 in
442 3589 493 3634 ure
508 3583 680 3653 perusium.
726 3569 803 3632 Vide
836 3583 953 3660 petiae
976 3595 1063 3665 pree

210 3766 242 3828 1)
263 3764 295 3818 hs
317 3765 360 3819 ed.
382 3767 468 3836 urim:
489 3770 544 3836 qui.
