2392 4170
171 253 235 322 482
454 250 545 313 Breve
562 251 683 312 Adriani
700 250 769 325 Pap.
787 250 827 313 vt

173 428 322 489 trinsecus
358 426 600 508 rapacissimus?
640 423 797 506 Siquidem
832 443 896 486 non
920 441 974 495 ,ax
1001 422 1092 503 foliis,

173 529 236 572 uon
260 530 301 572 ex
322 509 460 593 floribus,
483 511 537 572 sed
562 530 603 571 ex
622 509 768 571 fructibus
791 507 882 570 arbor
903 526 1097 590 cognoscen-

175 594 216 655 da
237 601 313 657 erat.

256 677 305 737 An
328 695 390 738 non
413 676 566 738 manifesti
588 682 659 737 suut
679 675 857 756 nequissimi
873 674 989 736 fructus
1013 672 1097 736 sius?

173 760 331 841 Siquidem
352 759 520 840 sacrilegus
547 760 598 821 hio
626 759 772 821 adversus
805 759 905 825 Deum
947 758 1096 839 imagines

174 862 279 906 sacras
319 849 411 923 atque
446 844 525 904 adeo
557 844 656 923 ipsam
686 862 805 904 sacram
843 861 966 902 crucem
989 841 1097 903 Christi

174 927 333 988 sceleratis
356 926 496 987 manibus
525 927 719 1006 confringere
763 931 794 987 et
825 926 951 1006 pollutis
975 925 1119 1005 conoul-¹
1182 964 1185 987 ÷

174 1029 244 1071 cara
266 1009 396 1091 pedibus
418 1028 481 1070 non
503 1009 665 1088 formidat,
693 1028 754 1090 qua
775 1008 955 1070 secerdotes
977 1009 1035 1070 Dei
1056 1009 1095 1069 fu·

174 1113 243 1155 roro
275 1094 371 1174 impio
399 1095 579 1155 temerarius
609 1112 671 1153 nou
702 1093 813 1153 desinit
841 1090 954 1154 Laicos
990 1092 1029 1153 ad
1057 1092 1095 1153 la·
1180 1142 1183 1149 .

174 1175 291 1238 vendas
314 1175 371 1237 sibi
393 1177 424 1237 iu
448 1196 554 1237 eorum
589 1178 739 1257 sanguiue
762 1196 869 1237 manus
892 1175 1005 1238 sedulo
1027 1194 1094 1238 con·
1153 1200 1156 1207 ¹

175 1261 289 1321 citare:
323 1259 487 1321 ecclesiam
507 1261 628 1322 'Christi
661 1258 892 1340 parricidalibus
921 1261 1016 1320 armis
1046 1278 1094 1340 op·

173 1363 315 1425 pugnans
337 1343 399 1405 hoc
420 1345 485 1424 agit
518 1343 659 1425 assiduo,
693 1350 728 1404 ut
748 1343 936 1404 suffocentur
958 1343 1095 1405 homiues

173 1429 205 1489 iu
229 1428 365 1507 peccatis
388 1429 470 1488 suis:
490 1427 553 1488 hoc
573 1448 667 1488 uuum
690 1427 837 1505 elaborat,
859 1446 900 1487 ne
918 1426 1026 1489 divina
1048 1426 1095 1487 mi·

132 1536 135 1541 ·
174 1510 342 1572 sericordia
363 1512 427 1571 suis
459 1512 659 1572 sacramentis
710 1512 1034 1591 (quae'peccatorum
1055 1529 1095 1570 ra

175 1593 277 1655 media
298 1593 439 1655 efficacia
468 1613 538 1656 esse
563 1594 676 1670 voluit)
705 1595 881 1655 vulneratos
909 1596 941 1655 in
966 1591 1095 1657 ecclesia

175 1696 231 1738 aua
255 1683 348 1738 curet.
392 1677 438 1738 Ita
460 1679 542 1738 euim
564 1684 617 1739 aut
638 1679 761 1738 sustulit
775 1679 928 1759 universa,
951 1685 1006 1740 aut
1026 1677 1094 1738 hae·

174 1780 281 1821 reseos
302 1758 358 1822 suo
380 1762 525 1842 pestifero
549 1761 654 1822 infecit
665 1780 795 1839 veneno,
818 1766 852 1822 ut
872 1762 983 1823 toxica
1004 1761 1095 1842 magis
1171 1808 1175 1843 ,

174 1843 381 1925 relinquat2),
402 1862 494 1923 quam
516 1846 685 1905 animarum
718 1844 896 1906 medicinas.
939 1844 1095 1924 Praecepit
1171 1850 1174 1855 '

175 1928 247 2008 suis,
271 1947 310 1988 ne
331 1926 503 2009 indignanti
525 1929 592 1988 Deo
615 1931 682 2007 quia
705 1929 882 2007 satisfaciat,
905 1948 946 1990 ne
968 1929 1094 2006 ieiuniis,
1169 1942 1173 1987 ε

174 2009 375 2088 orationibus,
397 2012 666 2073 lamentationibus
691 2013 778 2073 iustis
806 2018 938 2092 peccata
959 2011 1094 2088 redimat,

174 2114 214 2155 ne
236 2095 338 2155 boetia
359 2093 413 2154 illa
444 2095 570 2174 placens
592 2095 671 2175 Dec,
700 2114 810 2176 carpus
834 2102 865 2155 et
889 2097 1018 2176 sanguis
1040 2095 1093 2155 Do·
1169 2094 1172 2109 '

175 2179 249 2237 mini
271 2179 368 2238 nostri
382 2176 475 2239 IESU
495 2178 662 2258 CHRISTl,
685 2200 703 2240 a
720 2178 932 2240 sacerdotibus
957 2179 1093 2241 offeratur

151 2317 154 2322 .
175 2261 312 2339 quotidie
340 2281 395 2342 pro
418 2263 553 2342 peccatis
575 2263 704 2343 uostris,
726 2270 799 2324 vota
823 2261 915 2324 docet
948 2282 1013 2325 nou
1034 2259 1093 2322 red·

175 2344 248 2405 dere
270 2345 404 2406 Domino
426 2344 494 2406 Deo
517 2364 584 2406 suo.

257 2427 298 2490 Et
319 2447 387 2489 cum
407 2433 474 2509 ipse
501 2431 541 2488 sit
563 2435 705 2508 apostata
736 2448 774 2490 sc
799 2429 1004 2510 professionis
1027 2445 1094 2489 suae
1170 2434 1173 2453 ¹

176 2510 325 2594 desertor,
347 2518 381 2574 ut
402 2514 550 2591 plurimos
572 2514 618 2572 sui
640 2513 732 2574 faciat
754 2513 892 2593 similes,
915 2519 1026 2574 sancta
1047 2511 1094 2572 illa
1169 2558 1172 2585 ,

176 2595 243 2657 Deo
267 2616 342 2657 vasa
363 2594 502 2677 polluere
523 2615 586 2657 non
609 2604 739 2678 veretur,
762 2603 961 2657 consecratas
980 2597 1093 2658 Christo

176 2680 309 2758 virgines
338 2688 369 2739 et
401 2681 494 2739 vitam
518 2682 720 2741 monasticam
751 2680 908 2760 professas
937 2680 1094 2741 extrahere
1168 2710 1172 2751 ;

175 2781 194 2822 a
216 2764 410 2824 monasteriis
433 2765 495 2822 suis
518 2769 549 2824 et
570 2763 708 2843 muodo,
730 2765 792 2824 imo
809 2763 934 2825 diabolo
959 2762 1095 2839 reddere,

176 2864 266 2925 quem
290 2846 387 2906 semel
409 2845 641 2926 abiuraverunt3
669 2846 750 2926 quod
772 2848 801 2907 iu
824 2848 920 2907 veteri
944 2847 1016 2928 lege
1038 2864 1095 2906 um·

175 2928 299 2991 braticis
313 2929 524 2992 sacerdotibus
537 2930 687 2991 Dominus
710 2949 772 2992 non
787 2930 864 3010 tulit,
887 2930 975 3009 quod
988 2929 1096 2991 ethnici

175 3014 205 3072 in
229 3012 382 3075 idolorum
404 3032 527 3074 suorum
556 3013 730 3075 flaminibus
760 3033 867 3075 omues
890 3020 964 3074 sunt
986 3013 1096 3076 abomi-

175 3098 248 3177 nati,
272 3097 382 3158 Christi
405 3096 581 3159 sacerdotes
606 3099 696 3158 etiam
719 3095 873 3158 vilissimis
897 3098 1027 3179 copulat
1039 3115 1097 3158 ma·

175 3179 343 3258 retricibus,
367 3188 491 3241 sanctos
514 3189 615 3260 patres
637 3181 718 3258 illos,
742 3200 869 3261 quorum
887 3182 953 3243 vita
976 3190 1009 3244 et
1031 3183 1097 3243 doc·

176 3264 255 3322 trina
276 3264 439 3325 illustravit
461 3267 635 3326 uuiversum
659 3265 815 3344 mundum,
837 3284 900 3326 nou
924 3266 1027 3328 solum
1041 3285 1096 3327 non

177 3344 279 3406 debito
298 3347 417 3409 honore
432 3351 637 3428 prosequitur,
661 3350 715 3410 sed
739 3348 834 3410 multo
856 3368 951 3429 quam
975 3349 1098 3412 tamilla

175 3429 336 3490 scelestior
357 3430 506 3513 despicit,
537 3432 669 3514 deridet,
709 3434 898 3511 contemnit,
920 3435 1098 3511 insectatur,

175 3515 381 3575 sacrosanctis
414 3516 556 3577 omnibus
588 3516 812 3578 universalibus
842 3518 986 3579 conciliis
1009 3520 1099 3600 impu·

175 3595 259 3659 denti
281 3615 336 3658 ore
357 3598 461 3680 palam
484 3600 666 3662 contradicit
687 3619 725 3663 ac
746 3600 900 3683 sacrilega
922 3601 1032 3686 lingua
1054 3602 1099 3662 de·

246 3781 275 3856 l)
294 3781 327 3839 lu
345 3781 390 3842 sd.
410 3782 480 3840 lom:
500 3782 669 3858 relinquant.
