2392 4170
134 226 199 305 298
445 232 488 292 De
506 233 580 307 rotis
597 235 757 295 monssdcis

95 375 99 383 ¹
136 405 264 488 bantur,
291 415 325 470 ut
345 412 473 475 sauctae
493 410 618 494 Hagnas
644 410 893 474 babet‘historic.
937 406 1058 471 limbis

136 491 258 555 tandem
281 493 414 575 collegia
439 503 471 556 ct
497 496 683 559 monasteria
716 493 958 576 pullulaverunt·
986 510 1057 574 pro·

133 581 202 655 pter
224 596 289 653 eos,
311 579 362 657 qui
383 585 534 660 perpetuo
555 586 586 641 et
608 578 702 641 libere
723 580 753 640 ic
776 577 891 639 scholis
913 578 979 639 istis
992 595 1059 639 ma·

134 678 209 723 nere
234 661 386 727 volebant.
874 694 888 707 -·

215 743 274 806 Ubi
295 752 398 809 autem
420 753 589 827 coeperunt
611 748 647 826 ii,
679 746 731 826 qni
761 747 949 808 iuventutem
971 743 1062 805 insti·

134 827 278 889 tuendam
312 837 526 911 susceperunt,
561 849 673 911 segnes
702 829 768 891 deri
799 835 831 891 et
860 848 917 890 sua
937 846 1062 908 curare,

133 912 215 975 aucti
238 912 391 993 opiboset
413 915 489 991 otio,
513 915 696 976 etinvectus
717 913 863 974 rebellior
876 912 968 988 facta,
990 915 1060 974 tunt

133 995 197 1056 voti
219 995 346 1077 laqueos
367 999 564 1076 invenerunt,
587 998 697 1078 quibus
720 996 925 1058 conscientias
947 993 1063 1076 alliga·

133 1086 181 1138 ias
213 1086 354 1141 tenorent
383 1080 439 1143 sub
462 1080 640 1164 disciplina,
675 1088 708 1142 ut
737 1081 866 1160 quisque
894 1097 928 1140 se
954 1079 1062 1160 ipsam

133 1168 216 1224 metu
237 1165 356 1244 peccati
379 1164 536 1226 cohiberet
565 1172 595 1226 et
625 1167 721 1227 otium
744 1162 832 1225 fieret
845 1160 1058 1225 curatoribus

133 1242 218 1307 Sicut
239 1254 271 1307 et
290 1266 374 1309 nuuc
395 1267 462 1309 mos
474 1256 521 1310 est
541 1250 672 1311 furiosus
684 1246 933 1322 Academiarum,
952 1245 1061 1307 iuven·

133 1333 229 1391 tutem
252 1331 369 1393 irretire
390 1332 568 1394 iuramentis
589 1338 622 1394 et
642 1332 850 1394 conscientias
872 1348 978 1390 eorum
1001 1348 1060 1391 ex·

134 1412 328 1495 carnificare,
361 1434 400 1476 ne
428 1416 468 1476 sit
488 1435 618 1477 necesse
647 1415 708 1476 illis
725 1414 859 1496 ¹vigilare
882 1419 914 1474 ct
941 1411 1062 1473 sollici·

130 1495 225 1573 ros1)
249 1516 333 1578 esse,
372 1500 401 1558 in
435 1505 596 1580 utramque
628 1516 734 1560 aurem
760 1517 869 1559 secure
888 1495 1058 1560 dormiant.

131 1577 183 1641 Sic
204 1599 243 1640 ex
266 1581 369 1643 liberis
380 1590 410 1642 et
424 1581 603 1644 Christianis
617 1582 731 1644 scholis
742 1580 866 1642 servilia
888 1585 919 1640 et
931 1577 1061 1640 iudaice

134 1666 319 1729 monasteria
354 1684 507 1746 veraeque
541 1684 721 1749 synagogae
751 1664 916 1745 impietatis
955 1661 1061 1724 laetae

132 1753 212 1809 suot.
255 1747 287 1811 st
308 1750 399 1829 igitur
420 1756 524 1812 votum
548 1749 730 1812 hodiernum
753 1748 792 1809 cd
813 1748 946 1828 priscum
968 1746 1058 1807 illum

133 1849 250 1893 morem
273 1839 436 1894 revocatur
451 1832 501 1912 ²),
524 1842 555 1895 ct
575 1835 618 1894 ita
639 1839 822 1908 servaretur,
843 1830 918 1890 nihil
938 1827 981 1890 ibi
1004 1848 1061 1910 pe·

132 1914 218 1979 riouli
242 1922 335 1994 esset,
357 1922 387 1976 et
408 1915 526 1996 absque
548 1916 641 1978 dubio
662 1915 744 1996 apud
762 1916 861 1976 Deum
883 1913 971 1973 aliter
993 1931 1060 1975 non

133 2001 325 2078 agnoscitur,
352 2017 444 2078 quam
467 2000 506 2061 ad
528 2000 614 2062 illum
636 2016 754 2060 marem
776 1996 959 2059 servandam
982 2001 1060 2057 tem·

133 2081 289 2162 penaliter,
312 2088 431 2144 tantum
448 2087 481 2147 ut
503 2084 725 2144 institutionem
749 2080 954 2142 Christianam
977 2079 1061 2141 indr-

134 2164 245 2227 miores
267 2175 297 2226 et
320 2166 458 2226 rudiores
480 2168 572 2227 animi
588 2165 748 2239 imbibant,
769 2169 801 2224 et
814 2171 925 2245 postea
936 2182 1059 2223 rursum

134 2245 222 2309 liberi
245 2247 444 2330 dimittantur,
466 2249 496 2311 id
519 2250 602 2330 quod
624 2250 702 2311 inira
724 2250 815 2309 etiam
839 2246 983 2327 operibus
999 2246 1061 2308 Dei

134 2330 263 2392 testibus
286 2333 493 2412 probabimus.

215 2414 347 2477 Obiioiet
378 2417 428 2477 hic
460 2415 607 2477 infirmior
630 2422 683 2476 aut
709 2412 866 2495 argutulus
888 2413 1060 2493 quispiam:

133 2495 164 2556 Si
189 2497 272 2559 Deus
306 2499 492 2561 coelibatum
530 2501 574 2559 sic
598 2498 724 2560 liberum
748 2498 854 2573 voluit,
888 2503 922 2556 ut
942 2496 1060 2574 nuptiis

132 2582 231 2660 possit
255 2584 376 2659 mutari,
396 2602 473 2663 ergo
486 2583 594 2644 eadem
608 2582 748 2644 libertate
763 2580 866 2641 licebit
886 2590 917 2638 et
934 2579 1060 2658 nuptias

133 2663 256 2725 deserto
291 2666 424 2745 coniuge
455 2666 610 2728 coelibatu
635 2672 770 2742 mutare,
804 2669 858 2723 aut
878 2663 904 2721 si
927 2663 979 2722 lex
1002 2661 1060 2721 Dei

133 2749 218 2828 cogit
240 2751 404 2830 coniugem
426 2768 487 2811 oon
512 2750 669 2825 deserere,
704 2747 842 2807 similiter
874 2752 905 2806 et
927 2746 979 2805 lex
1001 2745 1060 2805 Dei

132 2828 172 2890 de
193 2832 346 2902 vovendo.
360 2842 452 2913 coget
473 2832 657 2894 coelibatum
679 2850 742 2893 non
765 2830 916 2904 descrere,
943 2827 1060 2889 utrobi·

133 2931 193 2992 que
214 2916 296 2975 enim
329 2922 489 2993 peccatum
522 2924 569 2977 est
600 2915 744 2977 divinitus
766 2919 912 2973 statutum
935 2920 967 2971 st
988 2929 1060 2992 pro

132 2994 270 3059 bibitum.
313 2996 370 3061 Vel
392 3019 467 3080 ergo
490 3018 552 3061 non
576 2997 680 3060 licebit
713 2997 805 3058 etiam
829 2996 1058 3056 matrimonium

133 3081 325 3160 contrahere,
348 3101 388 3143 na
412 3082 582 3145 coelibatus
602 3081 654 3142 fiat
675 3081 799 3141 illicitus
824 3079 966 3140 libertate
990 3077 1060 3138 sub·

131 3161 204 3243 lata,
229 3164 277 3226 vel
299 3185 429 3227 necesse
450 3167 508 3227 erit
530 3173 564 3227 at⁴
582 3174 836 3241 commeavere,
861 3162 1060 3223 matrimonio

132 3263 187 3323 per
208 3247 308 3327 ipsum
330 3249 542 3312 factoillicito.
587 3245 788 3328 Respondeo:
811 3245 948 3307 Libertas
963 3264 1061 3306 evan·

132 3328 232 3407 galina
253 3333 402 3412 reguatin
426 3334 463 3392 iis
476 3332 587 3410 solum,
611 3335 848 3410 qucegeruntur
869 3328 1060 3389 iuterDeum

133 3418 163 3468 et
185 3413 346 3494 teipsum,
369 3434 430 3477 non
453 3416 533 3477 inter
554 3423 584 3475 te
605 3422 637 3475 et
658 3413 830 3492 proximum
854 3419 949 3472 tunm.
988 3411 1059 3473 Nou

132 3494 213 3557 enim
237 3497 300 3555 vult
321 3500 460 3577 rapinam
482 3500 512 3559 in
536 3498 768 3574 holocaustum,
804 3514 861 3556 nec
891 3493 1060 3574 quidquam

131 3574 196 3638 lieri
218 3579 257 3639 ab
282 3580 353 3660 ullo,
378 3582 460 3660 quod
483 3590 591 3662 verget
612 3582 642 3640 in
668 3579 800 3658 proximi
814 3580 974 3656 iacturam,
995 3578 1059 3639 imo

170 3701 313 3708 ...--—--—-
481 3703 555 3710 .-

206 3750 233 3823 1)
252 3749 283 3808 lu
303 3748 347 3807 cd.
364 3749 473 3823 prium:
491 3749 625 3807 sollicitis.
662 3749 691 3818 2)
711 3744 831 3803 Ibidem:
857 3744 1024 3803 conteratur.
