2392 4170
273 240 382 313 Bpllm
404 241 488 299 Leon·
510 240 544 295 X·
561 239 686 305 demost
706 258 732 301 a.
752 242 831 305 1520.
976 243 1037 311 1⁹11

135 397 300 479 sspiritum
325 395 448 477 fidelem
477 395 554 476 legis
582 403 737 471 amantem
765 397 858 478 plens
882 396 1039 477 Soripturs

88 514 90 521 ·
134 486 180 543 uu
200 500 263 545 non
287 480 348 541 nisi
362 478 484 549 Sanotis
508 480 597 541 tribui
620 480 714 560 eogit.
741 479 812 546 Non
835 482 916 547 enirn
940 482 1038 545 dioit:

132 562 208 643 Vrdpo
229 564 334 645 legem
357 563 415 625 Dei
437 564 468 624 in
491 564 637 627 interiore
658 564 792 641 homins,
814 567 894 626 siout
915 565 954 626 ds
968 567 1038 647 legs

131 649 228 727 pessati
250 648 341 709 dioit:
371 646 471 709 Video
495 646 586 708 oliam
609 646 708 728 legem
730 648 761 709 in
784 648 928 709 membris
951 651 1037 711 meis.

130 728 194 811 Vidit
212 731 297 803 enim
311 738 343 797 et
366 729 438 792 odio
456 728 579 809 babuit,
608 730 681 791 lieet
708 750 814 795 oerore
843 750 905 793 non
929 735 1038 810 possit,

129 818 209 881 tanen
229 814 352 877 fortiter
373 819 481 875 eontra
501 815 658 894 pugnavit.
682 814 793 877 Athis
815 813 899 875 dicit:
918 815 1038 877 Gunde-

130 894 203 965 botos
225 898 290 979 legi
326 896 401 979 Dei,
425 896 508 977 quod
541 904 588 958 est
616 899 714 977 magis
743 916 834 977 quam
867 897 980 958 vidisse
1007 904 1038 958 et

131 998 229 1049 nasse
249 979 365 1061 legem,
381 979 464 1060 quod
486 980 594 1058 proeul
616 980 710 1042 dubio
733 980 871 1057 includit,
893 999 947 1043 eor
969 1001 1038 1043 esse

130 1070 223 1135 rreum
244 1083 302 1125 seu
323 1065 462 1145 spiritum
484 1063 606 1125 fidelem
625 1070 656 1124 et
670 1084 743 1125 vere
755 1065 849 1145 pium,
872 1063 956 1143 quod
971 1082 1033 1125 nou

131 1148 170 1219 risi
189 1146 228 1209 ds
248 1167 285 1209 se
306 1148 377 1228 ipso
401 1154 433 1208 et
452 1146 601 1209 similibus
624 1147 744 1208 Sanotis
768 1146 954 1209 intellectum
984 1167 1038 1211 vo·

150 1230 157 1307 f
193 1250 290 1313 quote
313 1230 372 1292 nisi
393 1231 495 1310 impiis
516 1230 658 1291 volumus
675 1229 807 1291 tribuere
821 1230 934 1307 omnia,
957 1247 1037 1308 quas

174 1320 293 1378 storum
317 1319 397 1390 sunt,
419 1312 501 1374 buno
521 1314 624 1375 looum
640 1312 820 1394 negabimus
837 1312 876 1375 ab
892 1312 1036 1394 apostolo

130 1396 290 1467 italiorum
311 1397 475 1477 impiorum
497 1417 632 1477 persona
654 1396 778 1458 dietum.

190 1479 318 1560 Fateor,
354 1481 380 1541 si
415 1481 615 1562 pertinaoiam
654 1499 739 1541 suam
770 1478 847 1541 nolit
886 1478 1039 1558 quispiam

130 1560 285 1643 deponere,
316 1562 509 1645 perdurabit,
545 1582 603 1625 neo
629 1562 676 1623 bis
705 1562 852 1625 flectetur.
903 1561 943 1623 Et
965 1560 1037 1639 quid

130 1646 241 1711 ubam?
264 1666 334 1719 oum
356 1666 415 1709 nee
436 1646 574 1713 Christus
599 1645 951 1726 omnibuspotueritsua
972 1663 1038 1724 per-

129 1729 249 1791 suadere.
292 1728 379 1791 Haeo
402 1729 561 1809 doctrina,
585 1730 657 1810 quia
686 1749 776 1790 saera
804 1734 835 1789 et
856 1728 959 1789 divina
981 1734 1038 1803 est,

128 1812 371 1891 inanimatis
393 1814 537 1893 propriae
559 1814 731 1879 sententiae
751 1820 782 1873 et
803 1812 956 1892 opinionis
979 1816 1038 1870 stu·

129 1892 173 1955 d'is
190 1894 305 1957 doeiles
328 1902 360 1965 st
382 1895 510 1957 ductiles
532 1897 592 1957 sint
614 1902 677 1958 tam
693 1895 847 1957 auditores
861 1899 1036 1974 quamtrao

94 2024 97 2031 -
129 1968 659 2058 moro,sieut'dieitPsaln.451t:
682 1978 763 2040 Audi
785 1977 850 2039 iilia
871 1984 901 2037 et
922 1975 1063 2041 videet·

131 2060 225 2123 aetna
247 2082 352 2127 aurem
376 2069 470 2125 tuam.
502 2061 610 2123 Nullus
630 2064 842 2123 eontentiosus
866 2067 919 2121 aut
940 2061 1039 2141 pervi-

133 2160 177 2211 ψ
194 2145 252 2219 bpo
274 2145 421 2213 intrabit?
443 2147 506 2207 imo
528 2146 559 2205 in
582 2165 675 2225 quam
697 2164 831 2224 unquam
855 2143 1038 2205 senteutiam

104 2282 110 2295 ,
135 2229 307 2305 quantumvis
331 2229 521 2290 manifestam
545 2229 680 2289 veritatis
703 2228 913 2289 contentiosus
928 2234 958 2287 et
972 2245 1039 2305 per·

137 2308 206 2375 nux
225 2311 330 2373 induoi
352 2311 473 2392 potuit?
514 2311 690 2392 Per-pendat
711 2320 812 2372 autern
841 2307 941 2390 quiris
963 2309 1040 2371 baso

138 2391 218 2455 atus
240 2400 271 2456 et
292 2394 391 2455 libero
415 2395 518 2456 animo
569 2413 701 2474 seseque
730 2393 863 2455 dosidem
892 2390 1040 2474 praebeat

141 2470 185 2541 dtu
202 2486 233 2539 et
253 2479 322 2539 sine
344 2476 437 2539 dubio
461 2477 617 2539 erudietur
646 2485 677 2539 et
697 2478 881 2539 suavissima
910 2476 1039 2535 veritate

141 2560 259 2639 aptetur.
282 2559 371 2637 Quas
393 2561 518 2641 postulo
542 2580 579 2622 eo
594 2562 714 2640 iustius,
736 2559 820 2640 quod
838 2560 918 2621 haec
931 2565 1036 2619 nostra

88 2668 90 2673 ·
140 2645 264 2713 botentin
285 2642 387 2705 verbis
409 2643 457 2706 bis
472 2643 582 2705 divinis
597 2643 734 2706 traditur.
757 2643 944 2705 Adversaria
964 2660 1037 2701 vero

88 2800 90 2807 Ι
140 2724 216 2787 tubo
240 2726 619 2806 bominum‚humanaqus
635 2728 782 2809 opinione
797 2733 827 2786 et
840 2733 948 2786 nostro
971 2744 1041 2784 sen-

136 2823 159 2867 su
175 2815 288 2871 tontum
312 2810 447 2886 offertur,
470 2809 588 2890 absque
609 2811 772 2872 autoritate
794 2808 969 2890 Scripturas
993 2806 1038 2867 di-

137 2888 212 2971 vinus,
233 2900 327 2975 atque
348 2892 410 2955 hoo
431 2895 501 2973 ipso
523 2899 678 2974 suspecta,
701 2912 769 2954 oum
788 2889 872 2972 quod
894 2892 990 2954 saonis
1005 2890 1036 2950 li-

138 2974 189 3035 uis
215 2976 263 3038 vel
291 2982 449 3056 uteunque
499 2976 599 3043 robori
630 2995 692 3044 non
721 2982 840 3058 potest,
872 2974 1038 3058 approbari

138 3060 294 3123 sunnon
318 3061 366 3120 sit.
409 2996 512 3123 Foede
533 3059 656 3138 quidem
679 3066 726 3120 est
747 3059 893 3123 damnare
921 3059 1037 3121 alienes

140 3143 298 3218 tententias,
322 3141 376 3202 sed
401 3143 497 3202 multo
520 3143 639 3204 facilius
662 3143 719 3205 sibi
742 3149 892 3224 temperat
913 3165 932 3204 a
956 3142 1036 3203 dam·

140 3223 234 3304 nuto,
255 3225 339 3304 quod
372 3227 586 3306 praetentent,
610 3246 702 3306 quam
725 3225 850 3288 difficile
866 3228 907 3289 sit
927 3228 1038 3307 impro-

142 3297 194 3367 bus
212 3317 242 3369 et
261 3308 431 3389 sensatam,
454 3309 537 3387 quod
560 3308 706 3371 damnare
724 3311 899 3390 praesumit.

204 3389 383 3471 Quanquam
407 3410 466 3471 ego
489 3391 687 3455 vehementer
709 3393 843 3454 admiror
863 3393 943 3457 hano
969 3412 1035 3453 sen·

146 3470 244 3533 tentiam
266 3492 328 3535 non
345 3493 414 3541 esse
425 3474 566 3537 omnibus
583 3477 783 3556 notissimam,
797 3476 908 3539 nedum
920 3495 1038 3557 speras·

184 3735 208 3804 ¹)
240 3740 321 3799 lbid.:
338 3741 384 3801 db
