2392 4170
145 238 209 307 304
455 240 497 299 De
514 238 589 299 votis
606 239 766 331 promstioh

231 404 271 465 Ut
293 406 373 466 enim
396 406 587 487 impossibile
604 412 661 486 est,
683 425 763 484 eum,
785 407 838 485 qui
859 405 921 468 ilde
941 403 1069 468 iuChsi-

146 494 226 550 stum
250 489 364 566 nititur,
386 493 512 551 nomine
539 492 664 571 proprio
680 489 810 563 salutem
823 508 971 570 quaerere
993 485 1068 572 (ne-

146 573 204 633 seit
225 574 305 632 euim
329 590 425 653 opera
459 582 490 635 et
511 576 618 635 merita
646 573 704 633 nisi
726 571 838 634 Christi
859 574 973 648 solius,
993 571 1068 635 ideo

145 674 208 717 non
230 654 323 719 habet
343 675 474 734 nomeu,
506 659 538 717 in
568 675 628 738 quo
651 655 787 717 salvetur
807 665 838 717 et
859 654 1070 720 sauotifloetnr

145 736 203 799 nisi
226 738 336 800 Christi
356 741 490 817 solius),
523 741 567 800 ita
597 739 790 820 impossihile
829 751 980 817 osteum,
1014 741 1069 819 qui

147 813 292 902 operibufi
314 829 346 882 et
367 824 447 884 votis
471 824 589 899 nititur,
612 843 674 885 oon
697 842 844 902 quaerere
865 825 990 905 proprio
1013 842 1070 884 uo·

146 908 227 967 mine
248 907 396 984 salutem,
429 905 522 968 habet
543 908 623 967 enim
646 925 742 986 opera
763 915 794 967 et
816 910 924 968 merita
944 913 1071 988 praeter

145 987 256 1051 Christi
279 1008 374 1070 opera
395 997 427 1050 et
449 988 564 1068 merita,
586 990 679 1052 habet
699 1008 774 1070 ergo
796 997 829 1052 et
848 1008 961 1052 nomen
984 989 1070 1051 aliud
1117 1026 1120 1033 ·

145 1079 267 1152 praeter
288 1072 399 1133 Christi
428 1091 553 1136 nomen.
597 1073 665 1135 Hoe
694 1084 795 1133 autem
818 1072 891 1153 qnid
913 1082 961 1134 est
981 1074 1069 1135 aliud

145 1173 236 1235 quam
261 1175 374 1217 nomen
397 1155 508 1217 Christi
530 1176 648 1237 rapere,
671 1163 703 1217 et
724 1156 781 1218 sibi
802 1157 859 1237 ipsi
883 1156 1015 1218 tribuere
1035 1165 1072 1219 et

145 1240 262 1300 diuers:
306 1239 375 1321 Ego
397 1258 464 1300 sum
489 1239 637 1323 Christus,
659 1248 805 1320 utsupra
827 1261 866 1300 ex
888 1239 994 1305 natm.
1015 1241 1069 1304 24.

144 1321 323 1383 retulimus?
358 1341 419 1403 quo
452 1324 615 1402 sacrilegio
650 1322 722 1404 quid
753 1332 945 1404 potestesse
967 1324 1070 1405 magis

144 1404 349 1486 sacrilegum?
392 1405 449 1482 Qui
472 1407 553 1467 eninr
577 1406 662 1468 dioit:
706 1407 774 1487 Ego
802 1427 858 1488 per
880 1426 976 1488 opero
997 1427 1075 1469 mea

145 1488 298 1570 salvabor,
321 1489 395 1549 nihil
418 1489 500 1550 alind
513 1490 595 1570 dieit,
617 1508 723 1569 quam:
744 1489 813 1570 Ego
835 1510 902 1551 sum
916 1489 1070 1569 Christus,

55 1580 63 1597 ·
145 1590 214 1634 oum
228 1571 323 1634 solius
337 1571 448 1633 Christi
470 1591 566 1653 opera
578 1574 708 1652 salvent,
729 1580 882 1655 quotquot
897 1574 1069 1638 salvantur.

144 1657 247 1735 Atque
268 1655 346 1717 haee
366 1663 415 1717 est
434 1656 493 1717 iste
515 1657 707 1739 blasphemia
728 1659 860 1718 nominis
884 1657 1008 1719 Domini
1031 1659 1067 1719 iu

144 1737 304 1818 Gentibus,
327 1739 410 1818 quod
425 1741 573 1801 sauotitas
594 1740 948 1820 etsanutifieetioalteri,
970 1760 1070 1821 quam

144 1823 262 1884 nomini
274 1823 397 1884 Domini
419 1824 480 1884 iam
503 1825 617 1905 passim
635 1824 782 1886 tribuitur.
826 1825 968 1886 Omnium
982 1825 1068 1886 enim

143 1927 196 1972 ore
218 1906 348 1969 Ordines
382 1925 487 1968 eornm
519 1909 617 1968 sauoti
640 1907 796 1986 dieantur,
819 1909 906 1988 qnasi
928 1907 1068 1969 sauotill-

140 2000 211 2054 oent
232 2009 305 2052 suos
318 1990 542 2071 observatores,
564 1993 716 2072 autquasi
738 1999 876 2053 sanatum
898 1992 992 2052 sitin
1014 1993 1066 2054 eis

138 2074 299 2152 insedere,
327 2093 396 2135 oum
419 2074 519 2136 solum
542 2093 656 2136 noman
678 2074 801 2137 Domini
823 2074 1011 2153 sanotifloet,
1033 2083 1066 2137 et

138 2161 167 2220 in
192 2159 259 2219 solo
282 2159 350 2237 ipso
373 2156 516 2219 insedere
538 2165 677 2219 sanatum
705 2159 753 2220 sit.
796 2157 891 2219 Huius
915 2157 1062 2239 vulgatis·

75 2288 78 2293 ι
139 2244 235 2303 simae
258 2240 467 2320 blasphemiae
489 2249 613 2303 autores
633 2243 692 2323 ipsi
714 2252 786 2302 suut
806 2243 868 2302 suis
882 2243 1069 2323 saerilegiis,

140 2327 248 2407 quibus
272 2343 384 2384 nomen
410 2324 536 2386 Domini
557 2335 586 2385 et
609 2345 687 2406 opus
710 2327 842 2386 nominis
856 2326 978 2387 Domini
1002 2327 1065 2387 sibi

139 2409 287 2488 arripiunt
308 2414 339 2468 et
359 2416 520 2489 arrogant,
553 2408 735 2471 seduoentes
759 2416 788 2469 et
809 2409 979 2470 allieientes
1004 2408 1065 2470 hae

138 2492 329 2573 blasphemia
351 2498 449 2553 totum
472 2491 588 2556 orbem.

223 2575 299 2636 Cum
322 2583 423 2636 autem
446 2575 502 2636 has
524 2576 691 2656 sacrilegas
714 2583 745 2637 st
766 2575 961 2655 blasphemas
998 2576 1064 2656 opi-

140 2661 249 2721 niones
272 2680 326 2720 seu
349 2661 554 2720 oonseientias
585 2665 727 2740 oporteat
748 2678 768 2720 a
789 2658 970 2719 Christianis
993 2677 1065 2720 esse

139 2763 230 2823 quam
255 2744 489 2821 remotissimas,
529 2745 600 2822 quid
629 2743 729 2804 adhue
752 2742 872 2803 dubitas
894 2742 1064 2816 abstinere,

138 2827 254 2907 fugere,
278 2828 383 2905 vitare,
408 2833 611 2888 mutarevota
631 2828 801 2887 monastiea
823 2833 972 2887 ettotam
996 2826 1063 2887 eius

138 2912 220 2971 vitae
241 2930 355 2991 genus,
389 2910 471 2990 quod
499 2910 531 2970 iu
553 2911 614 2972 hoe
634 2911 733 2991 ipsum
757 2915 911 2990 repertum
934 2917 996 2989 est,
1029 2916 1065 2971 ut

137 2995 215 3055 tales
239 2995 446 3055 conscientias
458 2992 577 3071 reddat,
597 3014 656 3054 neo
668 3001 776 3055 natura
797 3012 854 3053 suo
870 3000 971 3071 potest
982 2991 1061 3054 alias

137 3077 280 3152 reddere,
313 3085 344 3136 et
371 3076 476 3138 videas
498 3085 661 3159 praesente
682 3076 873 3156 experientia
895 3082 961 3136 toto
983 3075 1063 3137 orbe

137 3161 215 3221 tales
239 3160 344 3221 reddi?
386 3161 446 3241 An,
469 3161 611 3223 sividess
626 3160 750 3241 Core*)
765 3179 833 3220 oum
856 3158 1063 3220 tabernaenlie

138 3252 168 3304 et
190 3246 360 3308 substantia
392 3264 448 3306 sua
470 3245 643 3325 absorberi,
677 3255 708 3304 tu
731 3243 868 3304 manebis
903 3244 933 3301 in
958 3240 1064 3304 media

139 3330 295 3407 voragine,
318 3346 376 3388 neo
397 3328 505 3388 saltem
531 3328 639 3408 reliqui
661 3326 756 3389 lsrael
780 3325 973 3406 prudentiam
996 3326 1063 3387 imi·

137 3412 249 3470 taberis
270 3419 301 3471 et
322 3411 419 3490 fugies
443 3411 562 3472 disens:
603 3411 651 3472 Ne
672 3412 751 3472 sorta
773 3418 883 3471 einos
905 3415 986 3469 terra
1007 3406 1063 3471 ab·

137 3492 283 3553 sorbeat?
327 3495 374 3553 An
410 3503 440 3556 te
462 3494 643 3574 morabitur,
678 3493 760 3574 quod
788 3484 869 3552 filios
892 3489 973 3552 Cora
998 3491 1063 3553 illio

137 3584 296 3637 manentes
323 3577 429 3638 videas
464 3578 600 3639 servari?
644 3578 704 3640 Sed
727 3577 815 3653 seito,
838 3574 869 3636 id
891 3576 1062 3656 eontigisss
