2392 4170
148 251 211 318 194
346 241 472 307 Assertio
488 267 565 305 omn.
583 254 662 307 artic.
680 252 715 307 D.
733 251 768 308 Μ.
788 252 815 306 L.
834 264 886 322 per

150 409 315 551 promtissio
349 406 467 487 impiari
499 407 564 466 sine
593 406 654 467 iide
682 426 736 487 per
764 424 843 487 opus
874 404 1082 486 quodcunque

148 509 235 572 possi
250 510 276 553 ‚¹

477 655 757 718 Duodecimus:

214 771 243 833 si
268 791 322 853 per
344 772 532 855 impossibile
551 773 711 834 confessus
731 793 792 834 non
817 780 900 834 esset
921 755 1081 851 contritus,
1116 788 1119 802 ·

214 864 267 916 aut
284 858 429 917 sacerdos
452 875 515 917 nou
539 858 637 938 serio,
668 857 723 918 sed
744 859 815 918 ioco
838 856 1027 934 absolveret,
1056 856 1083 916 si

213 945 317 1081 tarpen
340 939 445 1000 credat
467 959 535 1000 sese
558 940 750 1017 absolutum,
783 941 940 1001 verissime
962 945 1010 1001 est
1030 937 1083 1000 ab·

215 1030 343 1084 acutus.

237 1158 278 1218 Ει
299 1158 348 1218 hic
369 1157 436 1220 fluit
458 1176 497 1218 ex
519 1158 787 1238 praecedentibus.
829 1158 908 1219 Nam
931 1155 1024 1236 fldas,
1054 1165 1088 1218 ιιι

152 1241 232 1321 dixi,
263 1242 396 1321 exigitur
416 1243 446 1300 in
475 1243 686 1321 promissionis
709 1241 830 1303 divinae
858 1241 968 1318 verbo,
998 1240 1083 1320 quod

154 1342 339 1405 quocunque
360 1324 453 1386 modo
476 1324 632 1407 audiatur,
663 1327 689 1384 si
712 1323 772 1385 fide
793 1325 971 1404 suscipitur,
1001 1325 1084 1384 iusti·

154 1407 236 1470 ficet.
270 1408 310 1467 Et
331 1407 402 1487 quid
427 1409 545 1484 mirum,
567 1410 592 1467 si
614 1410 685 1470 ioco
707 1408 859 1488 prolatum
883 1415 914 1468 et
934 1407 1083 1468 creditum

152 1489 312 1568 iustificet,
347 1490 469 1573 quando
501 1491 661 1570 apostolus
694 1490 802 1571 Philip.
832 1490 860 1553 1.
888 1490 1022 1571 gaudent
1054 1498 1086 1552 ει

156 1575 318 1655 glorietur,
353 1574 435 1654 quod
458 1572 584 1634 verbum
607 1574 666 1635 Dei
694 1593 749 1654 per
779 1572 923 1634 iuvidiam
954 1579 984 1634 et
1011 1591 1084 1634 con·
1130 1593 1133 1599 ’

155 1659 322 1718 tentionem
344 1651 694 1737 praedicaturi‘utique
715 1657 797 1737 quod
821 1656 980 1717 credentes
1007 1656 1085 1719 salvi

155 1740 230 1802 fiant
251 1759 306 1820 per
328 1740 464 1818 verbum,
498 1741 590 1801 etiam
613 1741 651 1801 ab
674 1740 784 1800 invidis
802 1747 832 1800 et
854 1739 1085 1802 accusatoribus

153 1843 216 1885 non
238 1825 295 1884 nisi
319 1823 356 1884 ad
374 1824 608 1904 opprimendum
630 1826 729 1904 ipsum
746 1826 984 1904 annunciatum,
1003 1822 1086 1886 adeo

151 1909 286 1968 tota'vis
308 1907 367 1967 sita
388 1914 519 1967 estnon
541 1909 571 1967 in
595 1908 732 1967 ministro
750 1906 847 1986 verbi,
869 1906 923 1967 sed
948 1907 978 1967 in
991 1904 1087 1968 corde

153 1990 304 2051 audientis
326 1998 357 2051 et
378 1989 539 2053 credentis.
572 1991 684 2050 Verum
708 1990 804 2050 nostri
823 1989 1000 2052 adulatores
1021 2004 1086 2052 rna

153 2074 220 2140 lunt
240 2074 452 2134 remissionem
481 2080 677 2153 peccatorum
702 2073 834 2134 tribuere
863 2075 1009 2153 potestati
1032 2074 1088 2135 mi·

155 2157 330 2232 sistrorum,
353 2164 386 2216 ut
407 2157 437 2215 in
461 2175 494 2215 se
516 2155 718 2235 confidamus,
742 2176 832 2236 quam
858 2155 946 2238 fidei,
970 2176 1032 2237 qua
1053 2154 1085 2218 in

154 2240 213 2301 Dei
235 2239 360 2300 veritum
385 2238 554 2315 credamus,
577 2241 648 2301 ideo
671 2248 704 2301 ut
721 2261 754 2300 se
774 2239 862 2300 nobis
877 2239 1087 2302 idolaiaciant

158 2331 188 2384 et
210 2344 230 2384 a
250 2322 318 2383 Deo
341 2323 412 2382 vivo
436 2331 589 2400 avertant,
621 2324 767 2385 damnant
790 2323 881 2384 iidem
909 2323 992 2384 verbi
1015 2323 1084 2404 Dei,

154 2414 185 2467 et
206 2424 292 2466 snam
314 2411 452 2466 statuunt
467 2414 661 2486 potestatem.

239 2488 311 2548 Dixi
339 2496 440 2549 autem
471 2509 526 2570 per
554 2489 760 2570 impossibile,
790 2490 861 2570 quia
889 2490 963 2550 satis
992 2507 1086 2572 supra

156 2571 355 2650 dictumest,
382 2571 472 2633 iidem
498 2575 564 2634 sine
594 2575 777 2634 contritione
800 2591 868 2634 esse
897 2592 958 2633 nou
980 2590 1085 2654 posse,

156 2675 226 2716 cum
249 2656 348 2736 gratia
369 2674 431 2717 nou
453 2657 629 2718 infundatur
650 2659 707 2719 nisi
733 2677 801 2717 cum
824 2677 936 2738 magna
959 2675 1086 2717 concus-

157 2740 245 2799 sione
268 2740 397 2800 animee.
442 2741 533 2801 Volui
556 2743 636 2801 eninr
664 2741 735 2801 fidei
760 2743 900 2801 virtutem
929 2740 1085 2801 declarare

157 2828 188 2882 et
208 2823 440 2901 commendare,
474 2843 565 2904 quam
595 2826 662 2886 sola
683 2825 776 2884 iaciat
806 2824 844 2885 ad
872 2825 1084 2885 remissionem

156 2913 354 2986 peccatorum
378 2912 408 2966 ει
430 2907 676 2969 iustificationem
698 2909 794 2989 pacis.
830 2906 919 2984 Quod
944 2907 1023 2987 dico,
1045 2926 1085 2967 na

157 2991 224 3070 quis
252 3009 301 3049 me
330 2998 416 3070 putet
444 2993 657 3053 contritionem
686 3012 740 3052 seu
769 2990 972 3052 turbationem
1000 2990 1083 3053 iliam

157 3073 259 3134 cordis
281 3073 313 3131 in
336 3075 512 3153 cognitione
535 3082 732 3157 peccatorum
759 3076 937 3135 suscitatam
961 3092 1085 3155 negare.

157 3156 238 3216 Volo
260 3174 340 3233 eam,
363 3157 416 3216 sed
440 3158 508 3219 dico
534 3178 601 3220 eam
625 3179 685 3220 non
704 3160 825 3238 operari
838 3157 1084 3219 iustificationem

157 3248 209 3299 aut
230 3240 442 3301 remissionem
464 3250 678 3323 peccatorum,
704 3241 780 3302 fldcs
803 3244 882 3303 enim
906 3243 935 3301 in
957 3241 1084 3302 verbum

158 3323 214 3383 Dei
236 3322 381 3384 iustificat
402 3331 433 3386 et
455 3334 576 3406 purgat.

437 3461 594 3522 Tertius
623 3461 810 3522 decimus:

222 3580 254 3639 ln
276 3585 470 3641 sacramento
493 3581 700 3663 poenitentiae
722 3597 760 3639 co
774 3581 955 3641 remissione
977 3579 1086 3661 culpae

219 3682 281 3724 uon
309 3662 377 3743 plus
409 3663 482 3722 iacit
502 3682 600 3743 papa,
632 3664 811 3743 episcopus,
842 3682 932 3743 quam
962 3663 1085 3724 iniimus

220 3745 381 3827 sacerdos,
407 3746 469 3806 imo
491 3745 543 3806 ubi
564 3766 626 3808 nou
649 3753 695 3808 est
716 3746 878 3827 sacerdos,
899 3764 998 3826 aeque
1020 3753 1086 3809 tau-
