2392 4170
388 255 513 309 Rationis
530 256 710 310 batoniense
729 258 780 308 ste.
991 244 1055 314 wi

136 403 252 466 osoifflt
273 424 353 484 sum,
378 410 449 487 quia
469 411 565 472 virtus
588 410 750 472 fluctant
767 408 825 483 ilii,
848 423 928 487 quse
949 420 1053 466 verum

134 505 286 550 venenum
299 509 361 551 non
376 492 449 554 fecit
462 513 531 556 csse
542 493 634 572 aliud,
657 512 748 575 quam
766 510 872 553 verum
891 506 1054 564 venenum,

136 578 189 632 aut
210 590 342 652 poenam
366 577 414 636 vel
436 577 653 656 infirmitatem,
680 576 746 650 ssd,
769 596 808 637 ne
829 580 965 653 noceret,
986 586 1054 654 pra

134 654 241 719 tinuit.
287 658 376 734 Quod
399 660 424 719 si
446 660 523 721 alius
545 661 687 740 bibisset,
710 678 782 721 vere
802 665 940 719 mortuus
962 661 1053 718 esset.

134 736 316 817 Christus*)
340 742 427 803 dicit:
465 744 496 804 Si
519 745 706 806 mortiterum
728 741 800 824 quid
822 741 969 812 biberint,
991 758 1054 800 uon

134 824 180 882 eis
202 824 340 902 nocebit3
362 844 424 887 nou
448 826 533 900 dixit,
555 848 617 889 nou
641 829 697 888 erit
710 827 840 906 amplius
857 823 1056 896 mortiterum,
1168 830 1171 839 '

133 904 188 965 sed
211 924 272 967 nou
295 909 429 986 nocebit,
452 911 523 989 quia
545 913 576 970 in
599 914 725 972 nomine
747 927 817 970 meo
839 907 958 977 bibant,
980 905 1056 966 alio·

133 989 184 1068 qui
207 1007 287 1068 quae
309 993 446 1052 miraculi
468 994 577 1072 gloria,
600 995 624 1055 si
642 993 913 1055 mortiferumesse
926 989 1057 1065 desinat,

133 1086 203 1133 eum
228 1081 365 1153 potatum
389 1076 497 1136 tuerit?
519 1077 602 1156 iguis
618 1076 791 1139 Chaldaeus
808 1094 879 1136 vare
900 1074 978 1153 ignis
999 1072 1055 1132 luit

135 1163 167 1216 et
188 1160 364 1236 permansit,
387 1159 441 1218 sed
463 1179 526 1220 non
537 1161 626 1221 laesit
641 1168 701 1220 tres
715 1161 797 1220 viros
807 1158 875 1235 **),
898 1175 961 1217 non
984 1156 1055 1234 quia

134 1239 243 1299 erdere
264 1247 295 1300 et
315 1261 403 1303 urere
426 1261 487 1304 nou
502 1251 620 1323 posset,
642 1243 696 1303 sed
712 1244 785 1324 quia
806 1242 877 1302 illos
899 1259 960 1300 nco
984 1257 1055 1318 poss

133 1328 194 1400 set,
218 1341 288 1383 cum
311 1331 430 1385 ceteros
453 1333 523 1386 ante
545 1327 701 1387 fornacem
724 1326 830 1405 utique
852 1328 1055 1385 consumaret.

216 1405 262 1467 lta
283 1407 344 1468 hoc
373 1416 534 1488 peccatum
562 1429 669 1470 rerum
690 1414 851 1490 peccatum
875 1414 938 1480 est,
973 1404 1055 1484 quod

133 1488 212 1550 allos
228 1508 334 1550 omnes
353 1493 416 1552 irae
428 1491 503 1567 m)
529 1493 659 1567 subiicit,
682 1494 740 1553 hos
755 1510 817 1552 nou
831 1490 962 1565 subiicit,
985 1489 1058 1570 quis

132 1572 180 1650 ti,
203 1591 264 1634 nou
287 1573 346 1648 illi,
370 1575 530 1635 antidotou
554 1576 684 1651 habent,
719 1595 830 1655 nempe
853 1573 967 1634 donum
989 1571 1058 1647 Dei,

133 1655 285 1735 ingratia
319 1660 407 1718 unius
443 1659 576 1720 huminis
597 1660 666 1720 lesu
689 1659 820 1733 Christi,
857 1676 919 1736 quc
949 1653 1056 1715 imbuti

132 1757 196 1798 nou
220 1740 379 1802 ambulant
408 1743 573 1802 secuudum
598 1761 741 1820 carnam3
768 1760 872 1803 nunus
896 1740 974 1800 hsec
993 1744 1055 1798 tam

132 1821 217 1882 clara
239 1831 269 1881 at
293 1824 392 1885 iacilia
413 1833 503 1904 sunt,
526 1832 558 1886 ut
580 1825 682 1886 nullus
705 1829 768 1886 tam
791 1823 895 1885 tardus
917 1824 972 1894 sit,
999 1821 1056 1901 ,qui

132 1922 195 1964 uon
218 1905 363 1967 facillime
385 1909 647 1979 comprehendat?
675 1927 744 1968 cum
767 1909 886 1967 iuterim
909 1905 1055 1965 subtilita-

131 1995 178 2046 tss
192 1987 260 2048 illas
278 1997 427 2066 reatuum,
439 1992 621 2069 debitorum,
643 1991 826 2065 ior-mallum,
840 1988 1053 2055 materialium,

132 2074 270 2148 peccati,
293 2073 483 2152 privationis,
507 2075 638 2151 habitus,
663 2081 759 2145 actus,
782 2072 991 2153 expulsionis,
1013 2071 1055 2130 iu·

132 2153 271 2231 lusionis,
292 2159 496 2235 remissionis,
520 2158 717 2238 qualitatum,
740 2159 915 2229 formarum,
938 2153 1055 2214 subice

132 2242 244 2315 torum,
267 2239 412 2300 bonitatis
433 2243 617 2302 intrinsecae
640 2249 670 2302 et
691 2242 899 2315 extrinsecae,
921 2237 1055 2299 malitiae

132 2320 318 2382 intrinsecae
341 2330 370 2382 et
393 2326 594 2400 extrinsecae,
618 2325 756 2404 congrui,
777 2322 939 2396 meritorii,
961 2336 1053 2401 genc-

132 2403 172 2461 ris
195 2402 357 2485 bonorum,
381 2409 541 2486 acceptati,
565 2407 767 2487 deacceptati,
789 2413 819 2466 et
831 2407 898 2485 quis
912 2418 1054 2465 ranarum

133 2491 165 2545 et
185 2505 357 2548 muscarum
380 2492 506 2551 istarum
535 2508 628 2550 vocas
656 2508 765 2550 omnes
793 2488 912 2560 audiat,
941 2487 1053 2547 nedum

132 2571 315 2632 recenseat?
336 2573 459 2651 ipsimet
480 2573 617 2634 noudum
640 2572 834 2633 concorditer
847 2573 981 2649 capiunt,
1004 2569 1055 2648 qni

132 2651 263 2714 aliorum
284 2655 419 2734 Magistri
442 2663 527 2733 suut,
556 2662 673 2716 tantum
697 2655 800 2727 abest,
834 2650 1054 2732 utaliquando

133 2735 277 2796 miserum
300 2737 409 2818 vulgus
443 2757 483 2798 ex
503 2740 578 2818 ipsis
605 2757 709 2799 veram
741 2738 861 2818 peccati
884 2741 915 2795 et
936 2735 1055 2815 gratiss

133 2820 342 2897 cognitionem
371 2823 519 2902 accipiat,
553 2841 621 2881 cum
650 2822 699 2882 hic
724 2819 940 2902 philosophiae
961 2818 1055 2876 etiam

133 2903 320 2963 novissimas
346 2904 449 2964 faeces
472 2910 503 2964 et
524 2903 627 2964 decies
653 2911 792 2965 exaratas
817 2920 943 2962 vorasse
965 2918 1054 2979 opor

129 2991 206 3064 teat,
229 2991 405 3065 autequam,
427 2986 499 3066 quid
521 2995 622 3048 reatus
645 2994 697 3047 aut
718 2986 853 3048 debitum
876 2985 925 3058 sit,
945 2982 1054 3042 intelli·

133 3086 199 3146 gas.
224 3069 391 3130 Facessaut
412 3071 472 3131 ista
490 3069 624 3131 absurda
635 3077 665 3130 et
683 3076 819 3131 monstra
831 3067 1053 3148 sophistarum.

217 3152 297 3211 Vere
309 3171 383 3231 ergo
396 3153 469 3212 dicit
484 3151 592 3224 *mit
615 3153 683 3232 ligo
699 3159 801 3214 autem
821 3149 952 3212 carnalis
976 3167 1053 3215 sum,

135 3253 197 3294 nou
214 3233 295 3308 dicit,
311 3236 441 3295 carnalis
454 3237 506 3311 tui,
519 3236 711 3296 venundatus
723 3234 780 3296 sub
791 3242 931 3314 peceato.
952 3230 1055 3294 Proba

132 3318 225 3396 igitur
233 3318 315 3392 mihi,
332 3319 413 3396 quod
427 3319 558 3379 carnalis
566 3320 596 3378 in
613 3318 769 3399 Scriptura
781 3317 1053 3398 significetpoena·

133 3400 268 3463 litatibus
282 3408 311 3460 et
322 3400 546 3462 infirmitatibus
557 3401 737 3464 subiectum.
761 3401 922 3462 carnalem
936 3416 1010 3459 veru
1021 3414 1055 3458 se

134 3481 218 3556 dicit,
231 3502 293 3543 non
308 3486 379 3562 quia
391 3490 473 3545 totus
482 3487 520 3544 sit
528 3485 667 3561 carnalis,
684 3485 738 3563 sed
748 3491 850 3544 mente
862 3491 906 3542 est
916 3483 1053 3562 spiritua·

132 3565 180 3642 lis,
203 3585 295 3626 carne
308 3568 448 3644 carnalis,
471 3569 549 3628 sicut
563 3574 665 3628 mente
679 3568 755 3628 liber
769 3586 786 3626 a
799 3573 939 3646 peccato,
963 3579 1058 3624 carus

176 3687 553 3695 .----—-...-.....----.-

143 3690 150 3694 μ
172 3736 294 3803 *litorei
306 3739 354 3791 ult.
376 3737 572 3806 **)Daniel.3.
594 3737 660 3804 m)
671 3738 769 3791 Roma.
780 3739 807 3794 a.
828 3737 894 3787 Ψ*
902 3735 1051 3802 literne-l·
