2392 4170
136 220 200 293 288
444 223 487 281 De
504 223 578 281 votis
596 221 758 281 monsstior's

133 404 171 457 st·
186 396 343 465 saltitem?
383 396 453 458 Hoo
473 399 555 457 enim
583 396 622 457 de
644 397 755 458 Christi
782 395 878 457 solius
914 393 1059 474 operibus

132 483 163 541 iu
186 478 339 557 baptismo
368 500 460 560 super
488 499 545 542 nos
568 480 672 541 effusis
700 488 729 540 et
752 479 873 540 donetis
903 481 954 558 pis
986 497 1060 539 oon·

134 564 262 623 seientia
283 563 387 635 dietat,
410 573 441 624 et
462 566 507 623 sio
530 564 628 625 libers
655 575 701 622 est
729 561 769 623 ah
791 561 935 624 omnibus
958 563 1060 642 operi·

134 648 200 725 hus,
222 665 284 706 non
308 645 430 725 quidem
455 647 613 721 fsoiendis,
636 647 690 708 sed
713 645 929 706 accusantibus
950 653 982 704 st
1003 643 1059 704 de·

133 729 336 793 tendentibus.
375 729 534 791 Credentis
556 734 636 791 enim
659 733 690 792 iu
706 729 858 790 Christum
882 727 965 788 nulls
987 735 1063 788 sunt

133 824 201 873 tom·
217 812 299 873 mnis
317 833 420 894 opera,
444 833 523 893 quse
540 834 609 874 eum
622 815 742 894 possint
753 832 899 873 nonusere
923 819 952 871 et
975 811 1061 871 dnm·

134 916 217 969 nsrs,
239 917 357 957 rursum
382 897 465 957 uuila
488 905 549 957 tsm
564 898 655 977 bons,
679 915 758 977 quae
779 897 898 976 possint
920 914 990 955 eum
1005 895 1060 955 de·

133 979 257 1040 tendere
280 991 310 1040 et
331 980 467 1060 solvere,
490 981 543 1040 sed
568 984 671 1042 omniu
706 988 810 1041 nostra
833 999 889 1039 nos
910 987 1063 1038 oouussnt

133 1072 164 1124 et
185 1062 347 1140 damnant,
369 1063 465 1124 solius
487 1072 589 1125 sutem
613 1065 722 1126 Christi
754 1083 812 1123 nos
839 1061 1008 1123 detendunt
1030 1070 1063 1123 st

132 1146 263 1207 salvant.

215 1232 259 1292 Tu
282 1231 349 1311 ipse
371 1249 452 1290 nuno
471 1232 557 1308 vide,
590 1231 747 1310 quomodo
777 1249 872 1311 opere
907 1228 1061 1311 Deculogi

133 1313 193 1373 sint
216 1313 385 1374 omittendo
407 1323 437 1374 et
459 1314 610 1390 sariendo,
634 1334 713 1393 quse
735 1324 807 1374 sunt
828 1315 962 1392 nestitae,
986 1312 1061 1372 obe·

133 1396 257 1464 dientis,
281 1399 404 1474 mititss,
427 1396 551 1478 largitus
573 1406 604 1458 et
626 1399 745 1460 similia.
794 1394 972 1458 Omitteuds
995 1415 1059 1455 non

133 1488 213 1555 sunt,
237 1480 291 1539 sed
313 1479 453 1540 feoienda
483 1485 536 1557 (ut
562 1485 607 1541 sio
636 1480 754 1563 diuum)
794 1482 962 1541 seeundum
985 1479 1062 1539 sub-

133 1565 287 1642 stantium,
311 1564 364 1624 sed
389 1582 449 1622 non
473 1565 641 1626 seeundum
665 1566 894 1639 conscientiam,
918 1563 1060 1637 honest,

132 1666 193 1708 uon
217 1656 249 1706 ut
269 1646 465 1706 defendentia
488 1658 518 1708 et
539 1647 757 1726 iustificantur,
781 1649 842 1712 hoo
874 1649 953 1707 enim
976 1656 1063 1707 esset

132 1731 352 1791 oonsoientium
386 1749 597 1812 eorrumpere,
626 1743 657 1792 et.
678 1753 698 1792 u
719 1733 840 1794 Christo
862 1749 978 1811 sponso
1002 1748 1061 1790 suo

133 1812 321 1891 abstrahere,
343 1821 412 1873 oum
428 1832 490 1893 quo
503 1823 623 1877 estune
640 1835 722 1890 earo,
745 1816 976 1876 eommuniosns
996 1833 1060 1873 om-

132 1896 220 1957 nibus
243 1896 332 1957 honis
355 1897 445 1976 iilius,
466 1898 520 1958 ssd
544 1900 638 1960 libere
660 1908 691 1959 et
711 1901 806 1980 gratis
824 1897 965 1959 fnoisuda
988 1904 1062 1956 sunt

132 1979 171 2041 sd
195 2000 281 2041 usum
306 1992 334 2040 et
349 1982 545 2042 commodum
569 1983 711 2063 proximi,
737 1984 816 2042 siout
834 1981 943 2042 Christi
962 1998 1061 2061 opero

133 2063 221 2124 nohis
246 2064 327 2123 facte
350 2075 419 2122 sunt
444 2066 536 2126 iibere
559 2077 589 2125 et
611 2067 717 2146 gratis.
766 2066 878 2125 Verum
901 2074 974 2124 tuno
995 2082 1060 2124 sm·

133 2147 211 2225 plius
234 2167 296 2207 non
324 2157 394 2207 sunt
424 2167 519 2228 opero
548 2151 641 2228 tegis,
675 2148 728 2208 sed
758 2148 868 2209 Christi
904 2149 934 2208 in
969 2146 1059 2208 uobis

132 2250 186 2309 per
216 2230 304 2289 fidem
343 2233 499 2310 operantis
531 2243 561 2291 et
595 2233 724 2291 viventis
754 2253 807 2312 per
835 2233 957 2304 omniu,
986 2231 1058 2291 ideo

132 2332 193 2372 non
217 2321 348 2392 possunt
376 2316 472 2394 magis
496 2319 615 2393 omit-ti,
651 2335 741 2393 quum
776 2317 842 2395 ipss
865 2314 965 2386 fides,
1001 2333 1061 2374 neo

132 2405 203 2456 sunt
226 2398 323 2456 minus
348 2401 522 2458 necessario
545 2419 634 2478 quum
658 2399 744 2459 fides.
784 2399 927 2458 Ceterum
952 2417 1059 2476 opero,

132 2499 211 2558 quus
227 2501 298 2540 vere
321 2490 391 2540 sunt
403 2502 498 2560 opera
515 2483 600 2562 legis,
624 2482 693 2542 hoto
711 2492 741 2541 et
756 2482 833 2541 suisa
856 2489 941 2557 sunt,
969 2488 1058 2541 extro

132 2561 283 2622 Christum
315 2563 395 2624 enim
427 2584 517 2628 nemo
548 2576 594 2624 est
622 2585 660 2625 ex
696 2566 789 2625 eorde
818 2567 913 2638 initis,
944 2573 1058 2642 custus,

132 2646 244 2725 largus,
268 2647 426 2723 obediens,
451 2650 526 2726 pius,
548 2649 752 2709 ador-ensem.
783 2649 867 2707 Fuoit
889 2650 969 2707 enim
995 2667 1056 2708 non

132 2729 226 2789 iibere
249 2731 447 2810 conscientie,
471 2732 525 2791 sed
548 2752 653 2792 umore
677 2731 831 2792 commodi
854 2738 906 2791 sut
928 2730 1059 2809 glorius,

133 2813 180 2872 vel
204 2814 315 2874 timore
338 2833 467 2892 poenae.
512 2816 552 2874 Et
584 2835 651 2875 oum
674 2816 817 2875 simulato
848 2815 997 2874 sanctitas
1020 2815 1060 2874 sit

132 2896 247 2976 duplex
279 2899 441 2975 iniquitas,
471 2900 662 2958 menifestum
694 2909 755 2970 est,
786 2917 881 2977 opero
903 2897 1057 2957 eiusmodi

131 2999 200 3039 esse
224 2999 285 3040 non
310 2979 402 3040 modo
426 3001 487 3042 uon
512 2984 697 3060 necessaria,
721 2981 774 3041 sed
790 2980 960 3041 omittenda
983 2999 1058 3060 quo-

131 3082 190 3141 que
215 3071 244 3121 et
268 3063 422 3141 fugienda.

214 3148 254 3206 At
276 3147 326 3206 hio
348 3147 431 3207 diues
454 3149 545 3208 forte:
570 3149 648 3208 Num
673 3148 891 3221 scortandnrn,
915 3148 1059 3208 occiden-

131 3227 212 3307 dum,
235 3230 424 3310 rapiendum,
448 3230 671 3309 mentiendum,
695 3230 925 3303 rebellandum,
958 3230 1059 3290 idolu-

131 3312 270 3371 trandum
319 3313 410 3374 docet
448 3315 621 3375 Christiano
661 3324 709 3374 tuo
749 3313 897 3374 libertus?
948 3312 1059 3388 Stulte,

131 3396 217 3473 qussi
242 3415 314 3457 vero
337 3406 366 3456 ts
391 3398 510 3457 iubeam
541 3399 637 3458 maius
659 3397 771 3458 malum
796 3398 908 3474 fauere,
931 3396 1057 3475 quando

131 3478 230 3537 minus
254 3481 365 3539 mulum
399 3481 599 3541 omittendum
635 3480 742 3541 dooeo.
786 3481 865 3542 Diuo
898 3499 960 3539 non
996 3481 1058 3539 irs·

131 3562 286 3639 suendum,
310 3572 338 3621 et
362 3571 393 3622 tu
415 3564 472 3624 ibis
496 3565 534 3625 nd
559 3563 778 3637 oooidendum,
801 3581 840 3623 ne
862 3563 963 3623 solum
996 3564 1058 3625 irs·

130 3645 252 3706 nosris?
297 3646 377 3707 Volo
401 3647 478 3708 hseo
503 3667 598 3727 opero
614 3647 685 3708 fiots
709 3647 806 3707 omitti
830 3652 859 3706 st
883 3666 957 3706 vers
977 3644 1055 3723 fleri,

130 3735 162 3791 ut
184 3728 308 3792 desinas
332 3749 401 3792 esse
422 3732 516 3813 impie
540 3731 652 3812 largus,
675 3730 730 3791 hos
743 3737 844 3791 sutem
866 3730 919 3811 pis
939 3729 1055 3810 hugus.
