2392 4170
276 284 278 290 ,
320 233 429 301 suram
448 233 533 299 mon.
552 237 585 307 x.
605 235 734 306 caman.
748 250 773 301 a
793 236 877 308 toln.
997 235 1059 305 21o

214 388 300 467 ldcrn
324 391 352 456 t.
375 389 512 457 Corinth.
530 389 586 457 14:
609 389 704 468 Quod¹
721 392 747 459 ai
760 391 878 466 sedenti
890 393 1059 467 capulatum

131 474 230 551 luerit,
251 474 336 554 prior
360 481 470 553 taccat.
510 473 625 545 Nonne.
644 474 735 543 sthic
751 476 912 557 apostolus
936 476 1060 543 docenti

131 564 165 628 et,
183 556 293 633 maiori
320 555 456 628 obstruit
472 576 527 638 os,
560 557 611 618 ubi
639 558 759 629 sedenti
787 567 821 621 et,
839 560 980 631 ,infcriori
1008 561 1061 625 ali·

131 639 207 720 quid
227 639 318 703 fucrit
349 641 533 719 revelatum,
568 647 599 702 et
634 642 724 721 plane
754 644 901 706 maiorem
938 642 1066 713 subiicit

131 721 265 798 minori?
300 721 380 800 Quid
408 742 482 804 ergo
511 723 567 784 sibi
595 732 719 805 arrogat
740 745 822 807 papa
844 734 879 789 ct
896 727 1060 795 concilium

131 813 242 885 ccptra
262 806 341 881 haec
363 805 537 887 Scripturas
551 814 677 877 sanctas
689 809 832 889 exempla
845 817 875 870 at
895 809 1059 877 documen·

131 889 183 967 ta?
220 888 333 966 Paulus
355 890 446 961 etiarn
477 890 672 971 reprehendit
697 891 835 970 Petrum,
870 891 939 957 Gal.
962 896 1008 974 2.‚
1031 900 1061 956 ct

131 971 262 1050 lacobus
291 973 379 1036 Acto.
410 976 460 1038 15.
484 974 611 1044 mutavit
638 972 719 1039 Petri
757 976 951 1039 sententiam.
993 976 1061 1040 Neo

132 1056 189 1136 ipsi
218 1055 352 1137 apostoli
382 1057 411 1116 in
441 1075 496 1117 suo
532 1056 664 1120 concilio
693 1057 857 1138 quidquam
890 1066 1061 1127 statuerunt

132 1137 169 1213 da
191 1138 261 1206 sola
283 1142 535 1220 praesumptione
554 1140 694 1221 spiritus,
729 1142 783 1202 sad
812 1161 867 1223 psr
889 1142 1060 1225 Scripturas

132 1241 186 1299 sua
209 1221 428 1303 probaverunt.
471 1224 513 1299 At
535 1241 593 1283 nos
615 1223 896 1303 incomparabiliter
917 1227 1062 1309 minores,

132 1305 235 1379 statim
259 1312 291 1366 ut
313 1305 402 1366 nobis
425 1305 591 1386 quidquam
613 1314 729 1368 rectum
750 1308 847 1371 visum
869 1308 970 1390 luerit,
989 1328 1061 1377 con.-

133 1387 193 1460 cilii
215 1387 301 1449 titulo
324 1388 354 1449 in
377 1388 536 1450 articulum
559 1388 630 1450 lidei
652 1391 808 1465 vertimus.

472 1554 728 1631 Tricesimus:

195 1694 297 1775 Aliqui
321 1694 439 1755 articuli
461 1693 698 1756 Iohannislluss
720 1695 916 1759 condamnati
939 1699 1061 1760 incon·

194 1772 272 1839 cilio'
290 1778 516 1840 Constantiensi
539 1783 611 1839 sunt
632 1774 890 1856 christianissimi,
910 1776 1062 1857 ‘rarissimi

194 1868 226 1921 et
246 1861 427 1945 clvangslici
451 1879 528 1943 quos
552 1881 609 1922 nec
632 1862 813 1924 universalis
836 1854 968 1941 ecclesia
990 1882 1062 1945 pos·

195 1950 243 2005 set
265 1943 419 2008 damnare.

215 2060 332 2134 linari,
356 2069 388 2123 et,
407 2062 489 2123 hunc
502 2061 662 2131 articulum
676 2063 830 2143 revocari,
852 2068 884 2125 et
895 2061 997 2130 adhuc
1019 2082 1063 2127 rs-

136 2162 233 2222 roac,
255 2145 290 2209 in
308 2144 368 2206 hoe
389 2143 472 2225 quod
495 2144 574 2223 dixi,
604 2146 724 2226 sliquos
746 2146 892 2211 articulos
915 2144 1061 2208 lobannis

136 2227 217 2298 Busa
239 2246 308 2298 esse
332 2227 539 2306 evangelicos.
585 2228 687 2303 Quare
702 2248 796 2299 nunc
819 2228 971 2306 sindico,
999 2249 1063 2293 non

136 2310 267 2390 sliquos,
290 2311 344 2374 ssd
369 2330 476 2371 omnes
494 2312 639 2372 articulos
660 2311 805 2381 Iohannis
818 2312 899 2377 Huss
913 2312 1065 2375 Constan-

136 2393 201 2464 tiap,
218 2411 292 2465 esse
310 2393 472 2458 damnatos
502 2394 540 2454 ab
563 2395 742 2465 antichristo
772 2401 802 2456 st
824 2397 886 2461 suis
915 2395 1073 2477 apostolis

135 2477 171 2544 5¹¹·
188 2495 352 2557 ⁸5⁰³8⁰S⁸
373 2476 426 2538 1¹¹³
455 2483 602 2556 Satanae,
639 2497 681 2538 cx
701 2477 943 2547 sceleratissimis
964 2479 1066 2560 sophi·
1156 2517 1157 2520 κ

136 2560 192 2625 stin
213 2566 412 2641 congregata.
449 2559 489 2620 Et
509 2560 538 2625 in
561 2560 671 2632 faciem
694 2567 788 2638 tuam,
810 2556 1003 2630 sanctissime
1026 2563 1067 2624 vi·

137 2643 220 2714 sarie
240 2642 313 2720 Dei,
336 2642 393 2707 tihi
411 2642 506 2711 libare
528 2642 609 2720 dico,
631 2644 736 2711 omnin
757 2643 903 2707 damnata
922 2644 1074 2708 Iohannis·

137 2725 218 2786 lluss
242 2745 310 2786 esse
333 2726 512 2805 evangelica
533 2737 564 2786 et
587 2725 775 2802 Christiana,
805 2733 858 2787 tua
879 2733 981 2794 autent
1004 2747 1067 2791 cm·

126 2809 190 2890 ,aia
210 2827 336 2890 prorsus
358 2809 454 2889 impia
474 2817 506 2873 et
527 2808 690 2885 diabolica.
734 2809 817 2873 Ecce
827 2811 1066 2889 revocationem,

138 2911 232 2972 quarn
255 2898 307 2962 tua
328 2890 419 2953 Bulla
440 2893 553 2973 exegit.
598 2890 678 2968 Quid
702 2893 746 2952 vis
768 2891 923 2973 amplius?

221 2973 383 3052 Secundo,
405 2987 466 3036 non
489 2981 573 3041 recte
592 2974 721 3053 faciunt,
759 2975 809 3054 qui
840 2995 889 3038 me
909 2974 1066 3041 nussiam

139 3065 254 3128 vocant
269 3055 323 3139 ¹),
346 3059 512 3121 nonenim
535 3077 654 3121 mecum
674 3059 726 3119 ille
748 3058 855 3136 sentit,
888 3058 946 3120 ssd
969 3060 993 3120 si
1016 3058 1068 3120 ills

137 3140 195 3213 luit
215 3141 400 3219 hacreticus,
422 3158 481 3221 ego
504 3140 572 3221 plus
585 3140 871 3204 decicshasrsticus
895 3161 973 3222 sum,
996 3160 1066 3206 curn

136 3224 190 3299 illc
213 3224 308 3304 longe
329 3225 449 3293 minora
470 3231 500 3284 et
510 3225 658 3304 pauciora
670 3224 790 3307 dixerit,
813 3225 896 3288 ralut
916 3225 1067 3289 inchoans

138 3306 241 3378 lucam
264 3308 399 3380 veritatis
422 3308 550 3388 aparine.
573 3306 640 3368 Hoc
662 3307 732 3369 idco
754 3306 842 3382 dico,
865 3314 897 3370 ut
918 3308 1069 3390 intelligat

139 3390 249 3469 lactor,
271 3409 362 3468 quarn
386 3389 527 3455 scelerati
549 3397 580 3453 et
600 3391 684 3471 impii
707 3390 1005 3456 fuerinthomicidas
1025 3391 1068 3453 illi

141 3473 386 3541 Gnnstanticnsis
420 3472 542 3535 concilii
562 3472 724 3553 pontifices
755 3480 785 3535 st
812 3473 983 3555 pharisaei,
1018 3475 1068 3554 qui

198 3739 230 3811 1)
251 3740 282 3795 ln
302 3740 365 3798 adit
383 3741 457 3798 len:
479 3755 536 3794 non
551 3743 625 3796 recta
645 3744 753 3809 vocant,
772 3742 820 3810 qui
838 3768 872 3782 -
891 3739 1039 3812 appellant.
