2392 4170
133 1033 334 1141 Assertio
365 1033 548 1139 omnium
573 1031 859 1135 articulorum
872 1034 1058 1153 Martini

135 1169 316 1266 Luthcri
344 1198 424 1301 per
453 1171 623 1281 Bullam
652 1169 805 1266 Leonis
834 1171 875 1265 X
914 1172 1058 1281 roris

345 1306 495 1403 simam
538 1310 846 1406 damnatorum.
968 1352 977 1363 ·
1053 1382 1056 1391 .

545 1534 653 1609 1520.

491 1772 698 1781 ...—

173 1970 260 2032 Alter
267 1970 343 2033 liber
354 1971 410 2046 (cf.
423 1973 562 2051 superius
572 1991 601 2052 p.
617 1975 772 2053 l32i‚quc
784 1971 982 2035 Lutheruscd
994 1970 1058 2033 bui·

133 2052 194 2114 lam
203 2052 351 2116 LeonisX
364 2054 534 2135 respondit,
548 2055 603 2115 sub
620 2056 706 2127 titulo
720 2056 849 2136 prodiit:
871 2054 1057 2116 Assertio

133 2140 303 2198 omnium
331 2136 592 2199 articulorum
617 2138 776 2200 Martini
804 2138 966 2199 Luiheri
996 2156 1063 2220 per

130 2217 277 2283 bullam
299 2220 441 2283 Leonis
460 2221 487 2281 X
507 2222 759 2282 novissimam
783 2222 1061 2301 damnatorum,

131 2300 221 2365 Hunc
244 2313 351 2366 auctor
373 2304 422 2365 die
445 2306 543 2386 primo
578 2306 690 2365 mensis
711 2304 890 2367 Decembris
923 2325 950 2365 c.
983 2304 1063 2387 1520

133 2382 270 2449 Fabiano
295 2387 479 2463 Feilitschio‚
502 2388 603 2468 Equiti
629 2388 785 2449 Germano
801 2395 831 2449 ei
843 2387 995 2450 Electoris
1010 2380 1062 2469 Sc·

132 2472 237 2532 xonici
261 2471 446 2549 consiliario,
473 2473 580 2551 (quem
602 2491 657 2553 per
690 2471 873 2533 allusionem
894 2472 1063 2551 Felicem

133 2553 289 2637 appellat)
329 2552 513 2634 dedicavit,'
531 2553 666 2615 libellum
703 2563 804 2615 autem
834 2557 934 2639 ipsum
970 2553 1062 2635 paulo

78 2660 80 2662 ·
133 2638 231 2699 serius
254 2639 460 2719 compositum
484 2645 514 2698 et
534 2656 682 2699 excusum
702 2658 770 2699 csse
792 2647 854 2699 tem
877 2638 949 2699 inde
968 2642 1066 2721 petet,

133 2721 217 2798 quod
239 2729 348 2797 accior
367 2721 399 2782 in
418 2722 532 2805 scripto
554 2722 623 2801 ipso
649 2721 706 2797 (cd
720 2728 775 2782 art.
797 2720 904 2801 XXX)
919 2718 1064 2784 Decreta?

133 2799 177 2864 ies
199 2804 302 2886 Papae
325 2824 343 2864 c
365 2823 398 2864 se
420 2811 547 2871 exustas
569 2823 639 2871 esse
653 2811 889 2883 commemorat,
919 2804 951 2865 id
981 2798 1064 2887 quod

134 2883 184 2947 die
205 2888 327 2949 decimo
351 2907 391 2948 m.
415 2887 593 2959 Decembris
606 2887 718 2947 factum
734 2907 802 2948 esse
816 2893 948 2963 constet,
971 2904 1063 2971 quem

135 2971 267 3046 exiliis,
290 2990 369 3051 quse
391 2971 421 3030 in
444 2970 566 3033 Lutheri
580 2970 717 3051 epistolis
741 2968 1062 3032 debccrcinvsniun·

134 3058 191 3115 tur.
236 3054 293 3114 Dis
313 3053 393 3113 enim
417 3055 466 3118 99.
490 3074 529 3114 m.
552 3053 737 3114 Novembris
760 3075 787 3114 a.
813 3057 894 3120 1520
912 3052 1063 3115 Lushems

133 3137 264 3278 frimam
288 3136 447 3217 spalatino
470 3137 591 3216 scripsit
621 3156 654 3196 se
677 3156 765 3197 mox
786 3137 933 3199 articulos
961 3136 1009 3198 sin
1054 3168 1066 3183 ·

145 3238 180 3280 os
203 3239 222 3280 a
244 3220 327 3281 bulla
349 3220 512 3295 damnatos
537 3218 730 3281 defensurum
744 3227 775 3281 ct
796 3220 852 3281 sub
872 3220 1000 3282 nomine

133 3302 217 3363 bicni
240 3303 393 3378 Feiiitsch‚
416 3303 472 3363 viri
496 3303 553 3363 sibi
576 3303 884 3381 mirecommendati,
912 3302 1063 3365 editurum

135 3405 204 3446 esse
228 3388 284 3462 (cf.
307 3386 395 3455 Luih.
420 3386 498 3467 Dpp.
523 3385 570 3448 ed.
595 3385 633 3446 de
651 3385 753 3446 Wette
769 3386 791 3459 Ι,
805 3407 836 3468 p.
849 3382 1065 3459 528),deinde

135 3468 184 3531 die
206 3471 338 3551 septimo
371 3490 409 3529 m.
432 3468 610 3530 Decembris
641 3468 738 3529 eidem
770 3471 910 3549 nunciet,
933 3467 1066 3547 „librum

134 3550 272 3615 Fabiano
296 3552 388 3613 Felici
411 3560 619 3633 nuncupatum
642 3553 714 3612 iam
740 3571 889 3614 excusum
912 3572 950 3613 ea
980 3558 1068 3634 perte

134 3635 392 3719 fuisss,utmutcri
402 3655 464 3698 non
481 3644 562 3698 essct
573 3638 748 3721 integrum“
761 3637 816 3715 (cs.
829 3635 917 3699 Lutb.
926 3634 1006 3717 Epp.
1015 3630 1066 3695 ed.
