2392 4170
411 268 464 324 uus
481 271 574 326 intusa
592 276 619 326 et
635 267 778 340 seminus
995 261 1060 339 283

135 421 176 484 de
198 424 394 500 matrimonio
415 423 586 503 intelligat,
607 425 735 487 sdieoit:
773 422 844 504 Ego
864 430 964 484 autem
988 421 1060 487 dieo

134 507 164 566 in
188 506 308 568 Christo
334 516 364 566 et
385 506 416 568 iu
439 507 586 584 ecelesia,
610 509 716 569 volens
738 516 858 588 aperte,
888 525 1060 572 saoramenu

136 597 199 650 tum
222 590 283 651 hoe
304 609 372 649 esse
399 591 429 649 in
454 589 574 650 Christo
597 601 627 651 et
654 593 684 651 in
709 592 856 666 ecelesia,
889 598 919 650 et
942 609 1003 650 non
1027 590 1057 649 in

134 673 272 734 maseulo
297 681 327 732 et
348 673 471 750 terrine,
493 691 522 751 q.
546 673 591 750 a,
614 675 697 753 quod
719 684 809 734 eruut
831 674 890 734 duo
912 674 943 733 in
966 673 1059 733 earne

135 755 375 836 unmssignilleat
388 775 530 835 maguum
549 758 704 835 quoddam
718 765 953 830 sacramentum,
976 755 1057 834 quod

131 847 183 900 ‚est
204 838 368 903 inchriste
392 846 422 898 et
444 841 474 898 in
498 840 639 902 eeclesia.
682 840 727 902 lta
751 841 794 902 vir
816 847 846 902 et
869 839 976 900 mulier
988 845 1059 903 sunl

134 923 325 1002 siguaeulum
362 930 394 981 et
428 921 586 983 oheraoter
621 925 804 987 sacramenti
840 923 960 1002 magni,
996 940 1060 985 nou

134 1012 360 1079 sacramentum
383 1012 440 1065 eto.
484 1004 533 1065 Ad
556 1007 615 1067 hoo
636 1006 729 1086 valet,
751 1005 834 1086 quod
851 1023 963 1085 grasse
984 1003 1058 1066 diui-

135 1095 182 1165 tur
205 1107 348 1167 magnum
373 1088 568 1168 mysterium,
595 1089 649 1149 sed
673 1089 773 1150 nullus
795 1107 902 1150 eorum
924 1105 1059 1167 uuquam

135 1171 224 1250 uixit,
247 1179 472 1240 seerameutum
497 1182 529 1232 et
548 1173 726 1252 mysterium
749 1191 804 1252 pro
827 1170 1060 1250 eodemaeeipi‚

138 1254 302 1329 lieetrere
326 1253 406 1314 idem
439 1254 514 1314 sint:
546 1256 722 1336 mysterium
754 1255 835 1317 enim
866 1273 988 1334 semper
1019 1252 1058 1319 ed

136 1338 259 1399 oeoultu
280 1336 416 1398 referunt
436 1344 495 1401 ete.

371 1463 498 1525 Desinis
519 1470 630 1527 oetsvs
646 1467 821 1530 Conclusio,

143 1644 145 1647 ·
218 1614 339 1676 Urium
377 1617 497 1678 solum
536 1617 678 1678 hebent
720 1630 863 1678 stores
901 1615 1058 1677 Literna

135 1708 439 1782 recrementum,
475 1698 572 1778 quod
605 1710 665 1761 est
686 1702 770 1781 lpse
794 1700 973 1761 Christus
996 1699 1055 1760 Jo-

134 1793 198 1839 sus
251 1780 310 1842 Sia.
335 1782 400 1844 Col.
421 1786 454 1845 l:
478 1782 580 1842 Voluit
598 1783 679 1843 Deus
701 1790 791 1842 notas
812 1782 917 1843 faeere
937 1782 1059 1842 divitias

133 1863 251 1942 glorios
272 1864 371 1939 huius,
394 1865 478 1944 puori
498 1873 544 1924 est
567 1865 704 1926 clusus
727 1868 756 1925 in
781 1865 878 1943 vobis,
900 1882 971 1944 spes
994 1865 1060 1943 glo'·v

132 1947 211 2022 rias3
235 1955 266 2006 et
289 1953 315 2008 t⁶
337 1949 467 2011 Timotl.
487 1951 521 2012 3:
552 1949 592 2010 [lt
609 1949 923 2028 manilestemagnnm
937 1948 1059 2027 pletatis

135 2036 360 2090 sacromentum
383 2037 446 2108 eet,
473 2031 555 2111 quod
586 2032 810 2095 manifestatum
834 2032 930 2093 estin
955 2048 1057 2108 earne,

132 2112 328 2172 iustificatum
352 2115 450 2173 estin
474 2114 599 2193 spiritu,
622 2115 763 2194 apparuit
785 2114 918 2194 angelis,
941 2110 1059 2192 praedi·

134 2203 236 2254 satum
258 2201 306 2255 est
328 2196 485 2275 gentibus,
519 2197 666 2256 ereditum
689 2203 736 2256 est
758 2197 888 2272 mundo,
916 2204 1057 2273 assump-

133 2283 195 2336 tum
220 2284 267 2337 est
296 2279 327 2336 in
361 2279 474 2359 gloria3
507 2278 619 2358 Ephes.
638 2282 675 2344 3:
709 2278 860 2354 Quoniam
890 2279 1058 2338 seeundum

132 2359 352 2420 revelationem
375 2363 558 2421 testum-est
587 2362 659 2421 milri
688 2369 793 2421 notum
815 2368 1058 2436 sacramentum

133 2448 164 2502 et
184 2436 279 2502 inita:
303 2442 390 2518 Quae
411 2445 450 2503 sit
471 2443 658 2523 dispensatio
680 2445 863 2504 sacramenti
887 2443 1058 2503 abseoutliti

133 2541 151 2584 a
173 2525 287 2586 neentis
308 2527 337 2584 in
352 2527 429 2605 Deo,
452 2528 502 2605 qui
522 2528 635 2587 meavit
650 2527 770 2604 omnia3
792 2525 927 2585 eiusdem
942 2527 1057 2605 primos

134 2607 176 2668 Ut
195 2615 302 2668 notum
317 2609 405 2669 nobis
421 2609 536 2669 timeret
558 2616 782 2670 saoramentum
805 2608 970 2668 voluntatis
984 2620 1058 2667 suae

132 2697 189 2750 eta.
218 2690 337 2750 Eodem
350 2704 439 2751 versu
450 2698 481 2751 et
492 2690 611 2752 Tobiae
623 2694 671 2756 12.
685 2691 811 2751 dieitur:
826 2688 1057 2750 Sacramentum

132 2774 214 2852 regis
225 2773 416 2834 abseentlere
427 2775 541 2835 bonum
553 2783 608 2835 est.
632 2775 670 2834 Fit
682 2773 860 2836 Daniells2:
884 2772 924 2833 Ut
934 2770 1059 2852 quaere·

133 2857 446 2918 rentmiserioordiarii
456 2857 512 2917 Dei
521 2856 600 2917 eoeli
611 2873 704 2936 super
714 2862 907 2917 eaeramento
919 2856 988 2932 isto,
1002 2855 1020 2916 l.
1030 2868 1057 2915 e.

133 2945 264 2999 seorsis:
307 2939 358 3000 Sia
380 2939 490 3003 Paalm.
504 2941 560 3002 94:
583 2939 817 2999 Firmamentum
841 2946 887 2998 est
908 2938 1058 2998 Dominus

131 3022 307 3082 timentibus
338 3036 415 3082 eum.
468 3023 617 3082 Hebraiue
653 3022 790 3082 dieitur:·
809 3020 967 3082 Seeretum
999 3020 1058 3080 Do·

134 3106 233 3165 minus
268 3104 444 3167 timentibus
477 3125 557 3166 eum.
612 3104 651 3165 tut
686 3104 812 3164 omnino
843 3103 980 3165 Christus
1014 3109 1059 3165 est

133 3195 357 3248 saerementum
385 3194 523 3248 nostrum
556 3206 573 3248 a
597 3188 664 3248 Deo
692 3185 781 3247 uobis
809 3186 993 3264 revelatum,
1026 3192 1060 3244 ut

132 3269 221 3329 Rom.
243 3269 366 3330 ultimo:
400 3270 575 3332 Secundum
598 3269 967 3349 revelationemmysterii
984 3276 1058 3328 tem·-

133 3352 258 3431 peribua
292 3355 424 3413 aeternis
445 3355 544 3426 taeiti,
578 3353 661 3433 quod
689 3370 771 3412 nuno
803 3352 989 3431 patelaetum
1010 3358 1059 3410 est

137 3452 191 3514 per
213 3437 379 3515 seripturss
400 3435 620 3516 prophetarum
638 3443 695 3500 ete,
719 3436 835 3515 cogniti
856 3435 912 3494 soli
927 3434 1059 3514 sapienti

135 3517 201 3577 Deo
224 3527 284 3579 eto.
329 3517 431 3594 Quare
455 3519 563 3579 rosels
584 3519 639 3579 Dei
671 3518 860 3598 dispensatio
883 3515 1004 3596 quidam
1028 3521 1059 3574 et

133 3600 280 3661 revelatio
302 3609 351 3661 est
371 3601 459 3661 huius
471 3602 664 3677 saeromenti,
687 3609 820 3661 osterum
835 3601 935 3679 ipsum
958 3610 1061 3658 saere-

137 3691 271 3752 menlum
282 3683 421 3753 obustus
436 3678 504 3745 sola
524 3682 586 3744 lide
596 3683 845 3767 apprehenditur,
866 3681 947 3742 unde
968 3693 1057 3742 suum
