2392 4170
136 248 199 321 tos
488 254 533 312 Da
550 254 716 328 mgnum

190 428 412 491 Antithesis
442 429 617 512 decalogi
639 430 784 492 christi
805 438 844 491 et
865 428 1003 510 Papae.

219 596 329 658 Parum
351 617 426 659 vero
449 606 495 659 est
514 597 738 660 abominationi
768 598 855 661 huic.
890 597 1057 661 Christum.

136 678 350 762 &angelium
371 681 463 742 tidem
496 683 733 762 universumque
754 680 961 743 sacerdotium
990 680 1058 739 eius

135 763 321 844 abolevisse,
343 785 466 825 manum
489 766 568 826 ultra
588 766 755 846 portendit.
778 772 809 825 et
828 764 948 825 invadit
961 765 1056 823 etiam

135 856 222 909 vetus
243 848 459 927 sacerdotium,
479 869 634 910 evacuans
655 860 685 910 et
709 850 808 929 legem
835 849 924 923 licei,
946 847 1058 908 erectis

135 931 289 994 inlocum
312 934 378 993 eius
410 935 499 993 noma
527 935 685 1014 principiis
717 933 800 994 odei.
850 931 1056 993 Consentiunt

134 1015 164 1077 ei
185 1017 215 1076 in
237 1016 300 1077 boc
320 1023 351 1076 et
372 1016 549 1077 fidelissime
571 1026 778 1097 cooperantur
792 1016 970 1076 meretrices
982 1013 1057 1075 illae

134 1099 375 1179 procacissimae
395 1108 426 1160 et
446 1100 730 1180 impudentissimae
759 1100 935 1160 Facultates
955 1098 1057 1159 'l'heo-
1104 1138 1109 1149 ·

135 1181 252 1261 logiae,
279 1183 473 1259 Parisieusis,
500 1183 720 1259 lovaniensia,
754 1184 950 1245 coloniensis
984 1201 1054 1242 cum

135 1267 198 1327 suis
220 1266 399 1346 Sororibus,
423 1287 558 1329 errorum
580 1268 729 1330 matribus
750 1275 782 1328 et
808 1265 954 1328 fontibus.
1002 1266 1055 1325 Vi·

134 1349 261 1411 (leamus
284 1370 398 1411 novum
420 1351 505 1411 illum
528 1351 710 1432 decalogum
733 1352 934 1429 Papiatarum,
958 1356 990 1409 et
1012 1351 1053 1409 iu·

134 1434 284 1513 cipiamus
316 1455 334 1495 a
367 1436 543 1495 novissimis
576 1444 607 1498 et
639 1435 841 1496 crassioribus
866 1433 1053 1514 praeceptis.

135 1516 237 1578 bloses
262 1517 349 1579 dicit:
391 1519 461 1579 Nou
493 1521 712 1603 concupisces,
743 1525 777 1577 ut
799 1519 908 1598 repetit
940 1516 1055 1577 Paulus

133 1600 294 1665 Romal.
336 1601 594 1681 Concupiscentia
617 1622 691 1684 ergo
718 1610 878 1680 peccatum
912 1606 975 1680 est,
1011 1601 1056 1660 sic

133 1682 227 1747 babet
246 1685 325 1746 Moci
346 1686 528 1766 principium
551 1695 583 1749 et
604 1687 657 1747 lex
680 1685 792 1746 diviua.

215 1768 331 1829 Contra
364 1770 546 1849 principium
580 1770 652 1831 fidei
683 1769 863 1829 Parisienais
896 1774 927 1828 et
958 1766 1055 1827 Lura·

132 1852 248 1913 niensis
269 1850 476 1915 Sodomamm
498 1872 567 1913 cum
597 1873 652 1915 suo
675 1853 761 1932 Papa
789 1860 837 1913 est
864 1853 939 1913 hoc:
974 1849 1055 1910 (lou-

132 1937 321 2017 cupiscentia
342 1956 403 1996 uon
427 1944 474 1997 est
495 1945 667 2016 peccatum,
690 1936 745 1996 sed
775 1955 878 2016 poena
910 1942 940 1994 et
973 1933 1054 1994 intir-

131 2020 238 2096 mitas,
264 2026 386 2080 etcum
410 2038 481 2080 caro
509 2021 701 2102 concupiscit
726 2020 873 2080 adversus
904 2018 1055 2097 spiritum,

132 2122 194 2163 uon
218 2106 266 2163 est
283 2110 454 2182 peccatum.
504 2103 589 2165 Licet
620 2123 694 2184 ergo
729 2102 896 2163 secuudum
928 2099 1055 2161 decalo-

132 2205 204 2267 gum
237 2185 340 2264 Papae
368 2188 551 2246 sanctissimi
580 2189 805 2247 sanctissimum
835 2186 1055 2266 concupiscere

133 2270 198 2345 siue
220 2276 367 2348 peccato,
399 2278 430 2329 et
451 2270 553 2330 Moses
576 2272 720 2331 mentitus
743 2279 789 2329 est
824 2270 941 2329 diceus:
984 2267 1054 2329 Non

132 2352 345 2431 concupisces,
368 2358 399 2412 et
421 2372 539 2425 omnes,
562 2356 704 2433 quicum
727 2354 813 2413 llose
832 2357 1003 2429 senserunt,
1026 2357 1056 2411 et

132 2435 193 2515 ille,
216 2435 265 2514 qui
289 2436 396 2495 Mosen
421 2438 508 2496 iussit
531 2438 625 2516 loqui.
660 2438 819 2497 Evacuato
842 2443 944 2497 autem
967 2435 1055 2494 lllcse

133 2519 223 2580 simul
245 2517 384 2579 Christus
407 2528 575 2581 evacuatus
604 2526 665 2591 est,
703 2522 816 2599 quippe
850 2539 918 2579 cum
953 2519 1053 2598 gratia

132 2603 198 2663 eius
220 2621 281 2661 uon
304 2604 343 2663 sit
365 2623 443 2683 opus
465 2603 649 2665 habentibus
676 2604 758 2664 illam
782 2610 920 2663 sanctam
942 2620 1055 2662 concu-

132 2686 330 2765 piscentiam,
352 2686 504 2766 decalogo
528 2689 630 2768 Papae
657 2686 814 2746 defensam
848 2694 877 2745 et
911 2684 1055 2744 libertate

133 2768 288 2833 donatam.
333 2769 384 2830 Sic
412 2770 577 2832 Barrabam
610 2776 732 2851 oportet
765 2769 875 2830 dimitti
912 2775 943 2828 et
970 2767 1054 2828 Clui-

133 2858 212 2912 stum
235 2852 380 2933 cruciligi.

216 2935 359 2997 Secundo
382 2937 484 2997 lloses
507 2936 592 2998 dicit:
627 2937 695 2997 Non
719 2935 802 2995 dices
829 2935 938 2995 falsum
971 2934 1055 2994 testi·

133 3020 271 3081 monium
295 3018 443 3081 adversus
465 3022 639 3100 proximum
670 3027 771 3093 tuum,
804 3020 835 3078 in
867 3036 928 3096 quo
962 3036 1056 3077 omne

133 3101 326 3163 mendacium
351 3109 458 3163 contra
481 3105 653 3183 proximum
678 3102 864 3183 prohibetur.

215 3186 390 3268 Decalogus
427 3187 529 3266 Papae
558 3187 628 3266 quid
665 3186 791 3246 statuit?
834 3185 945 3246 Omnia
977 3184 1055 3243 iura·

133 3274 246 3349 menta,
269 3276 353 3345 vota,
375 3272 537 3351 promissa,
560 3276 665 3349 pacta,
688 3269 814 3329 foedera
843 3263 989 3347 dirumpit
1017 3265 1056 3326 de

132 3351 322 3431 plenitudine
343 3355 520 3432 potestatis,
556 3355 580 3412 si
611 3372 690 3431 quae
719 3353 801 3413 facta
833 3357 904 3410 suut
932 3354 1057 3430 praetor

134 3433 180 3494 vel
204 3442 312 3494 contra
334 3437 527 3497 autoritatem
557 3437 688 3497 Romani
712 3434 883 3513 Pontibus,
918 3451 1057 3513 praescr·

133 3518 185 3576 tim
209 3520 233 3576 si
259 3525 389 3595 vergant
416 3521 446 3578 in
481 3518 710 3580 ecclesiasticae
747 3518 894 3578 libertatis
923 3522 954 3576 et
989 3535 1056 3594 per-

131 3617 230 3661 sonae
251 3620 413 3680 rerumque
436 3603 636 3681 spiritualium
660 3602 784 3681 (idest,
808 3601 958 3680 pecuniae
986 3598 1056 3659 Sar-

131 3682 373 3767 danapalorum)
398 3686 651 3747 imminutionem.
696 3684 815 3746 Deinde
837 3684 928 3744 ctiam
952 3681 1054 3742 solum

132 3766 288 3829 Pontificis
309 3769 454 3830 scrinium
478 3771 611 3850 pectoris
633 3770 834 3851 propriusque
855 3772 956 3829 motus
973 3763 1056 3826 suill-
