2392 4170
360 272 366 279 ’
451 255 532 325 noct.
551 267 629 325 narr.
643 256 738 326 'nuth.·
992 242 1055 333 ‘265

134 443 240 521 credit,
262 442 323 507 iam
336 444 488 507 iudicatus
510 450 566 520 est,
589 445 662 525 quia
682 463 744 506 nou
760 442 856 506 credit
877 442 908 504 in
930 441 1064 504 nomina¹

133 528 281 607 unigeniti
304 528 370 592 Filii
392 528 463 592 Dei.
508 528 647 610 Deque,
669 546 770 610 rogo,
797 526 858 589 fide
884 526 935 589 hic
955 525 1055 607 loqui·

134 613 208 675 tur?
229 613 344 686 infusa,
367 612 525 694 acquisita,
548 613 685 695 generali
712 618 771 676 etc.
796 611 908 673 Nonne
938 611 977 671 da
1008 630 1055 689 ea,

133 716 213 778 quae
241 697 399 759 vivificat?
426 698 493 758 siue
522 716 583 777 qua
605 698 656 777 qui
687 697 787 769 tuerit,
813 697 874 757 iam
905 694 1056 756 iudicatus

134 787 190 843 est.
233 780 275 842 Et
294 781 419 844 iterum:
449 781 507 858 Qui
530 800 592 843 non
622 780 717 842 credit
740 779 835 858 Filio,
856 798 919 840 non
941 777 1058 839 videbit

74 871 81 882 ’
133 866 239 943 vitam,
262 864 317 926 sed
339 866 385 926 ira
405 866 463 926 Dei
488 873 590 926 manet
613 882 705 945 super
725 865 836 946 ipsum.
870 863 911 923 At
931 864 977 922 ira
997 861 1065 922 Dei'

94 969 96 974 ’
132 968 194 1011 non
217 954 321 1010 manet
355 969 447 1028 super
468 967 540 1030 eos,
563 950 699 1029 quinon
732 952 873 1031 peccant.
916 945 948 1008 si
982 962 1056 1026 ergo

134 1051 231 1115 opera
252 1040 339 1094 extra
360 1031 451 1094 fidem
474 1039 603 1113 peccata
625 1051 686 1094 non
708 1037 793 1109 sunt,
821 1036 923 1092 cessat
942 1030 987 1090 ira
1009 1048 1057 1090 su·

132 1135 187 1197 per
210 1122 389 1198 operantem
413 1116 507 1195 talia,
541 1122 571 1177 et
598 1134 654 1199 per
684 1135 779 1196 opera
801 1120 918 1176 avertet
938 1114 1014 1175 iram
1039 1132 1058 1174 a

131 1219 176 1277 se,
199 1199 314 1344 ut?flde
335 1219 397 1261 non
421 1203 460 1262 sit
481 1219 577 1282 opus,
597 1218 658 1281 quo
676 1199 753 1281 'quid
776 1204 822 1259 est
842 1196 1055 1278 blasphemum

131 1302 181 1344 ma
214 1302 229 1345 s
458 1329 460 1334 .
697 1334 699 1339 .

183 1303 305 1429 glPetra
335 1386 410 1447 argo
431 1373 536 1429 nostra
558 1366 645 1428 firma
667 1367 835 1440 invenitur,
860 1372 891 1427 et
913 1363 1056 1445 dispulsis

135 1450 266 1512 nubibus
288 1451 472 1531 principium
493 1449 641 1531 perfidiae
660 1451 781 1512 illorum
805 1447 962 1512 subvertit.
991 1446 1058 1510 stat
1111 1485 1113 1489 ·

135 1554 258 1616 quoque
281 1535 392 1596 Paulus
421 1536 638 1597 inconcussus:
683 1534 783 1597 Omne
809 1532 891 1613 quod
921 1551 982 1593 non
1012 1535 1058 1592 est

134 1639 173 1680 ex
195 1617 272 1698 fide,
308 1625 470 1699 peccatum
494 1625 549 1679 est.
592 1617 781 1695 Noouantai,
804 1616 888 1697 quod
905 1616 1058 1676 sententia

132 1701 192 1763 illis
224 1702 299 1764 dura
339 1702 486 1766 videatur.
528 1701 612 1762 Dura
645 1702 700 1763 fuit
728 1721 811 1763 mors
840 1707 871 1762 et
892 1699 1013 1761 Christo
1028 1696 1056 1776 ¹)

132 1805 188 1867 pro
212 1785 300 1846 uobis
323 1792 476 1867 suscepta,
501 1804 644 1865 magnum
678 1786 734 1847 tuit
753 1785 861 1846 Filium
883 1784 940 1844 Dei
958 1784 1055 1844 incar·

132 1870 196 1931 nari
220 1876 252 1931 et
273 1869 336 1931 dari
358 1888 414 1946 pro
442 1868 546 1942 nobis,
575 1868 671 1929 nihilo
694 1875 796 1930 tamen
819 1869 919 1928 minus
941 1867 1068 1927 tactum

133 1953 295 2016 oredimus.
338 1953 408 2015 Non
431 1959 556 2035 oportet
575 1953 663 2031 sequi
683 1954 713 2013 in
737 1951 828 2014 rebus
839 1952 895 2013 Dei
917 1957 1054 2011 nostrum

133 2036 287 2117 iudicium,
310 2056 369 2098 neo
391 2037 518 2099 definire
535 2033 708 2098 ‘secundum
722 2036 804 2117 quod
827 2041 933 2096 nostro
951 2033 1054 2094 sensui

134 2120 248 2200 aliquid
272 2119 392 2198 durum3
414 2120 523 2195 molle,
545 2138 653 2200 grove,
676 2120 758 2191 leve,
781 2119 907 2193 bonum,
931 2117 1070 2195 muham,¹

133 2206 256 2278 iustum,
278 2203 423 2264 iniustum
439 2204 567 2268 videtur.
609 2203 679 2265 Non
692 2203 788 2265 iacies
813 2201 929 2282 (inquit
942 2200 1054 2264 Dente.

136 2288 217 2360 12),
239 2284 321 2364 quod
344 2285 398 2346 tibi
419 2293 535 2348 rectum
559 2286 694 2366 videtur,
715 2288 795 2348 sicut
815 2287 932 2347 iaciunt
952 2291 1054 2345 tamen

133 2368 334 2449 impiissimae
351 2368 525 2430 Facultates
548 2368 743 2451 Schotamm,
766 2371 870 2431 omnia
893 2369 996 2430 divina
1016 2366 1056 2446 ad

134 2452 260 2514 humani
283 2469 391 2512 seusus
419 2451 565 2513 iudicium
589 2453 786 2514 aestimantes
815 2456 848 2514 et
870 2472 925 2532 pro
958 2452 1054 2532 petris

134 2536 205 2597 fidei
230 2554 340 2596 arenas
370 2541 401 2596 et
420 2534 549 2616 paludes
578 2533 724 2613 perfidiae
752 2555 826 2596 suae
853 2536 883 2596 in
906 2535 1057 2614 principia

134 2618 205 2680 fidei
229 2618 428 2703 collocantes.
472 2617 533 2681 sed
561 2616 601 2678 ad
623 2618 718 2679 verba
743 2617 814 2679 fldei
836 2616 987 2696 aptandus
1010 2622 1057 2678 est

135 2708 240 2763 noster
262 2721 388 2783 sensus,
419 2699 683 2783 captivandusque
709 2700 884 2762 intellectus
911 2701 941 2760 in
965 2699 1055 2760 obso-

136 2787 240 2867 quium
263 2785 383 2848 Christi.
426 2785 459 2847 Id
488 2784 572 2865 quod
594 2803 655 2847 non
678 2784 752 2846 iecit
771 2783 1057 2864 impudentissimae

135 2870 242 2931 ironiis
264 2875 296 2929 et
316 2869 499 2950 prostitutae
533 2870 594 2930 iam
621 2868 694 2931 olim
723 2867 890 2949 pudicitiae
913 2866 1058 2928 meretrix

136 2953 332 3033 Parisiensis,
369 2972 448 3034 quae
481 2971 580 3029 nuper
612 2971 690 3013 ausa
710 2958 758 3014 est
779 2951 939 3012 divaricari
962 2949 1057 3030 pedes

136 3055 219 3116 snos,
244 3042 274 3097 et
286 3037 342 3097 toti
365 3035 431 3099 orbi
443 3034 662 3117 turpitudinem
685 3055 771 3098 suam
783 3034 1056 3096 obscoenissimum

137 3119 222 3181 disco
246 3120 366 3200 operire
387 3128 418 3181 et
439 3118 557 3181 dicere:
599 3117 714 3199 Legem
737 3118 776 3180 de
797 3138 859 3181 non
872 3115 1057 3178 vindicando

136 3202 206 3264 ideo
230 3203 349 3264 censeri
372 3202 533 3264 consilium
556 3202 684 3278 debere,
721 3221 782 3263 non
806 3202 877 3281 quia
898 3200 928 3262 id
951 3218 1059 3261 sacras
1134 3205 1137 3210 “

136 3287 243 3347 literae
269 3285 431 3363 docerent,
458 3285 511 3347 sed
540 3287 612 3366 qnia
641 3286 791 3346 humanus
821 3304 929 3345 sensus
953 3283 1057 3362 dictat,
1120 3322 1123 3329 -

135 3370 196 3432 hoc
219 3388 288 3430 esse
310 3370 499 3431 onerativum
522 3369 814 3449 tegisObristianae.
856 3367 973 3428 Eadem
992 3368 1057 3448 pie·

136 3452 338 3527 medicant,
369 3453 520 3514 infernum
544 3472 606 3514 non
629 3470 708 3528 esse,
731 3452 784 3513 sed
808 3451 916 3522 minari
939 3457 1056 3512 tautum

136 3536 320 3617 Scripturas,
344 3535 426 3616 quod
449 3552 557 3597 sensns
579 3534 736 3597 humanus
754 3533 933 3606 abhorreat,
964 3552 1057 3595 unum

135 3621 290 3681 hominem
323 3625 472 3699 perpetuo
502 3619 643 3695 cruciari,
677 3636 739 3699 quo
772 3637 864 3679 sensu
893 3616 1058 3698 Origenem

208 3802 289 3874 1)1n
307 3801 372 3860 odit
391 3800 497 3874 priore:
516 3799 570 3858 tuit
588 3806 617 3859 st
635 3815 710 3858 mors
729 3777 849 3857 Christo
