2392 4170
188 268 232 343 44
406 276 609 335 Condemnatio
625 275 771 333 Linrorunr
788 276 825 332 D.
842 276 929 334 11„

191 448 267 525 sira,
289 447 320 509 iu
342 447 442 511 licum
463 454 495 512 et
514 451 579 511 eius
600 449 702 531 legem
725 449 916 531 blasphema,
935 466 998 511 nee
1018 448 1116 511 inten-

192 533 269 594 tioni
291 532 376 593 Pauli
399 533 576 598 conformis.

274 613 311 697 3)
322 616 427 695 Opera
438 636 640 698 quaeeunque
652 623 723 679 ante
731 618 889 679 caritatem
901 623 973 677 suut
987 623 1118 697 peecata

192 706 224 761 et
244 698 441 778 damnabilia,
463 708 495 762 et
518 702 747 782 indisponentia
767 701 807 761 ad
829 703 970 780 gmtiam.

273 783 359 844 Haec
386 784 560 865 Propositio
587 791 635 846 est
662 785 758 861 falsa,
791 785 952 846 temerarie
986 790 1116 857 asserta,

191 868 454 1012 peccatprumlab
484 868 702 931 emendatione
728 870 916 948 munatius,
939 874 970 929 et
992 869 1117 948 sapiens

213 970 354 1012 aeresrm.

274 1035 313 1105 di
336 1034 394 1111 Qui
418 1034 532 1097 bonum
555 1057 633 1117 opus
654 1035 940 1116 autpoenitentiam
963 1055 983 1094 a
1004 1053 1115 1116 pecca·

191 1124 291 1179 torum
314 1116 519 1181 detestatione
541 1127 613 1181 ante
636 1119 832 1181 dilectionem
854 1118 991 1179 iustitiae
1023 1118 1116 1198 incipi

191 1220 251 1263 nee
273 1202 303 1262 in
326 1221 365 1264 eo
389 1205 510 1283 peccari
532 1205 665 1280 asserit,
688 1204 767 1263 inter
789 1201 976 1282 Pelagianos
1010 1220 1115 1265 nume

188 1284 304 1347 raudus
325 1292 382 1347 est.

252 1369 338 1432 Haec
358 1369 533 1449 Propositio
555 1376 603 1431 est
625 1370 712 1449 iales,
736 1382 767 1430 et
787 1370 966 1450 ignoranter
987 1375 1114 1446 assem,

190 1452 341 1533 capiendo
363 1452 558 1516 dilectionem
572 1455 706 1516 institiae
719 1471 776 1533 pro
789 1472 837 1526 ea,
859 1471 939 1532 quae
955 1453 1112 1514 caritatem

190 1556 245 1598 seu
266 1538 398 1616 gratiam
420 1543 540 1618 gratum
563 1537 725 1599 facientem
747 1535 893 1616 sequitur.

272 1617 310 1699 5)
334 1619 496 1694 Oontritio,
524 1639 604 1700 quae
635 1626 760 1701 paratur
793 1639 849 1699 per
883 1617 1114 1694 discussionem,

190 1702 405 1765 collectionem
428 1711 460 1765 et
481 1704 717 1766 detestationem
734 1710 941 1782 peccatorum,
965 1722 1026 1782 qua
1048 1704 1114 1784 quis

188 1788 341 1866 recogitat
361 1806 462 1848 annos
490 1807 564 1849 suos
594 1788 625 1848 in
655 1786 859 1848 amaritudine
887 1786 1115 1866 animasum,

188 1869 391 1950 ponderando
417 1879 615 1952 peccatorum
644 1872 848 1949 gravitatem,
880 1868 1114 1950 multitudinem,

187 1952 389 2022 foeditatem,
426 1956 623 2015 amissionem
659 1960 804 2015 aeternae
835 1952 1051 2033 beatitudiuis,
1078 1972 1115 2014 ac

188 2042 333 2098 aeternae
355 2037 561 2098 damnationis
584 2038 835 2116 acquisitionem,
858 2036 955 2111 haee,
976 2038 1113 2116 iuquam,

189 2121 333 2181 contritio
363 2121 437 2180 lacit
459 2120 669 2200 hypocritam,
691 2122 754 2180 iuro
788 2120 886 2199 magis
907 2126 1112 2199 peccatorem.

271 2201 542 2283 HaccPropositio
565 2210 612 2265 est
633 2203 721 2279 falsa,
743 2203 813 2263 viae
836 2201 874 2262 ad
891 2205 1112 2281 poenitentiam

188 2284 378 2428 {lmpeditiva
400 2288 557 2367 scripturis
579 2289 674 2348 eacus
704 2292 735 2348 et
756 2286 916 2347 doctrinae
930 2284 1112 2348 Sanctorum

209 2387 217 2427 r
244 2387 347 2432 ormrs.

270 2451 308 2531 6)
332 2452 440 2533 Neque
463 2455 571 2515 timore
592 2472 693 2533 neque
715 2472 822 2514 amore
836 2457 941 2532 potest
961 2452 1056 2513 homo
1079 2472 1112 2513 se

188 2535 305 2615 erigere
326 2535 365 2596 ad
387 2537 608 2617 capessendam
631 2537 760 2616 gratiam
783 2536 851 2599 Dei.

269 2619 356 2681 Haec
372 2620 546 2700 Propositio
570 2627 617 2682 est
638 2623 668 2681 in
686 2620 747 2681 lide
770 2626 800 2680 et
823 2617 958 2679 moribus
972 2636 1111 2690 erronea,

187 2721 310 2764 omnem
360 2709 627 2784 praeparationem
674 2703 712 2764 ad
749 2702 970 2783 poenitentiam
1019 2701 1112 2781 impie

186 2786 339 2848 auferens.

268 2872 307 2944 7)
331 2867 406 2932 Siue
433 2872 532 2951 gratia
561 2872 660 2951 primo
694 2870 868 2931 remittente
899 2865 1021 2944 culpam
1056 2884 1113 2926 uec

186 2958 292 3014 votum
314 2954 503 3014 remissionis
524 2953 720 3033 quaerendae
744 2953 839 3012 homo
862 2955 968 3029 potest
989 2948 1111 3011 habere.

271 3035 356 3097 Haeo
377 3035 552 3117 Propositio
574 3037 720 3111 eccleisa,
741 3035 846 3115 impia,
867 3040 897 3093 et
913 3038 1110 3112 peccatorum

188 3117 227 3180 ad
250 3119 499 3201 desperationem
520 3119 685 3180 inductiva.

268 3201 302 3283 8)
325 3202 462 3264 Christus
485 3222 643 3283 nunquam
665 3207 845 3283 peccatores
875 3198 979 3276 coegit
1001 3198 1110 3258 timore

186 3282 224 3345 ad
247 3285 479 3364 poenitentiam.

269 3367 355 3429 Haec
375 3368 560 3449 Propositic,
585 3367 735 3448 capiendo
754 3385 866 3446 cogere
887 3382 943 3443 pro
957 3361 1111 3437 inducere,

185 3451 266 3523 sicut
304 3450 423 3530 capitur
458 3453 633 3531 frequenter
666 3452 696 3511 iu
735 3450 886 3529 scriptura
919 3461 1009 3507 sacra
1021 3491 1030 3526 ,
1066 3452 1112 3506 est

184 3533 348 3595 haeretica.
1075 3580 1084 3590 .

246 3619 305 3689 ,9)
331 3618 434 3682 Bonus
464 3624 510 3679 est
532 3618 623 3678 timor
649 3618 681 3677 et
704 3616 807 3695 utilis,
836 3613 909 3675 licet
935 3615 975 3674 sit
993 3609 1110 3673 insuffi-

185 3701 279 3779 ciens,
301 3719 355 3782 per
378 3720 467 3781 quem
496 3701 644 3782 paulatim
672 3699 705 3760 fit
746 3695 938 3760 consuetudo
969 3695 1110 3757 iustitiae.

182 3782 231 3847 De
252 3783 300 3847 his
329 3783 429 3847 verbis
458 3784 620 3867 Augustini
649 3784 786 3864 sequitur
806 3779 952 3844 indicium
974 3777 1108 3856 Luthsri,
