2392 4170
140 252 205 324 m
368 256 851 330 mnan-sun·

140 412 317 491 ussi,
347 415 436 474 erius
464 413 620 475 debebant
643 430 716 475 ease
740 417 1066 475 nmmum

140 506 173 557 et
200 496 363 556 luminaria
395 505 427 558 et
454 497 619 560 culumina.
661 497 773 558 lloune
799 499 860 557 ists
886 495 1064 557 iamthtlu

140 576 304 641 ridemns?
322 579 412 642 Unde
432 581 513 642 Petri
535 581 672 658 verbum,
692 576 1066 654 lumintasruffimm,

140 662 269 741 intelligi
290 671 425 742 oportet,
444 664 636 725 luxuriantes
657 666 768 723 vestris
788 663 917 742 opibus,
937 678 1013 739 asu,
1032 669 1067 723 at

139 745 233 807 ludas
253 746 379 820 iudicet,
401 750 508 807 vestris
531 746 724 820 canalibus,
752 748 826 825 quin
851 754 884 806 et
904 745 1016 806 rastris
1035 752 1067 806 st

140 828 230 890 sultis
252 829 420 890 abutuntur
438 831 478 890 ad
501 831 653 891 luxuriam
665 837 698 888 et
710 848 858 908 pompam
878 846 980 901 snam,
999 829 1068 889 u'aa

139 914 261 974 tinore.
303 912 383 973 liam
412 913 497 991 quud
519 913 659 974 Graeerrs
680 913 761 972 Petri
788 921 894 972 textus
919 911 1017 972 babet
1034 912 1067 972 ia

141 994 297 1057 menbra
317 998 391 1068 suis,
413 997 499 1076 quud
520 1004 628 1057 uester
637 995 747 1066 reddit,
767 996 800 1054 iu
819 995 972 1055 conviviis
991 994 1068 1072 d,

142 1085 219 1158 pulc
238 1078 352 1141 heau
373 1097 478 1139 errore
499 1079 612 1139 librsrii
640 1079 823 1138 metulhesiu
851 1077 1008 1138 literarum
1029 1071 1069 1143 ὦ

140 1167 216 1236 ταῖς
242 1156 391 1237 ἀπάταις
411 1158 540 1237 αὐταῖν,
567 1181 626 1242 pro
648 1181 702 1238 ec,
732 1161 815 1240 quud
842 1161 934 1222 ludas
963 1160 1068 1235 labet,

141 1237 181 1310 dr
205 1250 279 1319 ταῖς
298 1241 449 1324 tyanam
468 1241 580 1327 ὁρᾶν,
608 1243 640 1304 id
661 1251 725 1314 est,
747 1243 929 1306 caritatibus
946 1245 1067 1319 vestris,

140 1345 196 1389 sen
217 1326 385 1403 benefieiis,
407 1328 623 1409 elecmosynis.

223 1409 386 1486 Sequitur,
429 1412 540 1473 oeulos
577 1409 727 1470 hebentes
763 1409 874 1490 plenus
909 1410 1069 1471 adultaae

144 1491 312 1576 (new),
341 1512 435 1572 qnam
457 1494 576 1554 seerbis
599 1501 630 1553 et
650 1493 884 1553 vehementibus
902 1492 1006 1553 verbis
1023 1494 1069 1553 iu·

140 1577 261 1638 vehitur
281 1577 466 1657 apostolus?
487 1577 654 1637 Adulterue
667 1577 802 1636 femmae
822 1575 942 1653 oculus,
962 1575 995 1636 id
1011 1582 1070 1650 est,

140 1659 332 1720 insatiabiles
354 1662 400 1720 eis
421 1660 535 1731 tribuit,
557 1668 588 1719 et
608 1659 765 1734 videmus,
787 1678 878 1738 quum
899 1660 941 1718 sit
961 1676 1069 1719 eornm

142 1741 238 1804 libido
265 1743 483 1824 inexplebilis)
515 1751 548 1803 et
574 1742 774 1803 incessabiles
801 1741 905 1802 delicti
938 1741 989 1817 (id
1011 1749 1069 1816 eat,

142 1840 221 1905 ques
243 1840 338 1886 nemc
357 1846 376 1887 e
398 1828 534 1906 peccatis
562 1825 707 1886 cohibere
727 1827 844 1905 possit,
873 1825 946 1904 quin
974 1825 1068 1886 etism

140 1916 256 1969 nexunt
277 1927 333 1969 eos
355 1911 493 1970 censuris
514 1909 730 1987 iniquissimis,
757 1910 809 1986 qni
839 1915 1010 1987 queruntur
1031 1907 1070 1968 de

141 2008 270 2052 uxorem
292 1991 525 2072 tutilliurum2)
550 2010 672 2051 suerum
685 1992 814 2068 stupris3
835 1992 965 2070 pervim
987 1990 1069 2051 enim

141 2074 321 2150 abutuntur,
355 2075 465 2152 quibus
500 2075 667 2151 volueriut,
703 2076 784 2133 sicut
813 2072 853 2133 de
884 2072 1070 2154 Gigantibus

144 2164 216 2217 tute
238 2155 383 2216 diluvium
407 2157 486 2219 (len.
499 2161 529 2222 6.
553 2158 671 2236 legitur,
696 2175 754 2216 nec
776 2156 847 2216 licet
868 2159 912 2216 eie
926 2158 1070 2217 resistere

142 2257 202 2300 nee
221 2241 251 2299 in
277 2239 423 2300 iudicium
452 2259 580 2314 vocure,
611 2258 712 2317 neque
741 2239 970 2310 contradicere,
997 2240 1071 2319 quia

143 2322 318 2400 spirituales
340 2331 462 2384 suntet
483 2323 649 2401 exempti),
671 2321 862 2401 pellicientes
885 2323 1006 2382 suimus
1024 2324 1070 2383 lu·

142 2402 268 2465 stabiles
290 2404 423 2485 (scilieet
443 2405 586 2485 exemplo
615 2404 777 2484 pestilente
806 2406 956 2484 plurimos
979 2412 1070 2466 sttru-

142 2487 220 2547 hunt
239 2486 301 2548 lide
320 2489 490 2560 iufirmosl,
514 2507 568 2549 cor
590 2489 790 2548 exercitatum
813 2489 844 2547 in
867 2489 995 2548 uveritiu
1018 2488 1070 2548 lia·

143 2568 262 2630 benten.
289 2569 363 2652 (Vis
384 2572 497 2651 aliquid
510 2572 660 2651 insignius
684 2570 744 2630 diei
766 2572 796 2630 in
820 2571 992 2631 Romanum
1011 2570 1070 2632 cu-

142 2654 218 2713 rium
240 2662 272 2714 et
299 2656 474 2715 universum
496 2653 635 2715 clerum?
665 2652 741 2728 Quis
770 2656 851 2713 enim
883 2653 1067 2733 numeret⁸)

143 2743 241 2810 artes,
264 2754 340 2815 quus
363 2756 418 2818 pro
441 2739 569 2799 eteritis
596 2737 873 2815 excogitaverunt?
904 2738 965 2796 inm
995 2754 1069 2797 vero

143 2821 301 2881 exercitati
324 2828 395 2880 suut
416 2829 447 2881 et
467 2839 555 2881 usum
566 2819 681 2880 hubent
695 2817 871 2897 fraudandi·
879 2819 1069 2898 imponendi,

143 2901 282 2982 rapiendi
303 2903 504 2982 egregiuml)
516 2905 543 2981 ).

206 2984 429 3046 Maledictionis
443 2986 497 3046 lilii
507 2984 755 3063 derelinquentes
763 2985 843 3047 viem
852 2991 980 3055 rectum,
992 3002 1071 3046 erre·

142 3075 254 3126 verunt
274 3070 371 3128 secuti
393 3071 474 3129 vium
491 3067 615 3141 Bileum‚
636 3067 690 3126 lilii
705 3067 812 3130 Boscr.
856 3067 970 3128 Nescio
986 3086 1026 3127 un
1041 3076 1072 3127 et

145 3149 195 3208 bic
216 3149 303 3210 lucus
314 3151 436 3212 vitiatus
449 3154 497 3218 sit.
520 3151 629 3211 velen
652 3149 760 3210 Petrus
770 3150 845 3211 datu
868 3169 965 3228 opem
975 3147 1070 3211 lilium

147 3231 246 3293 soror
257 3231 348 3308 diest,
370 3252 460 3312 quem
473 3235 575 3294 licsee
591 3234 680 3294 Num.
697 3235 745 3296 22.
759 3232 853 3292 illium
867 3232 948 3294 Beer
969 3239 1072 3308 vocat,

145 3314 419 3395 uisipaterBileum
428 3317 593 3379 binominis
602 3317 701 3376 Bosor
711 3315 1071 3394 Beordictnssit,utrnm·

147 3413 207 3476 que
228 3405 323 3478 unget
334 3401 469 3481 exempli
491 3400 581 3460 huius
596 3400 741 3460 teterrimi
754 3399 957 3460 atrocitatem.
991 3398 1070 3459 llam

201 3614 233 3681 1)
254 3614 425 3671 lued.Jen.:
447 3618 610 3671 Deusbone.
637 3616 668 3678 2)
690 3616 807 3670 Ibidem:
824 3616 1019 3685 quiqueerunt
1037 3618 1072 3674 de

146 3702 266 3741 uxorum
286 3694 314 3741 et
331 3688 512 3743 tiliarumete.
550 3690 581 3751 3)
603 3687 721 3743 Ibidem:
741 3691 878 3741 numerat.
898 3687 930 3754 4)
949 3690 1069 3749 ibidem:

54 3759 297 3926 A„
