<?xml version="1.0" encoding="UTF-8"?>
<!DOCTYPE html PUBLIC "-//W3C//DTD XHTML 1.0 Transitional//EN"
    "http://www.w3.org/TR/xhtml1/DTD/xhtml1-transitional.dtd">
<html xmlns="http://www.w3.org/1999/xhtml" xml:lang="en" lang="en">
 <head>
  <title>
</title>
<meta http-equiv="Content-Type" content="text/html;charset=utf-8" />
  <meta name='ocr-system' content='tesseract 3.04.00' />
  <meta name='ocr-capabilities' content='ocr_page ocr_carea ocr_par ocr_line ocrx_word'/>
</head>
<body>
  <div class='ocr_page' id='page_1' title='image "./dmartinilutheri03luthgoog_0111.png"; bbox 0 0 2392 4170; ppageno 0'>
   <div class='ocr_carea' id='block_1_1' title="bbox 131 220 821 294">
    <p class='ocr_par' dir='ltr' id='par_1_1' title="bbox 131 220 821 294">
     <span class='ocr_line' id='line_1_1' title="bbox 131 220 821 294; baseline -0.003 -14"><span class='ocrx_word' id='word_1_1' title='bbox 131 222 195 292; x_wconf 72' lang='lat' dir='ltr'>1oe</span> <span class='ocrx_word' id='word_1_2' title='bbox 403 223 447 280; x_wconf 90' lang='lat' dir='ltr'>De</span> <span class='ocrx_word' id='word_1_3' title='bbox 466 223 543 294; x_wconf 78' lang='lat' dir='ltr'>Capt.</span> <span class='ocrx_word' id='word_1_4' title='bbox 561 223 660 293; x_wconf 79' lang='lat' dir='ltr'>Babyt</span> <span class='ocrx_word' id='word_1_5' title='bbox 679 220 821 279; x_wconf 80' lang='lat' dir='ltr'>Ecclesiae</span> 
     </span>
    </p>
   </div>
   <div class='ocr_carea' id='block_1_2' title="bbox 131 377 1062 2705">
    <p class='ocr_par' dir='ltr' id='par_1_2' title="bbox 131 377 1062 1456">
     <span class='ocr_line' id='line_1_2' title="bbox 132 377 1058 461; baseline -0.005 -20"><span class='ocrx_word' id='word_1_6' title='bbox 132 379 245 441; x_wconf 81' lang='lat' dir='ltr'><strong>Nonne</strong></span> <span class='ocrx_word' id='word_1_7' title='bbox 267 379 336 440; x_wconf 83' lang='lat' dir='ltr'>talis</span> <span class='ocrx_word' id='word_1_8' title='bbox 358 386 506 461; x_wconf 84' lang='lat' dir='ltr'>tyrannus</span> <span class='ocrx_word' id='word_1_9' title='bbox 536 397 663 439; x_wconf 83' lang='lat' dir='ltr'>uxorem</span> <span class='ocrx_word' id='word_1_10' title='bbox 690 387 721 438; x_wconf 91' lang='lat' dir='ltr'>et</span> <span class='ocrx_word' id='word_1_11' title='bbox 747 377 826 439; x_wconf 82' lang='lat' dir='ltr'>filios</span> <span class='ocrx_word' id='word_1_12' title='bbox 858 384 889 438; x_wconf 94' lang='lat' dir='ltr'>et</span> <span class='ocrx_word' id='word_1_13' title='bbox 916 377 1058 437; x_wconf 87' lang='lat' dir='ltr'>maritum</span> 
     </span>
     <span class='ocr_line' id='line_1_3' title="bbox 132 458 1060 542; baseline -0.004 -17"><span class='ocrx_word' id='word_1_14' title='bbox 132 465 215 525; x_wconf 85' lang='lat' dir='ltr'>alera</span> <span class='ocrx_word' id='word_1_15' title='bbox 238 464 358 542; x_wconf 86' lang='lat' dir='ltr'>cogitur</span> <span class='ocrx_word' id='word_1_16' title='bbox 379 470 430 524; x_wconf 92' lang='lat' dir='ltr'>ant</span> <span class='ocrx_word' id='word_1_17' title='bbox 451 461 565 523; x_wconf 87' lang='lat' dir='ltr'>liberos</span> <span class='ocrx_word' id='word_1_18' title='bbox 589 460 759 522; x_wconf 80' lang='lat' dir='ltr'>dimittere?</span> <span class='ocrx_word' id='word_1_19' title='bbox 782 461 843 521; x_wconf 80' lang='lat' dir='ltr'>Cur</span> <span class='ocrx_word' id='word_1_20' title='bbox 864 478 939 541; x_wconf 85' lang='lat' dir='ltr'>ergo</span> <span class='ocrx_word' id='word_1_21' title='bbox 960 458 1060 521; x_wconf 84' lang='lat' dir='ltr'>ethic</span> 
     </span>
     <span class='ocr_line' id='line_1_4' title="bbox 131 542 1060 626; baseline -0.005 -18"><span class='ocrx_word' id='word_1_22' title='bbox 131 565 194 608; x_wconf 94' lang='lat' dir='ltr'>non</span> <span class='ocrx_word' id='word_1_23' title='bbox 216 548 259 607; x_wconf 86' lang='lat' dir='ltr'>ita</span> <span class='ocrx_word' id='word_1_24' title='bbox 280 545 355 607; x_wconf 79' lang='lat' dir='ltr'>flat?</span> <span class='ocrx_word' id='word_1_25' title='bbox 386 547 432 606; x_wconf 89' lang='lat' dir='ltr'>lta</span> <span class='ocrx_word' id='word_1_26' title='bbox 454 564 513 626; x_wconf 85' lang='lat' dir='ltr'>ego</span> <span class='ocrx_word' id='word_1_27' title='bbox 541 546 686 624; x_wconf 78' lang='lat' dir='ltr'>arbitror,</span> <span class='ocrx_word' id='word_1_28' title='bbox 723 545 819 604; x_wconf 90' lang='lat' dir='ltr'>virum</span> <span class='ocrx_word' id='word_1_29' title='bbox 847 544 960 604; x_wconf 88' lang='lat' dir='ltr'>debera</span> <span class='ocrx_word' id='word_1_30' title='bbox 987 542 1060 624; x_wconf 79' lang='lat' dir='ltr'>cogi</span> 
     </span>
     <span class='ocr_line' id='line_1_5' title="bbox 132 626 1059 691; baseline -0.001 -1"><span class='ocrx_word' id='word_1_31' title='bbox 132 630 245 691; x_wconf 88' lang='lat' dir='ltr'>autad</span> <span class='ocrx_word' id='word_1_32' title='bbox 268 629 430 690; x_wconf 87' lang='lat' dir='ltr'>divortium</span> <span class='ocrx_word' id='word_1_33' title='bbox 451 639 504 690; x_wconf 86' lang='lat' dir='ltr'>sut</span> <span class='ocrx_word' id='word_1_34' title='bbox 527 629 565 688; x_wconf 88' lang='lat' dir='ltr'>ad</span> <span class='ocrx_word' id='word_1_35' title='bbox 589 629 719 689; x_wconf 82' lang='lat' dir='ltr'>alienum</span> <span class='ocrx_word' id='word_1_36' title='bbox 743 628 886 688; x_wconf 84' lang='lat' dir='ltr'>heredem</span> <span class='ocrx_word' id='word_1_37' title='bbox 903 626 1059 689; x_wconf 83' lang='lat' dir='ltr'>alendum.</span> 
     </span>
     <span class='ocr_line' id='line_1_6' title="bbox 133 711 1059 791; baseline -0.003 -17"><span class='ocrx_word' id='word_1_38' title='bbox 133 712 185 774; x_wconf 78' lang='lat' dir='ltr'>sie</span> <span class='ocrx_word' id='word_1_39' title='bbox 206 713 318 773; x_wconf 89' lang='lat' dir='ltr'>caritas</span> <span class='ocrx_word' id='word_1_40' title='bbox 339 713 488 773; x_wconf 90' lang='lat' dir='ltr'>iudicabit</span> <span class='ocrx_word' id='word_1_41' title='bbox 509 713 575 772; x_wconf 88' lang='lat' dir='ltr'>sine</span> <span class='ocrx_word' id='word_1_42' title='bbox 597 712 701 773; x_wconf 91' lang='lat' dir='ltr'>dubio.</span> <span class='ocrx_word' id='word_1_43' title='bbox 744 711 777 771; x_wconf 93' lang='lat' dir='ltr'>ln</span> <span class='ocrx_word' id='word_1_44' title='bbox 801 729 861 791; x_wconf 91' lang='lat' dir='ltr'>quo</span> <span class='ocrx_word' id='word_1_45' title='bbox 885 729 959 771; x_wconf 84' lang='lat' dir='ltr'>casu</span> <span class='ocrx_word' id='word_1_46' title='bbox 984 726 1059 771; x_wconf 85' lang='lat' dir='ltr'>uxo·</span> 
     </span>
     <span class='ocr_line' id='line_1_7' title="bbox 132 795 1061 873; baseline -0.001 -17"><span class='ocrx_word' id='word_1_47' title='bbox 132 797 173 856; x_wconf 90' lang='lat' dir='ltr'>ris</span> <span class='ocrx_word' id='word_1_48' title='bbox 195 795 339 857; x_wconf 79' lang='lat' dir='ltr'>heredem</span> <span class='ocrx_word' id='word_1_49' title='bbox 360 815 421 857; x_wconf 92' lang='lat' dir='ltr'>non</span> <span class='ocrx_word' id='word_1_50' title='bbox 446 796 507 857; x_wconf 90' lang='lat' dir='ltr'>alio</span> <span class='ocrx_word' id='word_1_51' title='bbox 535 795 647 857; x_wconf 81' lang='lat' dir='ltr'>affectu</span> <span class='ocrx_word' id='word_1_52' title='bbox 669 795 732 855; x_wconf 79' lang='lat' dir='ltr'>atet</span> <span class='ocrx_word' id='word_1_53' title='bbox 756 796 911 873; x_wconf 87' lang='lat' dir='ltr'>impotens</span> <span class='ocrx_word' id='word_1_54' title='bbox 938 795 1002 854; x_wconf 88' lang='lat' dir='ltr'>iam</span> <span class='ocrx_word' id='word_1_55' title='bbox 1028 800 1061 855; x_wconf 79' lang='lat' dir='ltr'>ct</span> 
     </span>
     <span class='ocr_line' id='line_1_8' title="bbox 132 874 1059 959; baseline -0.003 -19"><span class='ocrx_word' id='word_1_56' title='bbox 132 888 194 940; x_wconf 80' lang='lat' dir='ltr'>n&#39;on</span> <span class='ocrx_word' id='word_1_57' title='bbox 218 880 353 957; x_wconf 88' lang='lat' dir='ltr'>maritus,</span> <span class='ocrx_word' id='word_1_58' title='bbox 377 880 516 959; x_wconf 88' lang='lat' dir='ltr'>quamsi</span> <span class='ocrx_word' id='word_1_59' title='bbox 539 898 668 939; x_wconf 86' lang='lat' dir='ltr'>uxorem</span> <span class='ocrx_word' id='word_1_60' title='bbox 686 886 899 957; x_wconf 78' lang='lat' dir='ltr'>aegrotantem</span> <span class='ocrx_word' id='word_1_61' title='bbox 922 885 975 937; x_wconf 88' lang='lat' dir='ltr'>aut</span> <span class='ocrx_word' id='word_1_62' title='bbox 996 874 1059 937; x_wconf 87' lang='lat' dir='ltr'>alio</span> 
     </span>
     <span class='ocr_line' id='line_1_9' title="bbox 133 958 1060 1041; baseline -0.002 -18"><span class='ocrx_word' id='word_1_63' title='bbox 133 961 330 1023; x_wconf 89' lang='lat' dir='ltr'>incommodo</span> <span class='ocrx_word' id='word_1_64' title='bbox 352 961 494 1022; x_wconf 86' lang='lat' dir='ltr'>affectam</span> <span class='ocrx_word' id='word_1_65' title='bbox 523 963 595 1022; x_wconf 90' lang='lat' dir='ltr'>totis</span> <span class='ocrx_word' id='word_1_66' title='bbox 618 970 648 1022; x_wconf 87' lang='lat' dir='ltr'>et</span> <span class='ocrx_word' id='word_1_67' title='bbox 670 961 814 1041; x_wconf 88' lang='lat' dir='ltr'>gravibus</span> <span class='ocrx_word' id='word_1_68' title='bbox 845 961 990 1040; x_wconf 80' lang='lat' dir='ltr'>expensis</span> <span class='ocrx_word' id='word_1_69' title='bbox 1011 958 1060 1021; x_wconf 75' lang='lat' dir='ltr'>to·¹</span> 
     </span>
     <span class='ocr_line' id='line_1_10' title="bbox 135 1042 1062 1124; baseline -0.001 -18"><span class='ocrx_word' id='word_1_70' title='bbox 135 1052 227 1108; x_wconf 90' lang='lat' dir='ltr'>veret.</span> <span class='ocrx_word' id='word_1_71' title='bbox 272 1045 334 1106; x_wconf 80' lang='lat' dir='ltr'>Sua</span> <span class='ocrx_word' id='word_1_72' title='bbox 357 1046 454 1123; x_wconf 89' lang='lat' dir='ltr'>enim,</span> <span class='ocrx_word' id='word_1_73' title='bbox 477 1063 537 1105; x_wconf 90' lang='lat' dir='ltr'>nnn</span> <span class='ocrx_word' id='word_1_74' title='bbox 561 1046 666 1105; x_wconf 85' lang='lat' dir='ltr'>uxoris</span> <span class='ocrx_word' id='word_1_75' title='bbox 689 1044 781 1124; x_wconf 87' lang='lat' dir='ltr'>culpa</span> <span class='ocrx_word' id='word_1_76' title='bbox 801 1062 839 1105; x_wconf 91' lang='lat' dir='ltr'>eo</span> <span class='ocrx_word' id='word_1_77' title='bbox 860 1042 1062 1105; x_wconf 84' lang='lat' dir='ltr'>incommodo</span> 
     </span>
     <span class='ocr_line' id='line_1_11' title="bbox 133 1125 1060 1208; baseline -0.001 -20"><span class='ocrx_word' id='word_1_78' title='bbox 133 1129 252 1189; x_wconf 88' lang='lat' dir='ltr'>laborat</span> <span class='ocrx_word' id='word_1_79' title='bbox 274 1146 362 1190; x_wconf 84' lang='lat' dir='ltr'>uxor.</span> <span class='ocrx_word' id='word_1_80' title='bbox 404 1128 491 1189; x_wconf 90' lang='lat' dir='ltr'>Haec</span> <span class='ocrx_word' id='word_1_81' title='bbox 513 1148 569 1208; x_wconf 92' lang='lat' dir='ltr'>pro</span> <span class='ocrx_word' id='word_1_82' title='bbox 593 1148 663 1188; x_wconf 89' lang='lat' dir='ltr'>mea</span> <span class='ocrx_word' id='word_1_83' title='bbox 690 1127 768 1187; x_wconf 85' lang='lat' dir='ltr'>virili</span> <span class='ocrx_word' id='word_1_84' title='bbox 790 1127 828 1187; x_wconf 90' lang='lat' dir='ltr'>ad</span> <span class='ocrx_word' id='word_1_85' title='bbox 850 1125 1060 1187; x_wconf 78' lang='lat' dir='ltr'>informandae</span> 
     </span>
     <span class='ocr_line' id='line_1_12' title="bbox 133 1207 1059 1292; baseline 0 -21"><span class='ocrx_word' id='word_1_86' title='bbox 133 1213 337 1272; x_wconf 83' lang='lat' dir='ltr'>conscientias</span> <span class='ocrx_word' id='word_1_87' title='bbox 365 1212 562 1292; x_wconf 84' lang='lat' dir='ltr'>scrupulosas</span> <span class='ocrx_word' id='word_1_88' title='bbox 590 1211 760 1292; x_wconf 80' lang='lat' dir='ltr'>retulerim,</span> <span class='ocrx_word' id='word_1_89' title='bbox 788 1211 914 1291; x_wconf 85' lang='lat' dir='ltr'>cupiens</span> <span class='ocrx_word' id='word_1_90' title='bbox 937 1207 1059 1271; x_wconf 79' lang='lat' dir='ltr'>afflictis</span> 
     </span>
     <span class='ocr_line' id='line_1_13' title="bbox 133 1292 1058 1375; baseline -0.001 -21"><span class='ocrx_word' id='word_1_91' title='bbox 133 1296 210 1356; x_wconf 87' lang='lat' dir='ltr'>meis</span> <span class='ocrx_word' id='word_1_92' title='bbox 231 1292 373 1355; x_wconf 78' lang='lat' dir='ltr'>tratribus</span> <span class='ocrx_word' id='word_1_93' title='bbox 394 1296 424 1355; x_wconf 94' lang='lat' dir='ltr'>in</span> <span class='ocrx_word' id='word_1_94' title='bbox 447 1296 505 1355; x_wconf 90' lang='lat' dir='ltr'>ista</span> <span class='ocrx_word' id='word_1_95' title='bbox 527 1295 704 1375; x_wconf 76' lang='lat' dir='ltr'>captivitate</span> <span class='ocrx_word' id='word_1_96' title='bbox 726 1295 930 1374; x_wconf 74' lang='lat' dir='ltr'>qualicunque</span> <span class='ocrx_word' id='word_1_97' title='bbox 944 1292 1058 1355; x_wconf 83' lang='lat' dir='ltr'>solatio</span> 
     </span>
     <span class='ocr_line' id='line_1_14' title="bbox 132 1375 365 1456; baseline 0 -18"><span class='ocrx_word' id='word_1_98' title='bbox 132 1396 312 1440; x_wconf 90' lang='lat' dir='ltr'>succurrere</span> <span class='ocrx_word' id='word_1_99' title='bbox 322 1375 365 1456; x_wconf 83' lang='lat'>¹).</span> 
     </span>
    </p>

    <p class='ocr_par' dir='ltr' id='par_1_3' title="bbox 133 1459 1062 2705">
     <span class='ocr_line' id='line_1_15' title="bbox 216 1459 1060 1541; baseline -0.004 -19"><span class='ocrx_word' id='word_1_100' title='bbox 216 1460 266 1522; x_wconf 92' lang='lat' dir='ltr'>De</span> <span class='ocrx_word' id='word_1_101' title='bbox 288 1461 419 1521; x_wconf 85' lang='lat' dir='ltr'>divortio</span> <span class='ocrx_word' id='word_1_102' title='bbox 442 1462 535 1522; x_wconf 87' lang='lat' dir='ltr'>etiam</span> <span class='ocrx_word' id='word_1_103' title='bbox 558 1469 697 1521; x_wconf 88' lang='lat' dir='ltr'>versatur</span> <span class='ocrx_word' id='word_1_104' title='bbox 718 1461 867 1541; x_wconf 89' lang='lat' dir='ltr'>quaestio,</span> <span class='ocrx_word' id='word_1_105' title='bbox 890 1479 930 1520; x_wconf 84' lang='lat' dir='ltr'>an</span> <span class='ocrx_word' id='word_1_106' title='bbox 943 1459 1060 1520; x_wconf 85' lang='lat' dir='ltr'>licitum</span> 
     </span>
     <span class='ocr_line' id='line_1_16' title="bbox 133 1542 1060 1624; baseline 0 -21"><span class='ocrx_word' id='word_1_107' title='bbox 133 1543 193 1604; x_wconf 79' lang='lat' dir='ltr'>sit?</span> <span class='ocrx_word' id='word_1_108' title='bbox 226 1544 295 1624; x_wconf 76' lang='lat' dir='ltr'>Ego</span> <span class='ocrx_word' id='word_1_109' title='bbox 329 1545 450 1623; x_wconf 90' lang='lat' dir='ltr'>quidem</span> <span class='ocrx_word' id='word_1_110' title='bbox 474 1545 608 1604; x_wconf 89' lang='lat' dir='ltr'>detestor</span> <span class='ocrx_word' id='word_1_111' title='bbox 631 1544 809 1621; x_wconf 88' lang='lat' dir='ltr'>divortium,</span> <span class='ocrx_word' id='word_1_112' title='bbox 838 1551 870 1603; x_wconf 90' lang='lat' dir='ltr'>ut</span> <span class='ocrx_word' id='word_1_113' title='bbox 893 1542 1060 1623; x_wconf 86' lang='lat' dir='ltr'>digamiam</span> 
     </span>
     <span class='ocr_line' id='line_1_17' title="bbox 134 1625 1060 1709; baseline 0 -22"><span class='ocrx_word' id='word_1_114' title='bbox 134 1628 253 1707; x_wconf 87' lang='lat' dir='ltr'>malim,</span> <span class='ocrx_word' id='word_1_115' title='bbox 281 1646 373 1706; x_wconf 88' lang='lat' dir='ltr'>quam</span> <span class='ocrx_word' id='word_1_116' title='bbox 397 1625 615 1709; x_wconf 80' lang='lat' dir='ltr'>divortium2),</span> <span class='ocrx_word' id='word_1_117' title='bbox 637 1627 691 1686; x_wconf 86' lang='lat' dir='ltr'>sed</span> <span class='ocrx_word' id='word_1_118' title='bbox 715 1647 754 1691; x_wconf 89' lang='lat' dir='ltr'>an</span> <span class='ocrx_word' id='word_1_119' title='bbox 778 1626 886 1704; x_wconf 91' lang='lat' dir='ltr'>liceat,</span> <span class='ocrx_word' id='word_1_120' title='bbox 908 1628 975 1705; x_wconf 91' lang='lat' dir='ltr'>ipse</span> <span class='ocrx_word' id='word_1_121' title='bbox 997 1642 1060 1687; x_wconf 90' lang='lat' dir='ltr'>non</span> 
     </span>
     <span class='ocr_line' id='line_1_18' title="bbox 133 1709 1058 1791; baseline -0.002 -21"><span class='ocrx_word' id='word_1_122' title='bbox 133 1709 234 1771; x_wconf 89' lang='lat' dir='ltr'>audeo</span> <span class='ocrx_word' id='word_1_123' title='bbox 262 1709 397 1773; x_wconf 85' lang='lat' dir='ltr'>definire.</span> <span class='ocrx_word' id='word_1_124' title='bbox 456 1710 593 1770; x_wconf 78' lang='lat' dir='ltr'>Christus</span> <span class='ocrx_word' id='word_1_125' title='bbox 627 1711 693 1790; x_wconf 92' lang='lat' dir='ltr'>ipse</span> <span class='ocrx_word' id='word_1_126' title='bbox 725 1711 866 1791; x_wconf 85' lang='lat' dir='ltr'>princeps</span> <span class='ocrx_word' id='word_1_127' title='bbox 900 1716 1058 1789; x_wconf 88' lang='lat' dir='ltr'>pastorum</span> 
     </span>
     <span class='ocr_line' id='line_1_19' title="bbox 133 1791 1058 1874; baseline 0 -21"><span class='ocrx_word' id='word_1_128' title='bbox 133 1793 239 1857; x_wconf 82' lang='lat' dir='ltr'>Matth.</span> <span class='ocrx_word' id='word_1_129' title='bbox 261 1798 290 1858; x_wconf 79' lang='lat'>5.</span> <span class='ocrx_word' id='word_1_130' title='bbox 313 1793 400 1857; x_wconf 87' lang='lat' dir='ltr'>dicit:</span> <span class='ocrx_word' id='word_1_131' title='bbox 424 1791 455 1854; x_wconf 81' lang='lat' dir='ltr'>Si</span> <span class='ocrx_word' id='word_1_132' title='bbox 477 1794 544 1874; x_wconf 91' lang='lat' dir='ltr'>quis</span> <span class='ocrx_word' id='word_1_133' title='bbox 568 1793 714 1853; x_wconf 80' lang='lat' dir='ltr'>dimiserit</span> <span class='ocrx_word' id='word_1_134' title='bbox 736 1812 864 1854; x_wconf 85' lang='lat' dir='ltr'>uxorem</span> <span class='ocrx_word' id='word_1_135' title='bbox 886 1810 985 1870; x_wconf 88' lang='lat' dir='ltr'>suam,</span> <span class='ocrx_word' id='word_1_136' title='bbox 1007 1810 1058 1853; x_wconf 86' lang='lat' dir='ltr'>ax·</span> 
     </span>
     <span class='ocr_line' id='line_1_20' title="bbox 134 1875 1060 1957; baseline -0.002 -20"><span class='ocrx_word' id='word_1_137' title='bbox 134 1885 225 1957; x_wconf 82' lang='lat' dir='ltr'>cepta</span> <span class='ocrx_word' id='word_1_138' title='bbox 245 1876 454 1937; x_wconf 79' lang='lat' dir='ltr'>fornicationis</span> <span class='ocrx_word' id='word_1_139' title='bbox 487 1895 598 1953; x_wconf 86' lang='lat' dir='ltr'>causa,</span> <span class='ocrx_word' id='word_1_140' title='bbox 629 1876 791 1936; x_wconf 86' lang='lat' dir='ltr'>faciteam</span> <span class='ocrx_word' id='word_1_141' title='bbox 813 1875 995 1953; x_wconf 87' lang='lat' dir='ltr'>adulterari,</span> <span class='ocrx_word' id='word_1_142' title='bbox 1028 1881 1060 1937; x_wconf 88' lang='lat' dir='ltr'>et</span> 
     </span>
     <span class='ocr_line' id='line_1_21' title="bbox 134 1957 1058 2038; baseline -0.003 -18"><span class='ocrx_word' id='word_1_143' title='bbox 134 1961 185 2038; x_wconf 92' lang='lat' dir='ltr'>qni</span> <span class='ocrx_word' id='word_1_144' title='bbox 219 1959 376 2020; x_wconf 90' lang='lat' dir='ltr'>dimissam</span> <span class='ocrx_word' id='word_1_145' title='bbox 411 1959 546 2037; x_wconf 86' lang='lat' dir='ltr'>duxerit,</span> <span class='ocrx_word' id='word_1_146' title='bbox 584 1959 744 2020; x_wconf 77' lang='lat' dir='ltr'>adulterat.</span> <span class='ocrx_word' id='word_1_147' title='bbox 801 1957 952 2019; x_wconf 79' lang='lat' dir='ltr'>Concedit</span> <span class='ocrx_word' id='word_1_148' title='bbox 983 1976 1058 2038; x_wconf 77' lang='lat' dir='ltr'>ergo</span> 
     </span>
     <span class='ocr_line' id='line_1_22' title="bbox 134 2041 1061 2104; baseline 0.001 -2"><span class='ocrx_word' id='word_1_149' title='bbox 134 2041 273 2104; x_wconf 79' lang='lat' dir='ltr'>Christus</span> <span class='ocrx_word' id='word_1_150' title='bbox 295 2043 458 2103; x_wconf 88' lang='lat' dir='ltr'>divortium</span> <span class='ocrx_word' id='word_1_151' title='bbox 480 2043 511 2102; x_wconf 91' lang='lat' dir='ltr'>in</span> <span class='ocrx_word' id='word_1_152' title='bbox 540 2061 634 2103; x_wconf 91' lang='lat' dir='ltr'>causa</span> <span class='ocrx_word' id='word_1_153' title='bbox 660 2043 869 2104; x_wconf 85' lang='lat' dir='ltr'>fornicationis</span> <span class='ocrx_word' id='word_1_154' title='bbox 900 2041 1061 2103; x_wconf 69' lang='lat' dir='ltr'>duntaxat</span> 
     </span>
     <span class='ocr_line' id='line_1_23' title="bbox 134 2124 1061 2205; baseline 0.002 -20"><span class='ocrx_word' id='word_1_155' title='bbox 134 2124 236 2201; x_wconf 79' lang='lat' dir='ltr'>Quare</span> <span class='ocrx_word' id='word_1_156' title='bbox 259 2144 361 2186; x_wconf 86' lang='lat' dir='ltr'>errare</span> <span class='ocrx_word' id='word_1_157' title='bbox 383 2144 495 2205; x_wconf 86' lang='lat' dir='ltr'>papam</span> <span class='ocrx_word' id='word_1_158' title='bbox 519 2145 645 2186; x_wconf 88' lang='lat' dir='ltr'>necesse</span> <span class='ocrx_word' id='word_1_159' title='bbox 667 2133 728 2203; x_wconf 86' lang='lat' dir='ltr'>est,</span> <span class='ocrx_word' id='word_1_160' title='bbox 752 2126 872 2204; x_wconf 89' lang='lat' dir='ltr'>quoties</span> <span class='ocrx_word' id='word_1_161' title='bbox 895 2124 1061 2187; x_wconf 84' lang='lat' dir='ltr'>divortium</span> 
     </span>
     <span class='ocr_line' id='line_1_24' title="bbox 133 2207 1061 2286; baseline 0.001 -19"><span class='ocrx_word' id='word_1_162' title='bbox 133 2208 206 2268; x_wconf 85' lang='lat' dir='ltr'>facit</span> <span class='ocrx_word' id='word_1_163' title='bbox 227 2209 419 2286; x_wconf 83' lang='lat' dir='ltr'>aliiscausis,</span> <span class='ocrx_word' id='word_1_164' title='bbox 442 2228 499 2269; x_wconf 93' lang='lat' dir='ltr'>nec</span> <span class='ocrx_word' id='word_1_165' title='bbox 523 2210 624 2269; x_wconf 90' lang='lat' dir='ltr'>statim</span> <span class='ocrx_word' id='word_1_166' title='bbox 648 2229 681 2269; x_wconf 91' lang='lat' dir='ltr'>se</span> <span class='ocrx_word' id='word_1_167' title='bbox 704 2218 798 2269; x_wconf 90' lang='lat' dir='ltr'>tutum</span> <span class='ocrx_word' id='word_1_168' title='bbox 813 2209 950 2269; x_wconf 86' lang='lat' dir='ltr'>arbitrari</span> <span class='ocrx_word' id='word_1_169' title='bbox 968 2207 1061 2269; x_wconf 82' lang='lat' dir='ltr'>debat</span> 
     </span>
     <span class='ocr_line' id='line_1_25' title="bbox 134 2290 1060 2373; baseline 0.002 -22"><span class='ocrx_word' id='word_1_170' title='bbox 134 2290 223 2372; x_wconf 84' lang='lat' dir='ltr'>ullus,</span> <span class='ocrx_word' id='word_1_171' title='bbox 248 2293 299 2371; x_wconf 90' lang='lat' dir='ltr'>qui</span> <span class='ocrx_word' id='word_1_172' title='bbox 322 2290 480 2372; x_wconf 84' lang='lat' dir='ltr'>pontificia</span> <span class='ocrx_word' id='word_1_173' title='bbox 500 2293 554 2352; x_wconf 84' lang='lat' dir='ltr'>illa</span> <span class='ocrx_word' id='word_1_174' title='bbox 576 2293 745 2353; x_wconf 87' lang='lat' dir='ltr'>temeritate</span> <span class='ocrx_word' id='word_1_175' title='bbox 767 2293 866 2352; x_wconf 87' lang='lat' dir='ltr'>verius</span> <span class='ocrx_word' id='word_1_176' title='bbox 888 2310 979 2370; x_wconf 90' lang='lat' dir='ltr'>quam</span> <span class='ocrx_word' id='word_1_177' title='bbox 1002 2300 1060 2373; x_wconf 89' lang='lat' dir='ltr'>po&#39;·</span> 
     </span>
     <span class='ocr_line' id='line_1_26' title="bbox 135 2373 1061 2454; baseline 0 -20"><span class='ocrx_word' id='word_1_178' title='bbox 135 2381 245 2435; x_wconf 89' lang='lat' dir='ltr'>testate</span> <span class='ocrx_word' id='word_1_179' title='bbox 267 2373 528 2454; x_wconf 85' lang='lat' dir='ltr'>dispensationem</span> <span class='ocrx_word' id='word_1_180' title='bbox 551 2376 724 2436; x_wconf 83' lang='lat' dir='ltr'>obtinuerit.</span> <span class='ocrx_word' id='word_1_181' title='bbox 767 2374 827 2436; x_wconf 85' lang='lat' dir='ltr'>Sed</span> <span class='ocrx_word' id='word_1_182' title='bbox 841 2376 902 2436; x_wconf 89' lang='lat' dir='ltr'>hoc</span> <span class='ocrx_word' id='word_1_183' title='bbox 926 2375 1061 2437; x_wconf 87' lang='lat' dir='ltr'>admiror</span> 
     </span>
     <span class='ocr_line' id='line_1_27' title="bbox 134 2456 1061 2540; baseline 0 -22"><span class='ocrx_word' id='word_1_184' title='bbox 134 2458 248 2536; x_wconf 83' lang='lat' dir='ltr'>magis,</span> <span class='ocrx_word' id='word_1_185' title='bbox 277 2477 331 2518; x_wconf 92' lang='lat' dir='ltr'>cur</span> <span class='ocrx_word' id='word_1_186' title='bbox 352 2459 499 2520; x_wconf 85' lang='lat' dir='ltr'>caelibem</span> <span class='ocrx_word' id='word_1_187' title='bbox 522 2478 590 2519; x_wconf 88' lang='lat' dir='ltr'>esse</span> <span class='ocrx_word' id='word_1_188' title='bbox 613 2468 727 2540; x_wconf 80' lang='lat' dir='ltr'>cogant</span> <span class='ocrx_word' id='word_1_189' title='bbox 747 2458 918 2537; x_wconf 91' lang='lat' dir='ltr'>hominem,</span> <span class='ocrx_word' id='word_1_190' title='bbox 945 2458 996 2539; x_wconf 90' lang='lat' dir='ltr'>qui</span> <span class='ocrx_word' id='word_1_191' title='bbox 1018 2456 1061 2519; x_wconf 89' lang='lat' dir='ltr'>di·</span> 
     </span>
     <span class='ocr_line' id='line_1_28' title="bbox 135 2539 1059 2623; baseline 0 -22"><span class='ocrx_word' id='word_1_192' title='bbox 135 2543 232 2601; x_wconf 84' lang='lat' dir='ltr'>vortio</span> <span class='ocrx_word' id='word_1_193' title='bbox 255 2549 414 2620; x_wconf 86' lang='lat' dir='ltr'>separatus</span> <span class='ocrx_word' id='word_1_194' title='bbox 437 2552 484 2603; x_wconf 88' lang='lat' dir='ltr'>est</span> <span class='ocrx_word' id='word_1_195' title='bbox 506 2562 524 2602; x_wconf 92' lang='lat' dir='ltr'>a</span> <span class='ocrx_word' id='word_1_196' title='bbox 547 2545 680 2623; x_wconf 83' lang='lat' dir='ltr'>coniuge</span> <span class='ocrx_word' id='word_1_197' title='bbox 702 2562 775 2622; x_wconf 90' lang='lat' dir='ltr'>sua,</span> <span class='ocrx_word' id='word_1_198' title='bbox 804 2561 862 2603; x_wconf 89' lang='lat' dir='ltr'>neo</span> <span class='ocrx_word' id='word_1_199' title='bbox 891 2543 984 2602; x_wconf 86' lang='lat' dir='ltr'>aliam</span> <span class='ocrx_word' id='word_1_200' title='bbox 1006 2539 1059 2601; x_wconf 94' lang='lat' dir='ltr'>du·</span> 
     </span>
     <span class='ocr_line' id='line_1_29' title="bbox 134 2625 1062 2705; baseline 0.001 -21"><span class='ocrx_word' id='word_1_201' title='bbox 134 2643 203 2685; x_wconf 88' lang='lat' dir='ltr'>cere</span> <span class='ocrx_word' id='word_1_202' title='bbox 225 2625 422 2705; x_wconf 84' lang='lat' dir='ltr'>permittant?</span> <span class='ocrx_word' id='word_1_203' title='bbox 450 2626 481 2687; x_wconf 82' lang='lat' dir='ltr'>si</span> <span class='ocrx_word' id='word_1_204' title='bbox 504 2627 584 2685; x_wconf 89' lang='lat' dir='ltr'>enim</span> <span class='ocrx_word' id='word_1_205' title='bbox 607 2627 744 2688; x_wconf 78' lang='lat' dir='ltr'>Christus</span> <span class='ocrx_word' id='word_1_206' title='bbox 767 2627 927 2686; x_wconf 89' lang='lat' dir='ltr'>divortium</span> <span class='ocrx_word' id='word_1_207' title='bbox 952 2642 1062 2686; x_wconf 86' lang='lat' dir='ltr'>conce-</span> 
     </span>
    </p>
   </div>
   <div class='ocr_carea' id='block_1_3' title="bbox 16 2706 1062 2789">
    <p class='ocr_par' dir='ltr' id='par_1_4' title="bbox 16 2706 1062 2789">
     <span class='ocr_line' id='line_1_30' title="bbox 16 2706 1062 2789; baseline 0.003 -23"><span class='ocrx_word' id='word_1_208' title='bbox 16 2731 19 2737; x_wconf 96' lang='lat'>·</span> <span class='ocrx_word' id='word_1_209' title='bbox 66 2775 68 2779; x_wconf 22' lang='lat'><strong><em>¹</em></strong></span> <span class='ocrx_word' id='word_1_210' title='bbox 134 2706 179 2768; x_wconf 91' lang='lat' dir='ltr'>dit</span> <span class='ocrx_word' id='word_1_211' title='bbox 196 2708 229 2768; x_wconf 89' lang='lat' dir='ltr'>in</span> <span class='ocrx_word' id='word_1_212' title='bbox 253 2726 347 2771; x_wconf 88' lang='lat' dir='ltr'>causa</span> <span class='ocrx_word' id='word_1_213' title='bbox 374 2711 601 2787; x_wconf 84' lang='lat' dir='ltr'>fornicationis,</span> <span class='ocrx_word' id='word_1_214' title='bbox 636 2719 666 2770; x_wconf 89' lang='lat' dir='ltr'>et</span> <span class='ocrx_word' id='word_1_215' title='bbox 694 2710 846 2770; x_wconf 90' lang='lat' dir='ltr'>neminem</span> <span class='ocrx_word' id='word_1_216' title='bbox 878 2710 962 2789; x_wconf 81' lang='lat' dir='ltr'>cogit</span> <span class='ocrx_word' id='word_1_217' title='bbox 991 2726 1062 2769; x_wconf 83' lang='lat' dir='ltr'>esse</span> 
     </span>
    </p>
   </div>
   <div class='ocr_carea' id='block_1_4' title="bbox 134 2792 1064 3373">
    <p class='ocr_par' dir='ltr' id='par_1_5' title="bbox 134 2792 1064 3373">
     <span class='ocr_line' id='line_1_31' title="bbox 134 2792 1061 2873; baseline 0.002 -22"><span class='ocrx_word' id='word_1_218' title='bbox 134 2792 301 2870; x_wconf 90' lang='lat' dir='ltr'>caelibem,</span> <span class='ocrx_word' id='word_1_219' title='bbox 334 2799 365 2852; x_wconf 91' lang='lat' dir='ltr'>et</span> <span class='ocrx_word' id='word_1_220' title='bbox 387 2792 498 2853; x_wconf 83' lang='lat' dir='ltr'>Paulus</span> <span class='ocrx_word' id='word_1_221' title='bbox 521 2794 619 2873; x_wconf 87' lang='lat' dir='ltr'>magis</span> <span class='ocrx_word' id='word_1_222' title='bbox 641 2793 713 2853; x_wconf 85' lang='lat' dir='ltr'>velit</span> <span class='ocrx_word' id='word_1_223' title='bbox 745 2811 801 2853; x_wconf 91' lang='lat' dir='ltr'>nos</span> <span class='ocrx_word' id='word_1_224' title='bbox 832 2792 945 2852; x_wconf 89' lang='lat' dir='ltr'>nubere</span> <span class='ocrx_word' id='word_1_225' title='bbox 968 2810 1061 2870; x_wconf 88' lang='lat' dir='ltr'>quam</span> 
     </span>
     <span class='ocr_line' id='line_1_32' title="bbox 135 2874 1062 2956; baseline 0.002 -22"><span class='ocrx_word' id='word_1_226' title='bbox 135 2875 189 2952; x_wconf 90' lang='lat' dir='ltr'>uri,</span> <span class='ocrx_word' id='word_1_227' title='bbox 211 2874 331 2935; x_wconf 86' lang='lat' dir='ltr'>videtur</span> <span class='ocrx_word' id='word_1_228' title='bbox 364 2877 490 2936; x_wconf 86' lang='lat' dir='ltr'>omnino</span> <span class='ocrx_word' id='word_1_229' title='bbox 519 2876 693 2956; x_wconf 84' lang='lat' dir='ltr'>admittere,</span> <span class='ocrx_word' id='word_1_230' title='bbox 727 2882 759 2935; x_wconf 88' lang='lat' dir='ltr'>ut</span> <span class='ocrx_word' id='word_1_231' title='bbox 792 2877 821 2935; x_wconf 89' lang='lat' dir='ltr'>in</span> <span class='ocrx_word' id='word_1_232' title='bbox 850 2877 950 2936; x_wconf 87' lang='lat' dir='ltr'>iocum</span> <span class='ocrx_word' id='word_1_233' title='bbox 974 2892 1062 2955; x_wconf 87' lang='lat' dir='ltr'>repu-</span> 
     </span>
     <span class='ocr_line' id='line_1_33' title="bbox 135 2956 1063 3038; baseline 0.003 -23"><span class='ocrx_word' id='word_1_234' title='bbox 135 2958 237 3021; x_wconf 88' lang='lat' dir='ltr'>diatae</span> <span class='ocrx_word' id='word_1_235' title='bbox 258 2959 350 3019; x_wconf 83' lang='lat' dir='ltr'>aliam</span> <span class='ocrx_word' id='word_1_236' title='bbox 380 2958 481 3020; x_wconf 89' lang='lat' dir='ltr'>ducat.</span> <span class='ocrx_word' id='word_1_237' title='bbox 525 2957 611 3035; x_wconf 79' lang='lat' dir='ltr'>Quae</span> <span class='ocrx_word' id='word_1_238' title='bbox 644 2978 707 3038; x_wconf 91' lang='lat' dir='ltr'>res,</span> <span class='ocrx_word' id='word_1_239' title='bbox 739 2960 852 3019; x_wconf 89' lang='lat' dir='ltr'>utinam</span> <span class='ocrx_word' id='word_1_240' title='bbox 882 2958 974 3038; x_wconf 87' lang='lat' dir='ltr'>plane</span> <span class='ocrx_word' id='word_1_241' title='bbox 1003 2956 1063 3019; x_wconf 81' lang='lat' dir='ltr'>dis-</span> 
     </span>
     <span class='ocr_line' id='line_1_34' title="bbox 136 3041 1064 3122; baseline 0.002 -22"><span class='ocrx_word' id='word_1_242' title='bbox 136 3060 226 3102; x_wconf 82' lang='lat' dir='ltr'>cussa</span> <span class='ocrx_word' id='word_1_243' title='bbox 249 3052 279 3101; x_wconf 95' lang='lat' dir='ltr'>et</span> <span class='ocrx_word' id='word_1_244' title='bbox 302 3052 384 3102; x_wconf 85' lang='lat' dir='ltr'>certa</span> <span class='ocrx_word' id='word_1_245' title='bbox 407 3051 498 3122; x_wconf 89' lang='lat' dir='ltr'>esset,</span> <span class='ocrx_word' id='word_1_246' title='bbox 522 3053 553 3102; x_wconf 93' lang='lat' dir='ltr'>ut</span> <span class='ocrx_word' id='word_1_247' title='bbox 575 3052 682 3122; x_wconf 86' lang='lat' dir='ltr'>posset</span> <span class='ocrx_word' id='word_1_248' title='bbox 696 3043 814 3103; x_wconf 86' lang='lat' dir='ltr'>consuli</span> <span class='ocrx_word' id='word_1_249' title='bbox 836 3041 962 3103; x_wconf 87' lang='lat' dir='ltr'>infinitis</span> <span class='ocrx_word' id='word_1_250' title='bbox 984 3043 1064 3122; x_wconf 87' lang='lat' dir='ltr'>peri·</span> 
     </span>
     <span class='ocr_line' id='line_1_35' title="bbox 137 3124 1064 3205; baseline 0.001 -20"><span class='ocrx_word' id='word_1_251' title='bbox 137 3125 212 3185; x_wconf 87' lang='lat' dir='ltr'>culis</span> <span class='ocrx_word' id='word_1_252' title='bbox 234 3143 351 3201; x_wconf 86' lang='lat' dir='ltr'>eorum,</span> <span class='ocrx_word' id='word_1_253' title='bbox 374 3126 424 3204; x_wconf 90' lang='lat' dir='ltr'>qui</span> <span class='ocrx_word' id='word_1_254' title='bbox 447 3127 513 3187; x_wconf 89' lang='lat' dir='ltr'>sine</span> <span class='ocrx_word' id='word_1_255' title='bbox 535 3126 624 3205; x_wconf 84' lang='lat' dir='ltr'>culpa</span> <span class='ocrx_word' id='word_1_256' title='bbox 648 3146 704 3185; x_wconf 89' lang='lat' dir='ltr'>sua</span> <span class='ocrx_word' id='word_1_257' title='bbox 725 3126 817 3186; x_wconf 86' lang='lat' dir='ltr'>hodie</span> <span class='ocrx_word' id='word_1_258' title='bbox 841 3124 975 3186; x_wconf 83' lang='lat' dir='ltr'>caelibes</span> <span class='ocrx_word' id='word_1_259' title='bbox 993 3142 1064 3187; x_wconf 80' lang='lat' dir='ltr'>ease</span> 
     </span>
     <span class='ocr_line' id='line_1_36' title="bbox 135 3208 1064 3288; baseline 0.001 -20"><span class='ocrx_word' id='word_1_260' title='bbox 135 3216 301 3288; x_wconf 81' lang='lat' dir='ltr'>coguntur,</span> <span class='ocrx_word' id='word_1_261' title='bbox 333 3208 394 3268; x_wconf 89' lang='lat' dir='ltr'>hoc</span> <span class='ocrx_word' id='word_1_262' title='bbox 423 3217 484 3288; x_wconf 90' lang='lat' dir='ltr'>est,</span> <span class='ocrx_word' id='word_1_263' title='bbox 517 3227 646 3288; x_wconf 90' lang='lat' dir='ltr'>quorum</span> <span class='ocrx_word' id='word_1_264' title='bbox 676 3229 788 3270; x_wconf 87' lang='lat' dir='ltr'>uxores</span> <span class='ocrx_word' id='word_1_265' title='bbox 818 3209 868 3270; x_wconf 88' lang='lat' dir='ltr'>vel</span> <span class='ocrx_word' id='word_1_266' title='bbox 889 3208 989 3269; x_wconf 89' lang='lat' dir='ltr'>mariti</span> <span class='ocrx_word' id='word_1_267' title='bbox 1010 3226 1064 3269; x_wconf 85' lang='lat' dir='ltr'>an·</span> 
     </span>
     <span class='ocr_line' id='line_1_37' title="bbox 134 3291 1064 3373; baseline 0.004 -23"><span class='ocrx_word' id='word_1_268' title='bbox 134 3291 262 3370; x_wconf 80' lang='lat' dir='ltr'>fugiunt,</span> <span class='ocrx_word' id='word_1_269' title='bbox 284 3299 315 3351; x_wconf 91' lang='lat' dir='ltr'>et</span> <span class='ocrx_word' id='word_1_270' title='bbox 336 3293 498 3372; x_wconf 83' lang='lat' dir='ltr'>coniugem</span> <span class='ocrx_word' id='word_1_271' title='bbox 519 3292 708 3373; x_wconf 89' lang='lat' dir='ltr'>relinquunt,</span> <span class='ocrx_word' id='word_1_272' title='bbox 738 3295 887 3354; x_wconf 89' lang='lat' dir='ltr'>decennio</span> <span class='ocrx_word' id='word_1_273' title='bbox 917 3292 965 3353; x_wconf 86' lang='lat' dir='ltr'>vel</span> <span class='ocrx_word' id='word_1_274' title='bbox 987 3309 1064 3354; x_wconf 89' lang='lat' dir='ltr'>nnn·</span> 
     </span>
    </p>
   </div>
   <div class='ocr_carea' id='block_1_5' title="bbox 134 3507 1064 3795">
    <p class='ocr_par' dir='ltr' id='par_1_6' title="bbox 134 3507 1064 3795">
     <span class='ocr_line' id='line_1_38' title="bbox 188 3507 1063 3574; baseline 0.003 -12"><span class='ocrx_word' id='word_1_275' title='bbox 188 3508 220 3574; x_wconf 90' lang='lat'>1)</span> <span class='ocrx_word' id='word_1_276' title='bbox 242 3509 272 3560; x_wconf 92' lang='lat' dir='ltr'>ln</span> <span class='ocrx_word' id='word_1_277' title='bbox 292 3509 334 3562; x_wconf 90' lang='lat' dir='ltr'>ed.</span> <span class='ocrx_word' id='word_1_278' title='bbox 353 3509 417 3565; x_wconf 84' lang='lat' dir='ltr'>Jen.</span> <span class='ocrx_word' id='word_1_279' title='bbox 443 3517 471 3564; x_wconf 88' lang='lat' dir='ltr'>st</span> <span class='ocrx_word' id='word_1_280' title='bbox 490 3511 599 3564; x_wconf 87' lang='lat' dir='ltr'>Witteb.</span> <span class='ocrx_word' id='word_1_281' title='bbox 620 3509 720 3562; x_wconf 88' lang='lat' dir='ltr'>desunt</span> <span class='ocrx_word' id='word_1_282' title='bbox 747 3510 831 3563; x_wconf 87' lang='lat' dir='ltr'>verba</span> <span class='ocrx_word' id='word_1_283' title='bbox 854 3509 919 3562; x_wconf 90' lang='lat' dir='ltr'>inde</span> <span class='ocrx_word' id='word_1_284' title='bbox 943 3524 973 3565; x_wconf 84' lang='lat' dir='ltr'>a:</span> <span class='ocrx_word' id='word_1_285' title='bbox 1002 3507 1063 3565; x_wconf 82' lang='lat' dir='ltr'>vi·</span> 
     </span>
     <span class='ocr_line' id='line_1_39' title="bbox 135 3580 1064 3651; baseline 0.006 -20"><span class='ocrx_word' id='word_1_286' title='bbox 135 3580 276 3634; x_wconf 87' lang='lat' dir='ltr'>dsamns</span> <span class='ocrx_word' id='word_1_287' title='bbox 295 3584 414 3651; x_wconf 88' lang='lat' dir='ltr'>itaque</span> <span class='ocrx_word' id='word_1_288' title='bbox 432 3582 472 3635; x_wconf 90' lang='lat' dir='ltr'>ds</span> <span class='ocrx_word' id='word_1_289' title='bbox 493 3584 726 3651; x_wconf 88' lang='lat' dir='ltr'>impotentia,</span> <span class='ocrx_word' id='word_1_290' title='bbox 748 3597 835 3650; x_wconf 85' lang='lat' dir='ltr'>usque</span> <span class='ocrx_word' id='word_1_291' title='bbox 855 3581 904 3638; x_wconf 82' lang='lat' dir='ltr'>ad:</span> <span class='ocrx_word' id='word_1_292' title='bbox 926 3581 1064 3637; x_wconf 80' lang='lat' dir='ltr'>solatio</span> 
     </span>
     <span class='ocr_line' id='line_1_40' title="bbox 134 3652 1064 3723; baseline 0.004 -19"><span class='ocrx_word' id='word_1_293' title='bbox 134 3668 346 3707; x_wconf 84' lang='lat' dir='ltr'>succurrere.</span> <span class='ocrx_word' id='word_1_294' title='bbox 384 3654 416 3722; x_wconf 83' lang='lat'>2)</span> <span class='ocrx_word' id='word_1_295' title='bbox 436 3653 504 3710; x_wconf 82' lang='lat' dir='ltr'>tbtd.</span> <span class='ocrx_word' id='word_1_296' title='bbox 517 3653 618 3708; x_wconf 89' lang='lat' dir='ltr'>desunt</span> <span class='ocrx_word' id='word_1_297' title='bbox 633 3652 730 3708; x_wconf 90' lang='lat' dir='ltr'>verba:</span> <span class='ocrx_word' id='word_1_298' title='bbox 752 3661 782 3706; x_wconf 93' lang='lat' dir='ltr'>nt</span> <span class='ocrx_word' id='word_1_299' title='bbox 793 3655 945 3723; x_wconf 84' lang='lat' dir='ltr'>digamiam</span> <span class='ocrx_word' id='word_1_300' title='bbox 966 3653 1064 3709; x_wconf 80' lang='lat' dir='ltr'>malint</span> 
     </span>
     <span class='ocr_line' id='line_1_41' title="bbox 135 3724 397 3795; baseline 0.011 -18"><span class='ocrx_word' id='word_1_301' title='bbox 135 3739 219 3795; x_wconf 85' lang='lat' dir='ltr'>quam</span> <span class='ocrx_word' id='word_1_302' title='bbox 239 3724 397 3780; x_wconf 75' lang='lat' dir='ltr'>divordnm.</span> 
     </span>
    </p>
   </div>
   <div class='ocr_carea' id='block_1_6' title="bbox 0 0 1205 4170">
    <p class='ocr_par' dir='ltr' id='par_1_7' title="bbox 0 0 1205 4170">
     <span class='ocr_line' id='line_1_42' title="bbox 0 0 1205 4170; baseline 0 0"><span class='ocrx_word' id='word_1_303' title='bbox 0 0 1205 4170; x_wconf 95' lang='lat' dir='ltr'> </span> 
     </span>
    </p>
   </div>
  </div>
 </body>
</html>
