2392 4170
394 320 400 325 .
445 264 576 327 ministris
594 262 739 327 acclesiae.
991 265 1054 335 495

133 440 227 521 gione
254 440 303 500 vel
332 440 565 523 superstitione,
598 446 754 520 utcunque
798 437 923 518 vulgata
949 445 981 499 et
1015 458 1054 500 ex

133 524 267 603 antiquis
290 530 419 605 accepta
441 531 472 585 et
492 525 615 589 iactata.
657 524 722 586 Nos
751 542 857 604 puram
881 530 912 583 et
933 542 1053 603 germa-

133 626 204 667 nam
227 606 337 668 divinis
359 609 454 669 literis
469 609 689 689 praescriptam
704 609 854 668 rationem
871 608 1055 686 quaerimus,

132 709 238 770 parum
267 690 407 772 solliciti,
446 691 517 770 quid
541 709 632 768 usus,
665 691 738 771 quid
760 690 866 750 Patres
887 692 920 751 in
941 690 1000 750 hac
1021 708 1055 751 re

133 774 182 834 vel
206 773 348 836 dederint
368 774 417 836 vel
440 775 582 854 fecerint,
621 794 689 834 cum
718 775 779 834 iarn
810 772 882 833 olim
905 775 980 833 satis
1003 772 1055 834 do·

134 859 303 936 cuerimus,
326 878 382 919 nos
406 859 537 935 debere,
561 866 705 938 oportere
728 864 758 918 et
781 856 861 917 velle
884 857 1053 918 traditioni·

134 940 189 1001 hus
211 941 370 1021 humanis,
405 941 627 1021 quantumlibet
655 941 770 1003 sanctis
803 958 840 1000 ac
873 939 1055 1018 celebribus,

132 1042 195 1084 non
218 1024 311 1086 modo
342 1045 404 1086 non
427 1027 558 1104 servire,
593 1026 646 1086 sed
676 1025 769 1106 plane
797 1031 983 1104 pronastro
1008 1043 1055 1084 ar-

133 1107 222 1169 bitrio
245 1118 275 1168 et
296 1109 437 1170 libertate
460 1108 634 1169 Christiana
656 1108 824 1186 dominari,
859 1108 939 1167 sicut
959 1107 1071 1188 scrip-y

133 1195 280 1253 tumeat:
315 1193 426 1255 Omnia
448 1200 566 1274 vestra,
597 1193 815 1269 sive'Petrus‚
844 1192 909 1251 sive
932 1191 1055 1273 Paulus,

133 1295 190 1336 vos
213 1281 316 1358 auteur
339 1273 463 1339 Christi.

131 1459 368 1521 Dehortatio
403 1479 422 1519 a
454 1455 725 1554 suscipiendis
753 1455 957 1519 ordinibus
998 1446 1055 1538 pa·

529 1548 656 1622 pisticis.

215 1696 394 1775 Priusquam
417 1714 490 1756 vero
515 1694 553 1755 ad
576 1699 713 1755 nostram
736 1694 972 1773 institutionem,
994 1693 1055 1754 hoc

133 1786 189 1859 est,
213 1779 416 1841 Christianam
439 1779 614 1859 veniamus,
650 1777 774 1856 dignum
805 1784 836 1838 at
865 1779 976 1838 iustum
999 1784 1053 1860 est,

133 1862 238 1922 videre
274 1862 482 1922 ordinationes
516 1859 567 1943 (ut
594 1857 723 1942 vocant)
752 1860 879 1940 papales
908 1868 938 1921 et
968 1879 1054 1922 exse·

132 1952 320 2006 crumentum
345 1945 459 2006 ordinis
493 1963 598 2004 eorum
626 1945 656 2003 in
681 1943 836 2022 publicum
862 1944 989 2023 ducere,
1023 1951 1055 2005 ut

132 2031 304 2091 inveniatur
333 2030 476 2111 iniquitas
509 2028 575 2088 eius
603 2026 642 2087 ad
666 2026 769 2087 odium
792 2034 822 2087 et
845 2027 963 2088 facilius
985 2046 1054 2108 per·

133 2113 379 2175 suadeanturah
401 2113 461 2174 illis
483 2111 645 2189 abstinere,
671 2111 696 2170 si
719 2111 770 2190 qui
793 2111 930 2171 tenacius
954 2111 1054 2172 adhuc

133 2196 269 2259 haerent.
318 2197 358 2258 Et
392 2205 425 2257 ut
459 2218 477 2256 a
510 2195 676 2256 levioribus
708 2195 909 2274 incipiamus,
942 2213 1052 2256 causas

134 2280 263 2359 primum
288 2298 483 2357 moveamus,
516 2279 625 2359 quibus
657 2297 714 2339 vos
736 2278 845 2339 Boemi
876 2279 1000 2358 proprie
1023 2283 1054 2340 et
1152 2343 1158 2351 ,

133 2380 207 2442 prae
229 2363 337 2422 ceteris
359 2363 480 2442 populis
503 2363 682 2443 gravamini.

111 2464 114 2470 ·
216 2446 423 2524 Posteaquam
450 2445 649 2526 praevalente
672 2443 786 2505 Sataua
807 2444 953 2505 Boemiae
984 2463 1054 2524 reg-

133 2548 206 2589 uum
229 2528 393 2610 Episcopis
417 2535 447 2588 et
468 2528 688 2606 sacerdotibus,
711 2546 788 2607 quos
806 2536 928 2605 vocant,
951 2527 1053 2588 subla·

132 2613 171 2673 tis
199 2620 318 2673 vastum
345 2631 383 2672 ac
410 2611 578 2672 solitarium
612 2612 752 2672 relictum
783 2618 844 2691 est,
889 2612 1053 2673 autoritate

134 2695 315 2757 Pontificum
337 2695 557 2775 Romanorum,
582 2696 692 2754 misera
714 2713 751 2755 ac
773 2694 848 2754 duro
870 2696 1055 2755 necessitate

134 2779 233 2840 adacti
256 2780 368 2857 fuistis,
391 2778 555 2857 quotannis
578 2779 609 2837 in
631 2778 748 2839 ltaliam
772 2781 892 2838 mittere
915 2778 1053 2840 Clericos

134 2872 252 2925 vestros
275 2882 330 2945 pro
356 2861 514 2928 ordinibus
535 2861 697 2941 Papisticis
720 2861 872 2940 emendis,
903 2861 985 2942 quod
1009 2861 1053 2922 vi·

134 2947 193 3007 ciui
217 2947 363 3029 Episcopi
385 2964 510 3027 prorsus
532 2964 595 3005 uon
610 2944 808 3024 dignarentur
829 2964 883 3005 eos
901 2946 1053 3026 ordinare,

135 3048 204 3091 cum
226 3049 282 3112 pro
305 3028 466 3093 obstinatis
489 3029 650 3089 haereticis
673 3046 729 3088 vos
751 3027 908 3093 haberent.

217 3114 263 3175 lla
285 3134 357 3176 vero
393 3113 563 3176 necessitas
592 3119 706 3192 quanta
734 3129 826 3191 super
858 3131 914 3172 vos
937 3112 1054 3173 iucom-

135 3198 228 3259 moda
249 3205 281 3259 et
301 3199 438 3280 pericula
460 3216 563 3258 secum
587 3192 701 3260 traxit?
729 3194 845 3256 Omitto
868 3196 959 3275 euim,
981 3195 1054 3275 quid

135 3283 198 3360 pati
226 3291 376 3363 cogantur
407 3284 437 3342 in
472 3299 602 3361 corpore
631 3286 661 3340 et
688 3278 848 3359 facultate,
884 3278 955 3339 dum
977 3280 1054 3340 tanti

134 3365 251 3424 itineris
285 3364 392 3425 labore
428 3372 458 3425 et
486 3372 608 3445 sumptu
643 3364 723 3424 iuter
762 3363 957 3443 peregrinos,
990 3364 1053 3424 irno

135 3447 240 3508 hostes
274 3448 452 3528 fatigantur,
486 3458 561 3527 quot
588 3448 719 3530 morbis,
748 3448 810 3507 imo
847 3453 878 3507 et
919 3446 1054 3507 moribus

135 3530 261 3612 pessimi
293 3536 324 3591 et
358 3531 547 3593 conscientia
576 3532 690 3613 perditi
724 3531 868 3613 redeunt,
904 3536 938 3591 ut
965 3530 1053 3592 vohis

73 3653 77 3658 -
158 3613 292 3676 raesint?

135 3634 155 3698 p
217 3696 296 3762 Illud
329 3697 427 3778 magis
449 3698 593 3760 miserum
624 3704 687 3782 est,
721 3699 804 3781 quod
832 3695 930 3760 foedis
959 3701 990 3759 et
1011 3698 1053 3758 in·

135 3781 272 3848 honestis
311 3781 538 3848 conditionibus
572 3803 591 3846 a
622 3790 726 3846 vestro
759 3789 890 3868 tyranno
924 3787 955 3845 ct
991 3781 1053 3846 suis
