<?xml version="1.0" encoding="UTF-8"?>
<!DOCTYPE html PUBLIC "-//W3C//DTD XHTML 1.0 Transitional//EN"
    "http://www.w3.org/TR/xhtml1/DTD/xhtml1-transitional.dtd">
<html xmlns="http://www.w3.org/1999/xhtml" xml:lang="en" lang="en">
 <head>
  <title>
</title>
<meta http-equiv="Content-Type" content="text/html;charset=utf-8" />
  <meta name='ocr-system' content='tesseract 3.04.00' />
  <meta name='ocr-capabilities' content='ocr_page ocr_carea ocr_par ocr_line ocrx_word'/>
</head>
<body>
  <div class='ocr_page' id='page_1' title='image "./dmartinilutheri03luthgoog_0151.png"; bbox 0 0 2392 4170; ppageno 0'>
   <div class='ocr_carea' id='block_1_1' title="bbox 129 240 853 309">
    <p class='ocr_par' dir='ltr' id='par_1_1' title="bbox 129 240 853 309">
     <span class='ocr_line' id='line_1_1' title="bbox 129 240 853 309; baseline -0.003 -10"><span class='ocrx_word' id='word_1_1' title='bbox 129 240 196 309; x_wconf 75' lang='grc'><strong>140</strong></span> <span class='ocrx_word' id='word_1_2' title='bbox 362 243 504 299; x_wconf 79' lang='lat' dir='ltr'><strong>Adversus</strong></span> <span class='ocrx_word' id='word_1_3' title='bbox 523 242 724 298; x_wconf 72' lang='lat' dir='ltr'><strong>exsecrabilem</strong></span> <span class='ocrx_word' id='word_1_4' title='bbox 742 240 853 297; x_wconf 80' lang='lat' dir='ltr'><strong>Ballam</strong></span> 
     </span>
    </p>
   </div>
   <div class='ocr_carea' id='block_1_2' title="bbox 38 392 1073 3805">
    <p class='ocr_par' dir='ltr' id='par_1_2' title="bbox 128 392 1057 813">
     <span class='ocr_line' id='line_1_2' title="bbox 128 392 1054 479; baseline -0.006 -17"><span class='ocrx_word' id='word_1_5' title='bbox 128 398 252 479; x_wconf 88' lang='lat' dir='ltr'><strong>studiis,</strong></span> <span class='ocrx_word' id='word_1_6' title='bbox 284 418 346 461; x_wconf 91' lang='lat' dir='ltr'><strong>ucu</strong></span> <span class='ocrx_word' id='word_1_7' title='bbox 370 398 469 463; x_wconf 91' lang='lat' dir='ltr'><strong>solum</strong></span> <span class='ocrx_word' id='word_1_8' title='bbox 497 418 559 460; x_wconf 89' lang='lat' dir='ltr'><strong>uon</strong></span> <span class='ocrx_word' id='word_1_9' title='bbox 583 397 694 479; x_wconf 87' lang='lat' dir='ltr'><strong>probat</strong></span> <span class='ocrx_word' id='word_1_10' title='bbox 719 417 853 460; x_wconf 81' lang='lat' dir='ltr'><strong>errorem</strong></span> <span class='ocrx_word' id='word_1_11' title='bbox 875 402 908 458; x_wconf 89' lang='lat' dir='ltr'><strong>et</strong></span> <span class='ocrx_word' id='word_1_12' title='bbox 928 392 1054 457; x_wconf 80' lang='lat' dir='ltr'><strong>scande·</strong></span> 
     </span>
     <span class='ocr_line' id='line_1_3' title="bbox 129 477 1057 563; baseline -0.003 -19"><span class='ocrx_word' id='word_1_13' title='bbox 129 483 207 560; x_wconf 81' lang='lat' dir='ltr'><strong>lum,</strong></span> <span class='ocrx_word' id='word_1_14' title='bbox 230 482 283 543; x_wconf 87' lang='lat' dir='ltr'><strong>sad</strong></span> <span class='ocrx_word' id='word_1_15' title='bbox 306 503 362 563; x_wconf 84' lang='lat' dir='ltr'><strong>pro</strong></span> <span class='ocrx_word' id='word_1_16' title='bbox 385 503 432 562; x_wconf 81' lang='lat' dir='ltr'><strong>ec,</strong></span> <span class='ocrx_word' id='word_1_17' title='bbox 456 491 489 544; x_wconf 91' lang='lat' dir='ltr'><strong>ut</strong></span> <span class='ocrx_word' id='word_1_18' title='bbox 511 490 661 544; x_wconf 80' lang='lat' dir='ltr'><strong>monstret</strong></span> <span class='ocrx_word' id='word_1_19' title='bbox 682 482 781 545; x_wconf 89' lang='lat' dir='ltr'><strong>solum</strong></span> <span class='ocrx_word' id='word_1_20' title='bbox 802 477 1006 562; x_wconf 83' lang='lat' dir='ltr'><strong>impossibilis</strong></span> <span class='ocrx_word' id='word_1_21' title='bbox 1026 484 1057 541; x_wconf 82' lang='lat' dir='ltr'><strong>ct</strong></span> 
     </span>
     <span class='ocr_line' id='line_1_4' title="bbox 130 565 1055 647; baseline -0.004 -20"><span class='ocrx_word' id='word_1_22' title='bbox 130 566 186 628; x_wconf 89' lang='lat' dir='ltr'><strong>sibi</strong></span> <span class='ocrx_word' id='word_1_23' title='bbox 210 568 385 647; x_wconf 79' lang='lat' dir='ltr'><strong>turpissime</strong></span> <span class='ocrx_word' id='word_1_24' title='bbox 407 567 586 646; x_wconf 83' lang='lat' dir='ltr'><strong>pugnantia,</strong></span> <span class='ocrx_word' id='word_1_25' title='bbox 612 567 753 646; x_wconf 85' lang='lat' dir='ltr'><strong>loquitur.</strong></span> <span class='ocrx_word' id='word_1_26' title='bbox 787 565 844 627; x_wconf 86' lang='lat' dir='ltr'><strong>Ubi</strong></span> <span class='ocrx_word' id='word_1_27' title='bbox 868 581 951 625; x_wconf 91' lang='lat' dir='ltr'><strong>nuuc</strong></span> <span class='ocrx_word' id='word_1_28' title='bbox 972 570 1055 625; x_wconf 87' lang='lat' dir='ltr'><strong>tuum</strong></span> 
     </span>
     <span class='ocr_line' id='line_1_5' title="bbox 130 643 1056 730; baseline -0.006 -19"><span class='ocrx_word' id='word_1_29' title='bbox 130 650 235 711; x_wconf 83' lang='lat' dir='ltr'><strong>infelix</strong></span> <span class='ocrx_word' id='word_1_30' title='bbox 250 651 421 730; x_wconf 78' lang='lat' dir='ltr'><strong>respective</strong></span> <span class='ocrx_word' id='word_1_31' title='bbox 434 650 641 710; x_wconf 82' lang='lat' dir='ltr'><strong>infelicissima</strong></span> <span class='ocrx_word' id='word_1_32' title='bbox 664 649 769 710; x_wconf 80' lang='lat' dir='ltr'><strong>bulla?</strong></span> <span class='ocrx_word' id='word_1_33' title='bbox 790 667 853 728; x_wconf 88' lang='lat' dir='ltr'><strong>quc</strong></span> <span class='ocrx_word' id='word_1_34' title='bbox 870 643 1056 726; x_wconf 87' lang='lat' dir='ltr'><strong>respexistii</strong></span> 
     </span>
     <span class='ocr_line' id='line_1_6' title="bbox 131 732 1004 813; baseline -0.005 -20"><span class='ocrx_word' id='word_1_35' title='bbox 131 734 161 794; x_wconf 93' lang='lat' dir='ltr'><strong>in</strong></span> <span class='ocrx_word' id='word_1_36' title='bbox 185 732 358 794; x_wconf 77' lang='lat' dir='ltr'><strong>barathrum</strong></span> <span class='ocrx_word' id='word_1_37' title='bbox 382 734 545 813; x_wconf 87' lang='lat' dir='ltr'><strong>impietatis</strong></span> <span class='ocrx_word' id='word_1_38' title='bbox 568 733 685 793; x_wconf 88' lang='lat' dir='ltr'><strong>scilicet</strong></span> <span class='ocrx_word' id='word_1_39' title='bbox 706 741 737 793; x_wconf 92' lang='lat' dir='ltr'><strong>et</strong></span> <span class='ocrx_word' id='word_1_40' title='bbox 757 732 898 792; x_wconf 85' lang='lat' dir='ltr'><strong>ruditatis</strong></span> <span class='ocrx_word' id='word_1_41' title='bbox 921 737 1004 790; x_wconf 86' lang='lat' dir='ltr'><strong>tuae.</strong></span> 
     </span>
    </p>

    <p class='ocr_par' dir='ltr' id='par_1_3' title="bbox 129 814 1061 2209">
     <span class='ocr_line' id='line_1_7' title="bbox 211 814 1057 890; baseline -0.006 -13"><span class='ocrx_word' id='word_1_42' title='bbox 211 816 293 877; x_wconf 89' lang='lat' dir='ltr'><strong>ldem</strong></span> <span class='ocrx_word' id='word_1_43' title='bbox 316 816 477 877; x_wconf 89' lang='lat' dir='ltr'><strong>dicendum</strong></span> <span class='ocrx_word' id='word_1_44' title='bbox 500 818 558 877; x_wconf 87' lang='lat' dir='ltr'><strong>erit</strong></span> <span class='ocrx_word' id='word_1_45' title='bbox 579 817 617 878; x_wconf 86' lang='lat' dir='ltr'><strong>de</strong></span> <span class='ocrx_word' id='word_1_46' title='bbox 639 816 810 890; x_wconf 74' lang='lat' dir='ltr'><strong>atlanticis,</strong></span> <span class='ocrx_word' id='word_1_47' title='bbox 833 833 903 875; x_wconf 90' lang='lat' dir='ltr'><strong>nam</strong></span> <span class='ocrx_word' id='word_1_48' title='bbox 926 814 986 874; x_wconf 86' lang='lat' dir='ltr'><strong>hos</strong></span> <span class='ocrx_word' id='word_1_49' title='bbox 1008 830 1057 873; x_wconf 85' lang='grc' dir='ltr'><strong>ιο-</strong></span> 
     </span>
     <span class='ocr_line' id='line_1_8' title="bbox 130 896 1056 981; baseline -0.008 -19"><span class='ocrx_word' id='word_1_50' title='bbox 130 919 189 981; x_wconf 89' lang='lat' dir='ltr'><strong>que</strong></span> <span class='ocrx_word' id='word_1_51' title='bbox 212 899 423 971; x_wconf 78' lang='lat' dir='ltr'><strong>scandalosos,</strong></span> <span class='ocrx_word' id='word_1_52' title='bbox 445 919 546 980; x_wconf 86' lang='lat' dir='ltr'><strong>neque</strong></span> <span class='ocrx_word' id='word_1_53' title='bbox 568 918 730 972; x_wconf 72' lang='lat' dir='ltr'><strong>erroneos,</strong></span> <span class='ocrx_word' id='word_1_54' title='bbox 760 917 859 976; x_wconf 86' lang='lat' dir='ltr'><strong>neque</strong></span> <span class='ocrx_word' id='word_1_55' title='bbox 881 896 1056 958; x_wconf 85' lang='lat' dir='ltr'><strong>haereticos</strong></span> 
     </span>
     <span class='ocr_line' id='line_1_9' title="bbox 129 977 1055 1063; baseline -0.006 -19"><span class='ocrx_word' id='word_1_56' title='bbox 129 1003 198 1044; x_wconf 88' lang='lat' dir='ltr'><strong>esse</strong></span> <span class='ocrx_word' id='word_1_57' title='bbox 220 990 353 1062; x_wconf 81' lang='lat' dir='ltr'><strong>oportet,</strong></span> <span class='ocrx_word' id='word_1_58' title='bbox 375 1002 443 1044; x_wconf 88' lang='lat' dir='ltr'><strong>cum</strong></span> <span class='ocrx_word' id='word_1_59' title='bbox 466 985 559 1046; x_wconf 76' lang='lat' dir='ltr'><strong>tenth</strong></span> <span class='ocrx_word' id='word_1_60' title='bbox 581 984 710 1063; x_wconf 90' lang='lat' dir='ltr'><strong>papistis</strong></span> <span class='ocrx_word' id='word_1_61' title='bbox 726 981 945 1043; x_wconf 78' lang='lat' dir='ltr'><strong>discernentur.</strong></span> <span class='ocrx_word' id='word_1_62' title='bbox 981 977 1055 1056; x_wconf 79' lang='lat' dir='ltr'><strong>Quis</strong></span> 
     </span>
     <span class='ocr_line' id='line_1_10' title="bbox 129 1062 1056 1147; baseline -0.005 -20"><span class='ocrx_word' id='word_1_63' title='bbox 129 1085 204 1147; x_wconf 86' lang='lat' dir='ltr'><strong>ergo</strong></span> <span class='ocrx_word' id='word_1_64' title='bbox 229 1085 289 1127; x_wconf 93' lang='lat' dir='ltr'><strong>non</strong></span> <span class='ocrx_word' id='word_1_65' title='bbox 313 1067 435 1127; x_wconf 87' lang='lat' dir='ltr'><strong>miretur</strong></span> <span class='ocrx_word' id='word_1_66' title='bbox 457 1075 542 1127; x_wconf 90' lang='lat' dir='ltr'><strong>tanta</strong></span> <span class='ocrx_word' id='word_1_67' title='bbox 564 1067 688 1146; x_wconf 86' lang='lat' dir='ltr'><strong>ingenia</strong></span> <span class='ocrx_word' id='word_1_68' title='bbox 709 1067 917 1146; x_wconf 84' lang='lat' dir='ltr'><strong>papistarum,</strong></span> <span class='ocrx_word' id='word_1_69' title='bbox 938 1063 991 1143; x_wconf 90' lang='lat' dir='ltr'><strong>qui</strong></span> <span class='ocrx_word' id='word_1_70' title='bbox 1013 1062 1056 1122; x_wconf 91' lang='lat' dir='ltr'><strong>in·</strong></span> 
     </span>
     <span class='ocr_line' id='line_1_11' title="bbox 131 1142 1057 1229; baseline -0.003 -20"><span class='ocrx_word' id='word_1_71' title='bbox 131 1151 235 1211; x_wconf 84' lang='lat' dir='ltr'><strong>venire</strong></span> <span class='ocrx_word' id='word_1_72' title='bbox 257 1157 431 1229; x_wconf 87' lang='lat' dir='ltr'><strong>potuerunt,</strong></span> <span class='ocrx_word' id='word_1_73' title='bbox 454 1149 634 1210; x_wconf 83' lang='lat' dir='ltr'><strong>offeuaivum</strong></span> <span class='ocrx_word' id='word_1_74' title='bbox 657 1169 725 1210; x_wconf 87' lang='lat' dir='ltr'><strong>esse</strong></span> <span class='ocrx_word' id='word_1_75' title='bbox 747 1151 776 1209; x_wconf 91' lang='lat' dir='ltr'><strong>in</strong></span> <span class='ocrx_word' id='word_1_76' title='bbox 800 1147 950 1224; x_wconf 85' lang='lat' dir='ltr'><strong>ecclesia,</strong></span> <span class='ocrx_word' id='word_1_77' title='bbox 973 1142 1057 1226; x_wconf 85' lang='lat' dir='ltr'><strong>quod</strong></span> 
     </span>
     <span class='ocr_line' id='line_1_12' title="bbox 131 1228 1059 1310; baseline -0.003 -18"><span class='ocrx_word' id='word_1_78' title='bbox 131 1239 233 1293; x_wconf 89' lang='lat' dir='ltr'><strong>tamen</strong></span> <span class='ocrx_word' id='word_1_79' title='bbox 256 1233 447 1303; x_wconf 75' lang='lat' dir='ltr'><strong>neclalsum,</strong></span> <span class='ocrx_word' id='word_1_80' title='bbox 470 1233 737 1310; x_wconf 85' lang='lat' dir='ltr'><strong>nechaereticum,</strong></span> <span class='ocrx_word' id='word_1_81' title='bbox 759 1228 1059 1305; x_wconf 81' lang='lat' dir='ltr'><strong>uecscandslosnm,</strong></span> 
     </span>
     <span class='ocr_line' id='line_1_13' title="bbox 132 1315 1057 1392; baseline -0.002 -17"><span class='ocrx_word' id='word_1_82' title='bbox 132 1316 185 1376; x_wconf 89' lang='lat' dir='ltr'><strong>sed</strong></span> <span class='ocrx_word' id='word_1_83' title='bbox 210 1336 324 1392; x_wconf 86' lang='lat' dir='ltr'><strong>verum,</strong></span> <span class='ocrx_word' id='word_1_84' title='bbox 346 1316 542 1390; x_wconf 86' lang='lat' dir='ltr'><strong>catholicum,</strong></span> <span class='ocrx_word' id='word_1_85' title='bbox 564 1315 806 1377; x_wconf 88' lang='lat' dir='ltr'><strong>aedificatorium</strong></span> <span class='ocrx_word' id='word_1_86' title='bbox 830 1316 879 1388; x_wconf 83' lang='lat' dir='ltr'><strong>ait,</strong></span> <span class='ocrx_word' id='word_1_87' title='bbox 901 1322 932 1374; x_wconf 90' lang='lat' dir='ltr'><strong>et</strong></span> <span class='ocrx_word' id='word_1_88' title='bbox 949 1320 1057 1377; x_wconf 79' lang='lat' dir='ltr'><strong>tamen</strong></span> 
     </span>
     <span class='ocr_line' id='line_1_14' title="bbox 130 1396 1058 1479; baseline -0.002 -20"><span class='ocrx_word' id='word_1_89' title='bbox 130 1400 191 1460; x_wconf 93' lang='lat' dir='ltr'><strong>hoc</strong></span> <span class='ocrx_word' id='word_1_90' title='bbox 218 1399 316 1479; x_wconf 91' lang='lat' dir='ltr'><strong>ipsum</strong></span> <span class='ocrx_word' id='word_1_91' title='bbox 340 1399 507 1460; x_wconf 84' lang='lat' dir='ltr'><strong>damnant?</strong></span> <span class='ocrx_word' id='word_1_92' title='bbox 540 1398 615 1475; x_wconf 81' lang='lat' dir='ltr'><strong>Quis</strong></span> <span class='ocrx_word' id='word_1_93' title='bbox 642 1418 716 1460; x_wconf 90' lang='lat' dir='ltr'><strong>vero</strong></span> <span class='ocrx_word' id='word_1_94' title='bbox 740 1417 801 1459; x_wconf 90' lang='lat' dir='ltr'><strong>nou</strong></span> <span class='ocrx_word' id='word_1_95' title='bbox 829 1396 944 1459; x_wconf 80' lang='lat' dir='ltr'><strong>ambiet</strong></span> <span class='ocrx_word' id='word_1_96' title='bbox 965 1396 1058 1458; x_wconf 86' lang='lat' dir='ltr'><strong>etism</strong></span> 
     </span>
     <span class='ocr_line' id='line_1_15' title="bbox 131 1479 1059 1563; baseline -0.004 -20"><span class='ocrx_word' id='word_1_97' title='bbox 131 1482 170 1543; x_wconf 90' lang='lat' dir='ltr'><strong>ab</strong></span> <span class='ocrx_word' id='word_1_98' title='bbox 192 1483 228 1542; x_wconf 88' lang='lat' dir='ltr'><strong>iis</strong></span> <span class='ocrx_word' id='word_1_99' title='bbox 251 1483 366 1542; x_wconf 88' lang='lat' dir='ltr'><strong>insanis</strong></span> <span class='ocrx_word' id='word_1_100' title='bbox 389 1481 541 1559; x_wconf 86' lang='lat' dir='ltr'><strong>damnari,</strong></span> <span class='ocrx_word' id='word_1_101' title='bbox 564 1484 614 1562; x_wconf 86' lang='lat' dir='ltr'><strong>qui</strong></span> <span class='ocrx_word' id='word_1_102' title='bbox 638 1501 694 1542; x_wconf 88' lang='lat' dir='ltr'><strong>sua</strong></span> <span class='ocrx_word' id='word_1_103' title='bbox 714 1482 840 1563; x_wconf 87' lang='lat' dir='ltr'><strong>propria</strong></span> <span class='ocrx_word' id='word_1_104' title='bbox 861 1479 1059 1541; x_wconf 75' lang='lat' dir='ltr'><strong>damnatione</strong></span> 
     </span>
     <span class='ocr_line' id='line_1_16' title="bbox 131 1558 1059 1647; baseline -0.005 -21"><span class='ocrx_word' id='word_1_105' title='bbox 131 1565 297 1626; x_wconf 89' lang='lat' dir='ltr'><strong>ostendunt</strong></span> <span class='ocrx_word' id='word_1_106' title='bbox 319 1585 352 1624; x_wconf 91' lang='lat' dir='ltr'><strong>se</strong></span> <span class='ocrx_word' id='word_1_107' title='bbox 375 1565 520 1626; x_wconf 89' lang='lat' dir='ltr'><strong>damnata</strong></span> <span class='ocrx_word' id='word_1_108' title='bbox 542 1566 673 1647; x_wconf 83' lang='lat' dir='ltr'><strong>probare</strong></span> <span class='ocrx_word' id='word_1_109' title='bbox 695 1574 726 1625; x_wconf 88' lang='lat' dir='ltr'><strong>et</strong></span> <span class='ocrx_word' id='word_1_110' title='bbox 748 1563 877 1646; x_wconf 88' lang='lat' dir='ltr'><strong>proheta</strong></span> <span class='ocrx_word' id='word_1_111' title='bbox 890 1558 1059 1624; x_wconf 73' lang='lat' dir='ltr'><strong>damnaret</strong></span> 
     </span>
     <span class='ocr_line' id='line_1_17' title="bbox 131 1647 1059 1721; baseline -0.005 -11"><span class='ocrx_word' id='word_1_112' title='bbox 131 1649 192 1710; x_wconf 88' lang='lat' dir='ltr'><strong>hoc</strong></span> <span class='ocrx_word' id='word_1_113' title='bbox 214 1655 278 1721; x_wconf 81' lang='lat' dir='ltr'><strong>est,</strong></span> <span class='ocrx_word' id='word_1_114' title='bbox 301 1649 414 1709; x_wconf 86' lang='lat' dir='ltr'><strong>truncis</strong></span> <span class='ocrx_word' id='word_1_115' title='bbox 436 1656 467 1709; x_wconf 89' lang='lat' dir='ltr'><strong>et</strong></span> <span class='ocrx_word' id='word_1_116' title='bbox 488 1649 627 1710; x_wconf 89' lang='lat' dir='ltr'><strong>cautibus</strong></span> <span class='ocrx_word' id='word_1_117' title='bbox 649 1667 718 1709; x_wconf 91' lang='lat' dir='ltr'><strong>sese</strong></span> <span class='ocrx_word' id='word_1_118' title='bbox 738 1647 958 1708; x_wconf 84' lang='lat' dir='ltr'><strong>insensatiores</strong></span> <span class='ocrx_word' id='word_1_119' title='bbox 980 1662 1059 1719; x_wconf 86' lang='lat' dir='ltr'><strong>esse,</strong></span> 
     </span>
     <span class='ocr_line' id='line_1_18' title="bbox 132 1730 1059 1812; baseline -0.003 -20"><span class='ocrx_word' id='word_1_120' title='bbox 132 1732 233 1812; x_wconf 89' lang='lat' dir='ltr'><strong>palam</strong></span> <span class='ocrx_word' id='word_1_121' title='bbox 265 1750 333 1792; x_wconf 90' lang='lat' dir='ltr'><strong>cum</strong></span> <span class='ocrx_word' id='word_1_122' title='bbox 363 1750 482 1793; x_wconf 89' lang='lat' dir='ltr'><strong>summa</strong></span> <span class='ocrx_word' id='word_1_123' title='bbox 511 1753 567 1793; x_wconf 88' lang='lat' dir='ltr'><strong>sus</strong></span> <span class='ocrx_word' id='word_1_124' title='bbox 601 1730 771 1812; x_wconf 84' lang='lat' dir='ltr'><strong>ignominia</strong></span> <span class='ocrx_word' id='word_1_125' title='bbox 807 1734 1059 1792; x_wconf 79' lang='lat' dir='ltr'><strong>commonstrant</strong></span> 
     </span>
     <span class='ocr_line' id='line_1_19' title="bbox 131 1810 1059 1895; baseline -0.003 -19"><span class='ocrx_word' id='word_1_126' title='bbox 131 1813 176 1876; x_wconf 85' lang='lat' dir='ltr'><strong>lte</strong></span> <span class='ocrx_word' id='word_1_127' title='bbox 199 1834 272 1894; x_wconf 83' lang='lat' dir='ltr'><strong>ergo</strong></span> <span class='ocrx_word' id='word_1_128' title='bbox 296 1835 352 1876; x_wconf 87' lang='lat' dir='ltr'><strong>vos</strong></span> <span class='ocrx_word' id='word_1_129' title='bbox 379 1816 464 1895; x_wconf 88' lang='lat' dir='ltr'><strong>impii</strong></span> <span class='ocrx_word' id='word_1_130' title='bbox 492 1823 523 1876; x_wconf 88' lang='lat' dir='ltr'><strong>et</strong></span> <span class='ocrx_word' id='word_1_131' title='bbox 549 1816 697 1876; x_wconf 72' lang='lat' dir='ltr'><strong>insensati</strong></span> <span class='ocrx_word' id='word_1_132' title='bbox 728 1817 882 1895; x_wconf 86' lang='lat' dir='ltr'><strong>papistae,</strong></span> <span class='ocrx_word' id='word_1_133' title='bbox 912 1820 944 1873; x_wconf 88' lang='lat' dir='ltr'><strong>et</strong></span> <span class='ocrx_word' id='word_1_134' title='bbox 965 1810 1059 1873; x_wconf 82' lang='lat' dir='ltr'><strong>sobrii</strong></span> 
     </span>
     <span class='ocr_line' id='line_1_20' title="bbox 132 1893 1059 1977; baseline -0.002 -19"><span class='ocrx_word' id='word_1_135' title='bbox 132 1897 269 1972; x_wconf 79' lang='lat' dir='ltr'><strong>scribite,</strong></span> <span class='ocrx_word' id='word_1_136' title='bbox 301 1900 326 1958; x_wconf 90' lang='lat' dir='ltr'><strong>si</strong></span> <span class='ocrx_word' id='word_1_137' title='bbox 349 1899 420 1977; x_wconf 88' lang='lat' dir='ltr'><strong>quid</strong></span> <span class='ocrx_word' id='word_1_138' title='bbox 443 1899 576 1960; x_wconf 88' lang='lat' dir='ltr'><strong>scribere</strong></span> <span class='ocrx_word' id='word_1_139' title='bbox 599 1898 705 1967; x_wconf 76' lang='lat' dir='ltr'><strong>vulsis,</strong></span> <span class='ocrx_word' id='word_1_140' title='bbox 735 1918 805 1957; x_wconf 88' lang='lat' dir='ltr'><strong>nam</strong></span> <span class='ocrx_word' id='word_1_141' title='bbox 837 1897 918 1957; x_wconf 90' lang='lat' dir='ltr'><strong>hanc</strong></span> <span class='ocrx_word' id='word_1_142' title='bbox 945 1893 1059 1957; x_wconf 81' lang='lat' dir='ltr'><strong>bullam</strong></span> 
     </span>
     <span class='ocr_line' id='line_1_21' title="bbox 132 1980 1061 2062; baseline -0.002 -21"><span class='ocrx_word' id='word_1_143' title='bbox 132 1988 260 2062; x_wconf 87' lang='lat' dir='ltr'><strong>apparet</strong></span> <span class='ocrx_word' id='word_1_144' title='bbox 287 1981 334 2041; x_wconf 86' lang='lat' dir='ltr'><strong>vel</strong></span> <span class='ocrx_word' id='word_1_145' title='bbox 363 1982 441 2042; x_wconf 88' lang='lat' dir='ltr'><strong>inter</strong></span> <span class='ocrx_word' id='word_1_146' title='bbox 472 1991 602 2061; x_wconf 82' lang='lat' dir='ltr'><strong>putansa</strong></span> <span class='ocrx_word' id='word_1_147' title='bbox 632 1988 783 2042; x_wconf 88' lang='lat' dir='ltr'><strong>nocturno</strong></span> <span class='ocrx_word' id='word_1_148' title='bbox 814 1980 960 2042; x_wconf 84' lang='lat' dir='ltr'><strong>convivio</strong></span> <span class='ocrx_word' id='word_1_149' title='bbox 991 1994 1061 2039; x_wconf 81' lang='lat' dir='ltr'><strong>esse</strong></span> 
     </span>
     <span class='ocr_line' id='line_1_22' title="bbox 132 2063 1060 2144; baseline -0.004 -19"><span class='ocrx_word' id='word_1_150' title='bbox 132 2071 280 2144; x_wconf 82' lang='lat' dir='ltr'><strong>egestam,</strong></span> <span class='ocrx_word' id='word_1_151' title='bbox 303 2071 356 2124; x_wconf 89' lang='lat' dir='ltr'><strong>aut</strong></span> <span class='ocrx_word' id='word_1_152' title='bbox 377 2066 406 2124; x_wconf 94' lang='lat' dir='ltr'><strong>in</strong></span> <span class='ocrx_word' id='word_1_153' title='bbox 426 2065 647 2126; x_wconf 85' lang='lat' dir='ltr'><strong>canicularibus</strong></span> <span class='ocrx_word' id='word_1_154' title='bbox 671 2065 753 2125; x_wconf 85' lang='lat' dir='ltr'><strong>iuriis</strong></span> <span class='ocrx_word' id='word_1_155' title='bbox 768 2063 936 2139; x_wconf 87' lang='lat' dir='ltr'><strong>confusam,</strong></span> <span class='ocrx_word' id='word_1_156' title='bbox 959 2078 1060 2142; x_wconf 81' lang='lat' dir='ltr'><strong>neque</strong></span> 
     </span>
     <span class='ocr_line' id='line_1_23' title="bbox 133 2146 732 2209; baseline 0.003 -2"><span class='ocrx_word' id='word_1_157' title='bbox 133 2149 213 2207; x_wconf 90' lang='lat' dir='ltr'><strong>enim</strong></span> <span class='ocrx_word' id='word_1_158' title='bbox 236 2146 289 2207; x_wconf 92' lang='lat' dir='ltr'><strong>ulli</strong></span> <span class='ocrx_word' id='word_1_159' title='bbox 312 2148 467 2209; x_wconf 86' lang='lat' dir='ltr'><strong>moriones</strong></span> <span class='ocrx_word' id='word_1_160' title='bbox 489 2150 534 2208; x_wconf 88' lang='lat' dir='ltr'><strong>sic</strong></span> <span class='ocrx_word' id='word_1_161' title='bbox 554 2149 732 2209; x_wconf 88' lang='lat' dir='ltr'><strong>insanirent.</strong></span> 
     </span>
    </p>

    <p class='ocr_par' dir='ltr' id='par_1_4' title="bbox 133 2226 1073 3307">
     <span class='ocr_line' id='line_1_24' title="bbox 218 2226 1062 2311; baseline -0.004 -21"><span class='ocrx_word' id='word_1_162' title='bbox 218 2228 461 2309; x_wconf 85' lang='lat' dir='ltr'><strong>Retorqueamus</strong></span> <span class='ocrx_word' id='word_1_163' title='bbox 483 2238 584 2291; x_wconf 89' lang='lat' dir='ltr'><strong>autem</strong></span> <span class='ocrx_word' id='word_1_164' title='bbox 608 2229 843 2311; x_wconf 80' lang='lat' dir='ltr'><strong>imprudentiam</strong></span> <span class='ocrx_word' id='word_1_165' title='bbox 872 2230 964 2289; x_wconf 88' lang='lat' dir='ltr'><strong>istam</strong></span> <span class='ocrx_word' id='word_1_166' title='bbox 987 2226 1062 2288; x_wconf 90' lang='lat' dir='ltr'><strong>anti·</strong></span> 
     </span>
     <span class='ocr_line' id='line_1_25' title="bbox 133 2308 1066 2394; baseline -0.002 -22"><span class='ocrx_word' id='word_1_167' title='bbox 133 2312 288 2373; x_wconf 87' lang='lat' dir='ltr'><strong>christiin</strong></span> <span class='ocrx_word' id='word_1_168' title='bbox 312 2333 347 2374; x_wconf 90' lang='lat' dir='ltr'><strong>os</strong></span> <span class='ocrx_word' id='word_1_169' title='bbox 365 2315 445 2393; x_wconf 82' lang='lat' dir='ltr'><strong>eius,</strong></span> <span class='ocrx_word' id='word_1_170' title='bbox 473 2322 505 2375; x_wconf 91' lang='lat' dir='ltr'><strong>et</strong></span> <span class='ocrx_word' id='word_1_171' title='bbox 527 2334 567 2374; x_wconf 90' lang='lat' dir='ltr'><strong>ex</strong></span> <span class='ocrx_word' id='word_1_172' title='bbox 589 2313 782 2375; x_wconf 86' lang='lat' dir='ltr'><strong>sermonibus</strong></span> <span class='ocrx_word' id='word_1_173' title='bbox 803 2313 965 2394; x_wconf 85' lang='lat' dir='ltr'><strong>ipsiusmet</strong></span> <span class='ocrx_word' id='word_1_174' title='bbox 986 2308 1066 2371; x_wconf 89' lang='lat' dir='ltr'><strong>iudi·&#39;</strong></span> 
     </span>
     <span class='ocr_line' id='line_1_26' title="bbox 134 2392 1063 2474; baseline -0.002 -18"><span class='ocrx_word' id='word_1_175' title='bbox 134 2414 238 2456; x_wconf 89' lang='lat' dir='ltr'><strong>cemus</strong></span> <span class='ocrx_word' id='word_1_176' title='bbox 266 2402 297 2456; x_wconf 86' lang='lat' dir='ltr'><strong>et</strong></span> <span class='ocrx_word' id='word_1_177' title='bbox 329 2397 570 2457; x_wconf 88' lang='lat' dir='ltr'><strong>condemnemus</strong></span> <span class='ocrx_word' id='word_1_178' title='bbox 603 2417 689 2474; x_wconf 84' lang='lat' dir='ltr'><strong>eum,</strong></span> <span class='ocrx_word' id='word_1_179' title='bbox 722 2403 754 2456; x_wconf 92' lang='lat' dir='ltr'><strong>ut</strong></span> <span class='ocrx_word' id='word_1_180' title='bbox 786 2396 931 2474; x_wconf 89' lang='lat' dir='ltr'><strong>deinceps</strong></span> <span class='ocrx_word' id='word_1_181' title='bbox 964 2392 1063 2455; x_wconf 78' lang='lat' dir='ltr'><strong>discat</strong></span> 
     </span>
     <span class='ocr_line' id='line_1_27' title="bbox 135 2476 1062 2559; baseline -0.001 -21"><span class='ocrx_word' id='word_1_182' title='bbox 135 2479 263 2538; x_wconf 87' lang='lat' dir='ltr'><strong>astutius</strong></span> <span class='ocrx_word' id='word_1_183' title='bbox 287 2485 318 2539; x_wconf 87' lang='lat' dir='ltr'><strong>et</strong></span> <span class='ocrx_word' id='word_1_184' title='bbox 340 2480 467 2541; x_wconf 88' lang='lat' dir='ltr'><strong>meliore</strong></span> <span class='ocrx_word' id='word_1_185' title='bbox 488 2482 635 2541; x_wconf 87' lang='lat' dir='ltr'><strong>memoria</strong></span> <span class='ocrx_word' id='word_1_186' title='bbox 658 2480 785 2540; x_wconf 88' lang='lat' dir='ltr'><strong>mentiri.</strong></span> <span class='ocrx_word' id='word_1_187' title='bbox 834 2479 966 2559; x_wconf 86' lang='lat' dir='ltr'><strong>Oportet</strong></span> <span class='ocrx_word' id='word_1_188' title='bbox 982 2476 1062 2537; x_wconf 87' lang='lat' dir='ltr'><strong>enim</strong></span> 
     </span>
     <span class='ocr_line' id='line_1_28' title="bbox 136 2556 1073 2642; baseline 0 -22"><span class='ocrx_word' id='word_1_189' title='bbox 136 2560 314 2622; x_wconf 88' lang='lat' dir='ltr'><strong>mendacem</strong></span> <span class='ocrx_word' id='word_1_190' title='bbox 338 2583 406 2623; x_wconf 87' lang='lat' dir='ltr'><strong>esse</strong></span> <span class='ocrx_word' id='word_1_191' title='bbox 428 2583 594 2624; x_wconf 87' lang='lat' dir='ltr'><strong>memorem</strong></span> <span class='ocrx_word' id='word_1_192' title='bbox 618 2564 705 2623; x_wconf 88' lang='lat' dir='ltr'><strong>iuxta</strong></span> <span class='ocrx_word' id='word_1_193' title='bbox 726 2560 931 2642; x_wconf 83' lang='lat' dir='ltr'><strong>proverbium.</strong></span> <span class='ocrx_word' id='word_1_194' title='bbox 965 2556 1073 2621; x_wconf 79' lang='lat' dir='ltr'><strong>Sislli&#39;</strong></span> 
     </span>
     <span class='ocr_line' id='line_1_29' title="bbox 135 2646 1061 2721; baseline 0 -18"><span class='ocrx_word' id='word_1_195' title='bbox 135 2653 205 2704; x_wconf 89' lang='lat' dir='ltr'><strong>suut</strong></span> <span class='ocrx_word' id='word_1_196' title='bbox 235 2646 352 2706; x_wconf 86' lang='lat' dir='ltr'><strong>articuli</strong></span> <span class='ocrx_word' id='word_1_197' title='bbox 381 2646 520 2708; x_wconf 84' lang='lat' dir='ltr'><strong>offeuaivi</strong></span> <span class='ocrx_word' id='word_1_198' title='bbox 543 2653 575 2706; x_wconf 88' lang='lat' dir='ltr'><strong>et</strong></span> <span class='ocrx_word' id='word_1_199' title='bbox 605 2646 656 2706; x_wconf 90' lang='lat' dir='ltr'><strong>alii</strong></span> <span class='ocrx_word' id='word_1_200' title='bbox 680 2646 841 2721; x_wconf 83' lang='lat' dir='ltr'><strong>haeretici,</strong></span> <span class='ocrx_word' id='word_1_201' title='bbox 874 2651 906 2705; x_wconf 88' lang='lat' dir='ltr'><strong>et</strong></span> <span class='ocrx_word' id='word_1_202' title='bbox 932 2651 965 2703; x_wconf 88' lang='lat' dir='ltr'><strong>tu</strong></span> <span class='ocrx_word' id='word_1_203' title='bbox 992 2660 1061 2704; x_wconf 81' lang='lat' dir='ltr'><strong>eum</strong></span> 
     </span>
     <span class='ocr_line' id='line_1_30' title="bbox 136 2726 1061 2809; baseline 0.001 -23"><span class='ocrx_word' id='word_1_204' title='bbox 136 2726 273 2802; x_wconf 82' lang='lat' dir='ltr'><strong>damnas,</strong></span> <span class='ocrx_word' id='word_1_205' title='bbox 296 2731 346 2809; x_wconf 91' lang='lat' dir='ltr'><strong>qui</strong></span> <span class='ocrx_word' id='word_1_206' title='bbox 369 2749 430 2791; x_wconf 90' lang='lat' dir='ltr'><strong>uon</strong></span> <span class='ocrx_word' id='word_1_207' title='bbox 456 2738 503 2790; x_wconf 91' lang='lat' dir='ltr'><strong>eat</strong></span> <span class='ocrx_word' id='word_1_208' title='bbox 523 2730 710 2803; x_wconf 79' lang='lat' dir='ltr'><strong>haereticus,</strong></span> <span class='ocrx_word' id='word_1_209' title='bbox 739 2748 777 2789; x_wconf 90' lang='lat' dir='ltr'><strong>ac</strong></span> <span class='ocrx_word' id='word_1_210' title='bbox 805 2748 860 2808; x_wconf 87' lang='lat' dir='ltr'><strong>per</strong></span> <span class='ocrx_word' id='word_1_211' title='bbox 889 2727 949 2789; x_wconf 92' lang='lat' dir='ltr'><strong>hoc</strong></span> <span class='ocrx_word' id='word_1_212' title='bbox 972 2742 1061 2787; x_wconf 82' lang='lat' dir='ltr'><strong>verus</strong></span> 
     </span>
     <span class='ocr_line' id='line_1_31' title="bbox 137 2810 1063 2889; baseline -0.001 -19"><span class='ocrx_word' id='word_1_213' title='bbox 137 2819 167 2871; x_wconf 90' lang='lat' dir='ltr'><strong>et</strong></span> <span class='ocrx_word' id='word_1_214' title='bbox 184 2811 363 2887; x_wconf 81' lang='lat' dir='ltr'><strong>catholicus,</strong></span> <span class='ocrx_word' id='word_1_215' title='bbox 385 2814 503 2873; x_wconf 88' lang='lat' dir='ltr'><strong>etiamsi</strong></span> <span class='ocrx_word' id='word_1_216' title='bbox 515 2814 555 2873; x_wconf 90' lang='lat' dir='ltr'><strong>sit</strong></span> <span class='ocrx_word' id='word_1_217' title='bbox 572 2813 745 2873; x_wconf 86' lang='lat' dir='ltr'><strong>sexcenties</strong></span> <span class='ocrx_word' id='word_1_218' title='bbox 758 2810 935 2889; x_wconf 71' lang='lat' dir='ltr'><strong>offendens,</strong></span> <span class='ocrx_word' id='word_1_219' title='bbox 958 2826 1063 2870; x_wconf 85' lang='lat' dir='ltr'><strong>nonne</strong></span> 
     </span>
     <span class='ocr_line' id='line_1_32' title="bbox 136 2891 1061 2974; baseline 0 -21"><span class='ocrx_word' id='word_1_220' title='bbox 136 2895 297 2974; x_wconf 90' lang='lat' dir='ltr'><strong>impudens</strong></span> <span class='ocrx_word' id='word_1_221' title='bbox 311 2914 347 2956; x_wconf 91' lang='lat' dir='ltr'><strong>os</strong></span> <span class='ocrx_word' id='word_1_222' title='bbox 359 2904 442 2955; x_wconf 87' lang='lat' dir='ltr'><strong>tuum</strong></span> <span class='ocrx_word' id='word_1_223' title='bbox 466 2896 590 2957; x_wconf 91' lang='lat' dir='ltr'><strong>damnat</strong></span> <span class='ocrx_word' id='word_1_224' title='bbox 605 2915 638 2955; x_wconf 89' lang='lat' dir='ltr'><strong>se</strong></span> <span class='ocrx_word' id='word_1_225' title='bbox 648 2897 759 2974; x_wconf 78' lang='lat' dir='ltr'><strong>ipsum,</strong></span> <span class='ocrx_word' id='word_1_226' title='bbox 777 2912 839 2954; x_wconf 93' lang='lat' dir='ltr'><strong>non</strong></span> <span class='ocrx_word' id='word_1_227' title='bbox 852 2892 945 2955; x_wconf 88' lang='lat' dir='ltr'><strong>modo</strong></span> <span class='ocrx_word' id='word_1_228' title='bbox 958 2891 1061 2954; x_wconf 86' lang='lat' dir='ltr'><strong>haerc-</strong></span> 
     </span>
     <span class='ocr_line' id='line_1_33' title="bbox 136 2976 1063 3059; baseline -0.002 -22"><span class='ocrx_word' id='word_1_229' title='bbox 136 2995 217 3054; x_wconf 81' lang='lat' dir='ltr'><strong>secs,</strong></span> <span class='ocrx_word' id='word_1_230' title='bbox 230 2977 616 3059; x_wconf 84' lang='lat' dir='ltr'><strong>aedextremaeimpietatis</strong></span> <span class='ocrx_word' id='word_1_231' title='bbox 631 2985 661 3038; x_wconf 88' lang='lat' dir='ltr'><strong>et</strong></span> <span class='ocrx_word' id='word_1_232' title='bbox 669 2976 888 3057; x_wconf 86' lang='lat' dir='ltr'><strong>blasphemiae,</strong></span> <span class='ocrx_word' id='word_1_233' title='bbox 899 2976 1063 3055; x_wconf 84' lang='lat' dir='ltr'><strong>laesaeque</strong></span> 
     </span>
     <span class='ocr_line' id='line_1_34' title="bbox 136 3058 1063 3138; baseline 0.001 -19"><span class='ocrx_word' id='word_1_234' title='bbox 136 3060 304 3121; x_wconf 88' lang='lat' dir='ltr'><strong>maiestatis</strong></span> <span class='ocrx_word' id='word_1_235' title='bbox 325 3061 355 3121; x_wconf 94' lang='lat' dir='ltr'><strong>in</strong></span> <span class='ocrx_word' id='word_1_236' title='bbox 379 3063 537 3122; x_wconf 87' lang='lat' dir='ltr'><strong>veritatem</strong></span> <span class='ocrx_word' id='word_1_237' title='bbox 567 3060 724 3121; x_wconf 82' lang='lat' dir='ltr'><strong>divinam?</strong></span> <span class='ocrx_word' id='word_1_238' title='bbox 756 3058 951 3138; x_wconf 89' lang='lat' dir='ltr'><strong>ostenditque</strong></span> <span class='ocrx_word' id='word_1_239' title='bbox 982 3076 1063 3133; x_wconf 83' lang='lat' dir='ltr'><strong>vere,</strong></span> 
     </span>
     <span class='ocr_line' id='line_1_35' title="bbox 136 3141 1064 3223; baseline 0.001 -21"><span class='ocrx_word' id='word_1_240' title='bbox 136 3149 166 3203; x_wconf 89' lang='lat' dir='ltr'><strong>te</strong></span> <span class='ocrx_word' id='word_1_241' title='bbox 187 3162 256 3203; x_wconf 88' lang='lat' dir='ltr'><strong>eum</strong></span> <span class='ocrx_word' id='word_1_242' title='bbox 280 3162 348 3203; x_wconf 88' lang='lat' dir='ltr'><strong>esse</strong></span> <span class='ocrx_word' id='word_1_243' title='bbox 371 3143 541 3221; x_wconf 75' lang='lat' dir='ltr'><strong>hominem,</strong></span> <span class='ocrx_word' id='word_1_244' title='bbox 573 3145 624 3223; x_wconf 92' lang='lat' dir='ltr'><strong>qui</strong></span> <span class='ocrx_word' id='word_1_245' title='bbox 645 3143 824 3205; x_wconf 86' lang='lat' dir='ltr'><strong>adversatur</strong></span> <span class='ocrx_word' id='word_1_246' title='bbox 855 3148 885 3203; x_wconf 91' lang='lat' dir='ltr'><strong>et</strong></span> <span class='ocrx_word' id='word_1_247' title='bbox 908 3141 1064 3204; x_wconf 84' lang='lat' dir='ltr'><strong>extollitur</strong></span> 
     </span>
     <span class='ocr_line' id='line_1_36' title="bbox 139 3220 1064 3307; baseline -0.002 -22"><span class='ocrx_word' id='word_1_248' title='bbox 139 3245 231 3305; x_wconf 85' lang='lat' dir='ltr'><strong>super</strong></span> <span class='ocrx_word' id='word_1_249' title='bbox 254 3245 362 3304; x_wconf 86' lang='lat' dir='ltr'><strong>omne,</strong></span> <span class='ocrx_word' id='word_1_250' title='bbox 391 3228 473 3307; x_wconf 88' lang='lat' dir='ltr'><strong>quod</strong></span> <span class='ocrx_word' id='word_1_251' title='bbox 501 3228 609 3288; x_wconf 87' lang='lat' dir='ltr'><strong>dicitur</strong></span> <span class='ocrx_word' id='word_1_252' title='bbox 637 3236 690 3288; x_wconf 88' lang='lat' dir='ltr'><strong>aut</strong></span> <span class='ocrx_word' id='word_1_253' title='bbox 720 3225 802 3305; x_wconf 87' lang='lat' dir='ltr'><strong>quod</strong></span> <span class='ocrx_word' id='word_1_254' title='bbox 825 3224 936 3286; x_wconf 88' lang='lat' dir='ltr'><strong>colitur</strong></span> <span class='ocrx_word' id='word_1_255' title='bbox 957 3220 1064 3287; x_wconf 82' lang='lat' dir='ltr'><strong>Densi</strong></span> 
     </span>
    </p>

    <p class='ocr_par' dir='ltr' id='par_1_5' title="bbox 38 3306 1067 3805">
     <span class='ocr_line' id='line_1_37' title="bbox 136 3306 1063 3391; baseline 0 -23"><span class='ocrx_word' id='word_1_256' title='bbox 136 3308 246 3369; x_wconf 86' lang='lat' dir='ltr'><strong>Nonne</strong></span> <span class='ocrx_word' id='word_1_257' title='bbox 259 3316 291 3369; x_wconf 87' lang='lat' dir='ltr'><strong>tu</strong></span> <span class='ocrx_word' id='word_1_258' title='bbox 308 3328 341 3368; x_wconf 89' lang='lat' dir='ltr'><strong>es</strong></span> <span class='ocrx_word' id='word_1_259' title='bbox 358 3310 452 3371; x_wconf 91' lang='lat' dir='ltr'><strong>homo</strong></span> <span class='ocrx_word' id='word_1_260' title='bbox 473 3311 525 3371; x_wconf 90' lang='lat' dir='ltr'><strong>ille</strong></span> <span class='ocrx_word' id='word_1_261' title='bbox 536 3312 655 3391; x_wconf 87' lang='lat' dir='ltr'><strong>peccati</strong></span> <span class='ocrx_word' id='word_1_262' title='bbox 669 3319 699 3370; x_wconf 86' lang='lat' dir='ltr'><strong>et</strong></span> <span class='ocrx_word' id='word_1_263' title='bbox 711 3308 790 3369; x_wconf 84' lang='lat' dir='ltr'><strong>tilius</strong></span> <span class='ocrx_word' id='word_1_264' title='bbox 801 3308 993 3389; x_wconf 77' lang='lat' dir='ltr'><strong>perditionis,</strong></span> <span class='ocrx_word' id='word_1_265' title='bbox 1034 3306 1063 3369; x_wconf 91' lang='lat' dir='ltr'><strong>ui</strong></span> 
     </span>
     <span class='ocr_line' id='line_1_38' title="bbox 38 3324 1064 3472; baseline -0.001 -20"><span class='ocrx_word' id='word_1_266' title='bbox 38 3384 43 3393; x_wconf 75' lang='grc'><em>’</em></span> <span class='ocrx_word' id='word_1_267' title='bbox 137 3399 231 3472; x_wconf 86' lang='lat' dir='ltr'><strong>negat</strong></span> <span class='ocrx_word' id='word_1_268' title='bbox 244 3391 342 3452; x_wconf 88' lang='lat' dir='ltr'><strong>Deum</strong></span> <span class='ocrx_word' id='word_1_269' title='bbox 354 3400 501 3457; x_wconf 87' lang='lat' dir='ltr'><strong>emtorem</strong></span> <span class='ocrx_word' id='word_1_270' title='bbox 513 3414 600 3454; x_wconf 88' lang='lat' dir='ltr'><strong>suum</strong></span> <span class='ocrx_word' id='word_1_271' title='bbox 614 3403 644 3454; x_wconf 91' lang='lat' dir='ltr'><strong>et</strong></span> <span class='ocrx_word' id='word_1_272' title='bbox 653 3394 811 3455; x_wconf 83' lang='lat' dir='ltr'><strong>ceritatem</strong></span> <span class='ocrx_word' id='word_1_273' title='bbox 823 3392 960 3452; x_wconf 86' lang='lat' dir='ltr'><strong>veritatis</strong></span> <span class='ocrx_word' id='word_1_274' title='bbox 975 3324 1064 3465; x_wconf 75' lang='lat' dir='ltr'><strong>tollit,</strong></span> 
     </span>
     <span class='ocr_line' id='line_1_39' title="bbox 136 3472 1064 3555; baseline -0.001 -21"><span class='ocrx_word' id='word_1_275' title='bbox 136 3479 170 3534; x_wconf 92' lang='lat' dir='ltr'><strong>ut</strong></span> <span class='ocrx_word' id='word_1_276' title='bbox 191 3476 401 3555; x_wconf 88' lang='lat' dir='ltr'><strong>operationem</strong></span> <span class='ocrx_word' id='word_1_277' title='bbox 416 3478 526 3538; x_wconf 78' lang='lat' dir='ltr'><strong>errods</strong></span> <span class='ocrx_word' id='word_1_278' title='bbox 541 3479 586 3537; x_wconf 89' lang='lat' dir='ltr'><strong>sui</strong></span> <span class='ocrx_word' id='word_1_279' title='bbox 609 3482 732 3551; x_wconf 86' lang='lat' dir='ltr'><strong>statuat,</strong></span> <span class='ocrx_word' id='word_1_280' title='bbox 755 3493 818 3554; x_wconf 88' lang='lat' dir='ltr'><strong>quc</strong></span> <span class='ocrx_word' id='word_1_281' title='bbox 830 3473 994 3535; x_wconf 85' lang='lat' dir='ltr'><strong>credamus</strong></span> <span class='ocrx_word' id='word_1_282' title='bbox 1010 3472 1064 3535; x_wconf 89' lang='lat' dir='ltr'><strong>inl·</strong></span> 
     </span>
     <span class='ocr_line' id='line_1_40' title="bbox 137 3555 1066 3640; baseline 0.002 -23"><span class='ocrx_word' id='word_1_283' title='bbox 137 3558 255 3637; x_wconf 80' lang='lat' dir='ltr'><strong>quitali,</strong></span> <span class='ocrx_word' id='word_1_284' title='bbox 277 3567 310 3618; x_wconf 87' lang='lat' dir='ltr'><strong>ut</strong></span> <span class='ocrx_word' id='word_1_285' title='bbox 324 3559 432 3621; x_wconf 83' lang='lat' dir='ltr'><strong>Paulus</strong></span> <span class='ocrx_word' id='word_1_286' title='bbox 442 3559 615 3640; x_wconf 80' lang='lat' dir='ltr'><strong>praedixit?</strong></span> <span class='ocrx_word' id='word_1_287' title='bbox 637 3559 669 3620; x_wconf 80' lang='lat' dir='ltr'><strong>si</strong></span> <span class='ocrx_word' id='word_1_288' title='bbox 686 3558 766 3618; x_wconf 89' lang='lat' dir='ltr'><strong>enim</strong></span> <span class='ocrx_word' id='word_1_289' title='bbox 783 3557 928 3618; x_wconf 85' lang='lat' dir='ltr'><strong>articulus</strong></span> <span class='ocrx_word' id='word_1_290' title='bbox 938 3555 1066 3619; x_wconf 83' lang='lat' dir='ltr'><strong>haereti·</strong></span> 
     </span>
     <span class='ocr_line' id='line_1_41' title="bbox 137 3638 1066 3722; baseline 0.001 -22"><span class='ocrx_word' id='word_1_291' title='bbox 137 3659 259 3701; x_wconf 90' lang='lat' dir='ltr'><strong>cnsnon</strong></span> <span class='ocrx_word' id='word_1_292' title='bbox 270 3648 326 3713; x_wconf 77' lang='lat' dir='ltr'><strong>est,</strong></span> <span class='ocrx_word' id='word_1_293' title='bbox 344 3661 406 3703; x_wconf 92' lang='lat' dir='ltr'><strong>non</strong></span> <span class='ocrx_word' id='word_1_294' title='bbox 416 3649 519 3722; x_wconf 87' lang='lat' dir='ltr'><strong>potest</strong></span> <span class='ocrx_word' id='word_1_295' title='bbox 531 3663 601 3704; x_wconf 87' lang='lat' dir='ltr'><strong>esse</strong></span> <span class='ocrx_word' id='word_1_296' title='bbox 611 3643 776 3704; x_wconf 83' lang='lat' dir='ltr'><strong>offensivus</strong></span> <span class='ocrx_word' id='word_1_297' title='bbox 793 3638 1066 3714; x_wconf 74' lang='lat' dir='ltr'><strong>autscaudalosus,</strong></span> 
     </span>
     <span class='ocr_line' id='line_1_42' title="bbox 136 3723 1067 3805; baseline 0.002 -21"><span class='ocrx_word' id='word_1_298' title='bbox 136 3724 194 3784; x_wconf 89' lang='lat' dir='ltr'><strong>nisi</strong></span> <span class='ocrx_word' id='word_1_299' title='bbox 204 3724 365 3786; x_wconf 74' lang='lat' dir='ltr'><strong>haereticis</strong></span> <span class='ocrx_word' id='word_1_300' title='bbox 373 3725 557 3787; x_wconf 88' lang='lat' dir='ltr'><strong>antichristis</strong></span> <span class='ocrx_word' id='word_1_301' title='bbox 567 3733 598 3788; x_wconf 91' lang='lat' dir='ltr'><strong>et</strong></span> <span class='ocrx_word' id='word_1_302' title='bbox 610 3725 864 3805; x_wconf 81' lang='lat' dir='ltr'><strong>satauispictatis.</strong></span> <span class='ocrx_word' id='word_1_303' title='bbox 887 3723 968 3786; x_wconf 88' lang='lat' dir='ltr'><strong>Vide</strong></span> <span class='ocrx_word' id='word_1_304' title='bbox 980 3740 1067 3805; x_wconf 68' lang='lat' dir='ltr'><strong>crgo,</strong></span> 
     </span>
    </p>
   </div>
   <div class='ocr_carea' id='block_1_3' title="bbox 140 3804 1069 3890">
    <p class='ocr_par' dir='ltr' id='par_1_6' title="bbox 140 3804 1069 3890">
     <span class='ocr_line' id='line_1_43' title="bbox 140 3804 1069 3890; baseline 0.003 -20"><span class='ocrx_word' id='word_1_305' title='bbox 140 3825 233 3889; x_wconf 74' lang='lat' dir='ltr'><strong>qmm</strong></span> <span class='ocrx_word' id='word_1_306' title='bbox 264 3806 392 3890; x_wconf 83' lang='lat' dir='ltr'><strong>pulchre</strong></span> <span class='ocrx_word' id='word_1_307' title='bbox 422 3807 506 3873; x_wconf 87' lang='lat' dir='ltr'><strong>bulla</strong></span> <span class='ocrx_word' id='word_1_308' title='bbox 535 3810 597 3873; x_wconf 86' lang='lat' dir='ltr'><strong>iate</strong></span> <span class='ocrx_word' id='word_1_309' title='bbox 631 3808 767 3872; x_wconf 88' lang='lat' dir='ltr'><strong>omnium</strong></span> <span class='ocrx_word' id='word_1_310' title='bbox 801 3804 1069 3890; x_wconf 75' lang='lat' dir='ltr'><strong>impudentiam·</strong></span> 
     </span>
    </p>
   </div>
   <div class='ocr_carea' id='block_1_4' title="bbox 0 0 1212 4170">
    <p class='ocr_par' dir='ltr' id='par_1_7' title="bbox 0 0 1212 4170">
     <span class='ocr_line' id='line_1_44' title="bbox 0 0 1212 4170; baseline 0 0"><span class='ocrx_word' id='word_1_311' title='bbox 0 0 1212 4170; x_wconf 95' lang='lat' dir='ltr'><strong> </strong></span> 
     </span>
    </p>
   </div>
  </div>
 </body>
</html>
