<?xml version="1.0" encoding="UTF-8"?>
<!DOCTYPE html PUBLIC "-//W3C//DTD XHTML 1.0 Transitional//EN"
    "http://www.w3.org/TR/xhtml1/DTD/xhtml1-transitional.dtd">
<html xmlns="http://www.w3.org/1999/xhtml" xml:lang="en" lang="en">
 <head>
  <title>
</title>
<meta http-equiv="Content-Type" content="text/html;charset=utf-8" />
  <meta name='ocr-system' content='tesseract 3.04.00' />
  <meta name='ocr-capabilities' content='ocr_page ocr_carea ocr_par ocr_line ocrx_word'/>
</head>
<body>
  <div class='ocr_page' id='page_1' title='image "./dmartinilutheri03luthgoog_0717.png"; bbox 0 0 2392 4170; ppageno 0'>
   <div class='ocr_carea' id='block_1_1' title="bbox 147 226 727 308">
    <p class='ocr_par' dir='ltr' id='par_1_1' title="bbox 147 226 727 308">
     <span class='ocr_line' id='line_1_1' title="bbox 147 226 727 308; baseline 0.002 -17"><span class='ocrx_word' id='word_1_1' title='bbox 147 229 211 303; x_wconf 70' lang='grc'><strong>174</strong></span> <span class='ocrx_word' id='word_1_2' title='bbox 502 230 544 293; x_wconf 86' lang='lat' dir='ltr'><strong>De</strong></span> <span class='ocrx_word' id='word_1_3' title='bbox 562 226 727 308; x_wconf 74' lang='lat' dir='ltr'><strong>abroganda</strong></span> 
     </span>
    </p>
   </div>
   <div class='ocr_carea' id='block_1_2' title="bbox 136 399 1076 3821">
    <p class='ocr_par' dir='ltr' id='par_1_2' title="bbox 136 399 1076 3821">
     <span class='ocr_line' id='line_1_2' title="bbox 147 399 1067 471; baseline 0.002 -8"><span class='ocrx_word' id='word_1_4' title='bbox 147 399 296 466; x_wconf 86' lang='lat' dir='ltr'><strong>vendunt</strong></span> <span class='ocrx_word' id='word_1_5' title='bbox 339 399 429 461; x_wconf 91' lang='lat' dir='ltr'><strong>Unde</strong></span> <span class='ocrx_word' id='word_1_6' title='bbox 450 408 604 462; x_wconf 88' lang='lat' dir='ltr'><strong>merentur</strong></span> <span class='ocrx_word' id='word_1_7' title='bbox 637 419 771 463; x_wconf 87' lang='lat' dir='ltr'><strong>errorem</strong></span> <span class='ocrx_word' id='word_1_8' title='bbox 800 401 882 463; x_wconf 86' lang='lat' dir='ltr'><strong>hunc</strong></span> <span class='ocrx_word' id='word_1_9' title='bbox 914 399 973 471; x_wconf 77' lang='lat' dir='ltr'><strong>eibi</strong></span> <span class='ocrx_word' id='word_1_10' title='bbox 1003 419 1067 465; x_wconf 83' lang='lat' dir='ltr'><strong>nou</strong></span> 
     </span>
     <span class='ocr_line' id='line_1_3' title="bbox 147 482 1067 566; baseline 0.003 -22"><span class='ocrx_word' id='word_1_11' title='bbox 147 484 279 564; x_wconf 74' lang='lat' dir='ltr'><strong>ignosci,</strong></span> <span class='ocrx_word' id='word_1_12' title='bbox 288 482 343 544; x_wconf 86' lang='lat' dir='ltr'><strong>sed</strong></span> <span class='ocrx_word' id='word_1_13' title='bbox 364 485 517 564; x_wconf 82' lang='lat' dir='ltr'><strong>imputari,</strong></span> <span class='ocrx_word' id='word_1_14' title='bbox 540 487 636 545; x_wconf 87' lang='lat' dir='ltr'><strong>etsie</strong></span> <span class='ocrx_word' id='word_1_15' title='bbox 659 485 744 566; x_wconf 86' lang='lat' dir='ltr'><strong>perdi</strong></span> <span class='ocrx_word' id='word_1_16' title='bbox 768 485 913 566; x_wconf 83' lang='lat' dir='ltr'><strong>exemplo</strong></span> <span class='ocrx_word' id='word_1_17' title='bbox 936 502 1067 551; x_wconf 82' lang='lat' dir='ltr'><strong>erruuuo</strong></span> 
     </span>
     <span class='ocr_line' id='line_1_4' title="bbox 148 565 1070 649; baseline 0.002 -23"><span class='ocrx_word' id='word_1_18' title='bbox 148 565 341 635; x_wconf 69' lang='lat' dir='ltr'><strong>Sanctorum.</strong></span> <span class='ocrx_word' id='word_1_19' title='bbox 383 566 486 628; x_wconf 84' lang='lat' dir='ltr'><strong>Corde</strong></span> <span class='ocrx_word' id='word_1_20' title='bbox 511 569 648 628; x_wconf 88' lang='lat' dir='ltr'><strong>enimet</strong></span> <span class='ocrx_word' id='word_1_21' title='bbox 675 587 763 628; x_wconf 86' lang='lat' dir='ltr'><strong>renes</strong></span> <span class='ocrx_word' id='word_1_22' title='bbox 784 570 933 649; x_wconf 87' lang='lat' dir='ltr'><strong>intuetur,</strong></span> <span class='ocrx_word' id='word_1_23' title='bbox 954 567 1070 631; x_wconf 77' lang='lat' dir='ltr'><strong>iudicet</strong></span> 
     </span>
     <span class='ocr_line' id='line_1_5' title="bbox 148 650 1069 732; baseline 0.003 -22"><span class='ocrx_word' id='word_1_24' title='bbox 148 658 181 717; x_wconf 89' lang='lat' dir='ltr'><strong>et</strong></span> <span class='ocrx_word' id='word_1_25' title='bbox 200 650 313 730; x_wconf 87' lang='lat' dir='ltr'><strong>probet</strong></span> <span class='ocrx_word' id='word_1_26' title='bbox 333 650 426 714; x_wconf 90' lang='lat' dir='ltr'><strong>Deus.</strong></span> <span class='ocrx_word' id='word_1_27' title='bbox 469 651 543 711; x_wconf 89' lang='lat' dir='ltr'><strong>ideo</strong></span> <span class='ocrx_word' id='word_1_28' title='bbox 566 652 654 711; x_wconf 87' lang='lat' dir='ltr'><strong>unius</strong></span> <span class='ocrx_word' id='word_1_29' title='bbox 682 670 814 711; x_wconf 88' lang='lat' dir='ltr'><strong>errorem</strong></span> <span class='ocrx_word' id='word_1_30' title='bbox 845 650 903 713; x_wconf 82' lang='lat' dir='ltr'><strong>sert</strong></span> <span class='ocrx_word' id='word_1_31' title='bbox 923 657 955 712; x_wconf 90' lang='lat' dir='ltr'><strong>et</strong></span> <span class='ocrx_word' id='word_1_32' title='bbox 982 653 1069 732; x_wconf 79' lang='lat' dir='ltr'><strong>igno-</strong></span> 
     </span>
     <span class='ocr_line' id='line_1_6' title="bbox 148 720 1070 814; baseline 0 -19"><span class='ocrx_word' id='word_1_33' title='bbox 148 735 218 811; x_wconf 87' lang='lat' dir='ltr'><strong>scit,</strong></span> <span class='ocrx_word' id='word_1_34' title='bbox 240 742 271 793; x_wconf 89' lang='lat' dir='ltr'><strong>et</strong></span> <span class='ocrx_word' id='word_1_35' title='bbox 293 735 453 794; x_wconf 88' lang='lat' dir='ltr'><strong>eundem</strong></span> <span class='ocrx_word' id='word_1_36' title='bbox 445 754 475 794; x_wconf 91' lang='lat' dir='ltr'><strong>m</strong></span> <span class='ocrx_word' id='word_1_37' title='bbox 499 735 560 795; x_wconf 85' lang='lat' dir='ltr'><strong>etio</strong></span> <span class='ocrx_word' id='word_1_38' title='bbox 590 720 715 794; x_wconf 83' lang='lat' dir='ltr'><strong>damnet</strong></span> <span class='ocrx_word' id='word_1_39' title='bbox 746 743 776 794; x_wconf 85' lang='lat' dir='ltr'><strong>et</strong></span> <span class='ocrx_word' id='word_1_40' title='bbox 809 737 912 814; x_wconf 88' lang='lat' dir='ltr'><strong>punit,</strong></span> <span class='ocrx_word' id='word_1_41' title='bbox 941 735 981 794; x_wconf 90' lang='lat' dir='ltr'><strong>ob</strong></span> <span class='ocrx_word' id='word_1_42' title='bbox 1003 754 1070 796; x_wconf 84' lang='lat' dir='ltr'><strong>cor</strong></span> 
     </span>
     <span class='ocr_line' id='line_1_7' title="bbox 148 815 1069 879; baseline 0.003 -3"><span class='ocrx_word' id='word_1_43' title='bbox 148 817 260 876; x_wconf 92' lang='lat' dir='ltr'><strong>dium</strong></span> <span class='ocrx_word' id='word_1_44' title='bbox 252 836 282 876; x_wconf 88' lang='grc' dir='ltr'><strong>ιιι</strong></span> <span class='ocrx_word' id='word_1_45' title='bbox 305 815 366 877; x_wconf 86' lang='lat' dir='ltr'><strong>fide</strong></span> <span class='ocrx_word' id='word_1_46' title='bbox 387 828 417 878; x_wconf 86' lang='lat' dir='ltr'><strong>et</strong></span> <span class='ocrx_word' id='word_1_47' title='bbox 438 817 609 877; x_wconf 77' lang='lat' dir='ltr'><strong>humilitate</strong></span> <span class='ocrx_word' id='word_1_48' title='bbox 641 819 859 879; x_wconf 81' lang='lat' dir='ltr'><strong>diversitatem.</strong></span> <span class='ocrx_word' id='word_1_49' title='bbox 900 818 993 878; x_wconf 83' lang='lat' dir='ltr'><strong>Tales</strong></span> <span class='ocrx_word' id='word_1_50' title='bbox 1015 838 1069 879; x_wconf 82' lang='grc' dir='ltr'><strong>ιιιι·</strong></span> 
     </span>
     <span class='ocr_line' id='line_1_8' title="bbox 147 899 1067 979; baseline -0.001 -18"><span class='ocrx_word' id='word_1_51' title='bbox 147 906 208 961; x_wconf 89' lang='lat' dir='ltr'><strong>tem</strong></span> <span class='ocrx_word' id='word_1_52' title='bbox 230 899 325 961; x_wconf 85' lang='lat' dir='ltr'><strong>inisse</strong></span> <span class='ocrx_word' id='word_1_53' title='bbox 345 899 489 978; x_wconf 79' lang='lat' dir='ltr'><strong>Sanctus,</strong></span> <span class='ocrx_word' id='word_1_54' title='bbox 511 902 617 979; x_wconf 86' lang='lat' dir='ltr'><strong>qusies</strong></span> <span class='ocrx_word' id='word_1_55' title='bbox 639 900 715 977; x_wconf 86' lang='lat' dir='ltr'>dixi,</span> <span class='ocrx_word' id='word_1_56' title='bbox 738 899 992 962; x_wconf 83' lang='lat' dir='ltr'><strong>illudBemhurdi</strong></span> <span class='ocrx_word' id='word_1_57' title='bbox 1014 903 1067 961; x_wconf 91' lang='lat' dir='ltr'><strong>mi·</strong></span> 
     </span>
     <span class='ocr_line' id='line_1_9' title="bbox 147 982 1070 1064; baseline 0.002 -21"><span class='ocrx_word' id='word_1_58' title='bbox 147 982 179 1043; x_wconf 91' lang='lat' dir='ltr'><strong>hi</strong></span> <span class='ocrx_word' id='word_1_59' title='bbox 200 982 376 1063; x_wconf 78' lang='lat' dir='ltr'>persuadet,</span> <span class='ocrx_word' id='word_1_60' title='bbox 397 984 468 1044; x_wconf 95' lang='lat' dir='ltr'><strong>dum</strong></span> <span class='ocrx_word' id='word_1_61' title='bbox 491 983 716 1062; x_wconf 74' lang='lat' dir='ltr'>pusillanimem</span> <span class='ocrx_word' id='word_1_62' title='bbox 739 983 874 1045; x_wconf 74' lang='lat' dir='ltr'><strong>Fratrem</strong></span> <span class='ocrx_word' id='word_1_63' title='bbox 896 985 1002 1064; x_wconf 63' lang='lat' dir='ltr'><strong>coegit</strong></span> <span class='ocrx_word' id='word_1_64' title='bbox 1022 1002 1070 1045; x_wconf 88' lang='lat' dir='ltr'><strong>oe·</strong></span> 
     </span>
     <span class='ocr_line' id='line_1_10' title="bbox 147 1065 1070 1148; baseline 0.002 -23"><span class='ocrx_word' id='word_1_65' title='bbox 147 1065 277 1145; x_wconf 88' lang='lat' dir='ltr'><strong>lebrere,</strong></span> <span class='ocrx_word' id='word_1_66' title='bbox 300 1067 419 1128; x_wconf 90' lang='lat' dir='ltr'><strong>dicens:</strong></span> <span class='ocrx_word' id='word_1_67' title='bbox 443 1067 540 1145; x_wconf 79' lang='lat' dir='ltr'><strong>Vade,</strong></span> <span class='ocrx_word' id='word_1_68' title='bbox 563 1067 677 1144; x_wconf 78' lang='lat' dir='ltr'><strong>Frater,</strong></span> <span class='ocrx_word' id='word_1_69' title='bbox 700 1067 823 1128; x_wconf 82' lang='lat' dir='ltr'><strong>celebre</strong></span> <span class='ocrx_word' id='word_1_70' title='bbox 853 1069 883 1127; x_wconf 91' lang='lat' dir='ltr'><strong>in</strong></span> <span class='ocrx_word' id='word_1_71' title='bbox 905 1066 969 1129; x_wconf 85' lang='lat' dir='ltr'><strong>fide</strong></span> <span class='ocrx_word' id='word_1_72' title='bbox 990 1087 1070 1148; x_wconf 72' lang='lat' dir='ltr'><strong>mes,</strong></span> 
     </span>
     <span class='ocr_line' id='line_1_11' title="bbox 149 1149 1068 1231; baseline 0.002 -22"><span class='ocrx_word' id='word_1_73' title='bbox 149 1150 201 1230; x_wconf 91' lang='lat' dir='ltr'><strong>qui</strong></span> <span class='ocrx_word' id='word_1_74' title='bbox 228 1169 299 1209; x_wconf 89' lang='lat' dir='ltr'><strong>cum</strong></span> <span class='ocrx_word' id='word_1_75' title='bbox 332 1152 378 1210; x_wconf 84' lang='lat' dir='ltr'><strong>sio</strong></span> <span class='ocrx_word' id='word_1_76' title='bbox 409 1149 541 1229; x_wconf 85' lang='lat' dir='ltr'><strong>feceret,</strong></span> <span class='ocrx_word' id='word_1_77' title='bbox 579 1149 724 1210; x_wconf 78' lang='lat' dir='ltr'><strong>liberatus</strong></span> <span class='ocrx_word' id='word_1_78' title='bbox 753 1157 809 1211; x_wconf 89' lang='lat' dir='ltr'><strong>est.</strong></span> <span class='ocrx_word' id='word_1_79' title='bbox 853 1149 960 1231; x_wconf 85' lang='lat' dir='ltr'><strong>Vides,</strong></span> <span class='ocrx_word' id='word_1_80' title='bbox 983 1161 1017 1211; x_wconf 92' lang='lat' dir='ltr'><strong>nt</strong></span> <span class='ocrx_word' id='word_1_81' title='bbox 1037 1153 1068 1211; x_wconf 92' lang='lat' dir='ltr'><strong>in</strong></span> 
     </span>
     <span class='ocr_line' id='line_1_12' title="bbox 146 1231 1070 1314; baseline -0.001 -21"><span class='ocrx_word' id='word_1_82' title='bbox 146 1231 209 1294; x_wconf 86' lang='lat' dir='ltr'><strong>iide</strong></span> <span class='ocrx_word' id='word_1_83' title='bbox 230 1234 276 1292; x_wconf 88' lang='lat' dir='ltr'><strong>vir</strong></span> <span class='ocrx_word' id='word_1_84' title='bbox 306 1240 430 1294; x_wconf 86' lang='lat' dir='ltr'><strong>senctus</strong></span> <span class='ocrx_word' id='word_1_85' title='bbox 459 1239 541 1294; x_wconf 90' lang='lat' dir='ltr'><strong>totus</strong></span> <span class='ocrx_word' id='word_1_86' title='bbox 568 1234 745 1314; x_wconf 80' lang='lat' dir='ltr'><strong>incesserit,</strong></span> <span class='ocrx_word' id='word_1_87' title='bbox 775 1251 854 1312; x_wconf 83' lang='lat' dir='ltr'><strong>quoe</strong></span> <span class='ocrx_word' id='word_1_88' title='bbox 880 1252 943 1294; x_wconf 93' lang='lat' dir='ltr'><strong>non</strong></span> <span class='ocrx_word' id='word_1_89' title='bbox 966 1241 1070 1314; x_wconf 88' lang='lat' dir='ltr'><strong>potest</strong></span> 
     </span>
     <span class='ocr_line' id='line_1_13' title="bbox 147 1314 1070 1397; baseline 0.002 -21"><span class='ocrx_word' id='word_1_90' title='bbox 147 1317 259 1396; x_wconf 78' lang='lat' dir='ltr'><strong>permit</strong></span> <span class='ocrx_word' id='word_1_91' title='bbox 259 1323 324 1377; x_wconf 87' lang='lat' dir='ltr'><strong>tere</strong></span> <span class='ocrx_word' id='word_1_92' title='bbox 357 1324 390 1377; x_wconf 91' lang='lat' dir='ltr'><strong>ut</strong></span> <span class='ocrx_word' id='word_1_93' title='bbox 417 1316 541 1396; x_wconf 84' lang='lat' dir='ltr'><strong>perdet,</strong></span> <span class='ocrx_word' id='word_1_94' title='bbox 569 1314 792 1395; x_wconf 75' lang='lat' dir='ltr'><strong>quantumlibet</strong></span> <span class='ocrx_word' id='word_1_95' title='bbox 824 1336 954 1397; x_wconf 78' lang='lat' dir='ltr'><strong>magnus</strong></span> <span class='ocrx_word' id='word_1_96' title='bbox 975 1335 1070 1379; x_wconf 86' lang='lat' dir='ltr'><strong>error</strong></span> 
     </span>
     <span class='ocr_line' id='line_1_14' title="bbox 147 1398 1070 1496; baseline -0.002 -31"><span class='ocrx_word' id='word_1_97' title='bbox 147 1398 234 1465; x_wconf 74' lang='lat' dir='ltr'><strong>Haec</strong></span> <span class='ocrx_word' id='word_1_98' title='bbox 255 1400 321 1459; x_wconf 90' lang='lat' dir='ltr'><strong>scio</strong></span> <span class='ocrx_word' id='word_1_99' title='bbox 343 1399 496 1496; x_wconf 83' lang='lat' dir='ltr'><strong>Sophistis</strong></span> <span class='ocrx_word' id='word_1_100' title='bbox 520 1401 594 1459; x_wconf 88' lang='lat' dir='ltr'><strong>mire</strong></span> <span class='ocrx_word' id='word_1_101' title='bbox 616 1399 814 1480; x_wconf 79' lang='lat' dir='ltr'><strong>displicitura,</strong></span> <span class='ocrx_word' id='word_1_102' title='bbox 836 1419 914 1480; x_wconf 91' lang='lat' dir='ltr'><strong>quos</strong></span> <span class='ocrx_word' id='word_1_103' title='bbox 934 1407 1070 1463; x_wconf 84' lang='lat' dir='ltr'><strong>contem·</strong></span> 
     </span>
     <span class='ocr_line' id='line_1_15' title="bbox 147 1481 1071 1564; baseline -0.001 -18"><span class='ocrx_word' id='word_1_104' title='bbox 147 1501 206 1560; x_wconf 86' lang='lat' dir='ltr'><strong>uo,</strong></span> <span class='ocrx_word' id='word_1_105' title='bbox 230 1481 324 1543; x_wconf 91' lang='lat' dir='ltr'><strong>modo</strong></span> <span class='ocrx_word' id='word_1_106' title='bbox 348 1484 406 1563; x_wconf 88' lang='lat' dir='ltr'><strong>piis</strong></span> <span class='ocrx_word' id='word_1_107' title='bbox 428 1483 625 1544; x_wconf 76' lang='lat' dir='ltr'><strong>conscientiis</strong></span> <span class='ocrx_word' id='word_1_108' title='bbox 647 1484 813 1562; x_wconf 85' lang='lat' dir='ltr'><strong>profuere,</strong></span> <span class='ocrx_word' id='word_1_109' title='bbox 840 1501 918 1563; x_wconf 82' lang='lat' dir='ltr'><strong>ques</strong></span> <span class='ocrx_word' id='word_1_110' title='bbox 938 1485 996 1564; x_wconf 89' lang='lat' dir='ltr'><strong>ipsi</strong></span> <span class='ocrx_word' id='word_1_111' title='bbox 1019 1503 1071 1545; x_wconf 80' lang='lat' dir='ltr'><strong>ex·</strong></span> 
     </span>
     <span class='ocr_line' id='line_1_16' title="bbox 147 1528 336 1633; baseline -0.022 -4"><span class='ocrx_word' id='word_1_112' title='bbox 147 1528 336 1633; x_wconf 69' lang='lat' dir='ltr'><strong>ceriificant</strong></span> 
     </span>
     <span class='ocr_line' id='line_1_17' title="bbox 230 1647 1070 1729; baseline 0 -18"><span class='ocrx_word' id='word_1_113' title='bbox 230 1647 364 1729; x_wconf 80' lang='lat' dir='ltr'><strong>Cognito</strong></span> <span class='ocrx_word' id='word_1_114' title='bbox 385 1650 490 1729; x_wconf 88' lang='lat' dir='ltr'><strong>iteque</strong></span> <span class='ocrx_word' id='word_1_115' title='bbox 518 1668 621 1710; x_wconf 88' lang='lat' dir='ltr'><strong>errore</strong></span> <span class='ocrx_word' id='word_1_116' title='bbox 641 1651 702 1710; x_wconf 88' lang='lat' dir='ltr'><strong>iem</strong></span> <span class='ocrx_word' id='word_1_117' title='bbox 719 1668 783 1710; x_wconf 91' lang='lat' dir='ltr'><strong>non</strong></span> <span class='ocrx_word' id='word_1_118' title='bbox 804 1649 877 1711; x_wconf 89' lang='lat' dir='ltr'><strong>licet</strong></span> <span class='ocrx_word' id='word_1_119' title='bbox 897 1649 1001 1711; x_wconf 90' lang='lat' dir='ltr'><strong>denno</strong></span> <span class='ocrx_word' id='word_1_120' title='bbox 1023 1668 1070 1711; x_wconf 87' lang='lat' dir='ltr'><strong>er·</strong></span> 
     </span>
     <span class='ocr_line' id='line_1_18' title="bbox 148 1732 1071 1815; baseline -0.002 -18"><span class='ocrx_word' id='word_1_121' title='bbox 148 1750 235 1813; x_wconf 75' lang='lat' dir='ltr'><strong>rure,</strong></span> <span class='ocrx_word' id='word_1_122' title='bbox 258 1740 290 1792; x_wconf 91' lang='lat' dir='ltr'><strong>et</strong></span> <span class='ocrx_word' id='word_1_123' title='bbox 315 1733 439 1795; x_wconf 82' lang='lat' dir='ltr'><strong>Missum</strong></span> <span class='ocrx_word' id='word_1_124' title='bbox 464 1751 519 1813; x_wconf 86' lang='lat' dir='ltr'><strong>pro</strong></span> <span class='ocrx_word' id='word_1_125' title='bbox 552 1732 703 1793; x_wconf 81' lang='lat' dir='ltr'><strong>sacrificio</strong></span> <span class='ocrx_word' id='word_1_126' title='bbox 726 1732 859 1815; x_wconf 81' lang='lat' dir='ltr'><strong>hebere,</strong></span> <span class='ocrx_word' id='word_1_127' title='bbox 894 1732 956 1792; x_wconf 92' lang='lat' dir='ltr'><strong>hoc</strong></span> <span class='ocrx_word' id='word_1_128' title='bbox 990 1734 1071 1795; x_wconf 83' lang='lat' dir='ltr'><strong>enim</strong></span> 
     </span>
     <span class='ocr_line' id='line_1_19' title="bbox 148 1814 1070 1881; baseline 0 -4"><span class='ocrx_word' id='word_1_129' title='bbox 148 1817 209 1881; x_wconf 79' lang='lat' dir='ltr'><strong>iem</strong></span> <span class='ocrx_word' id='word_1_130' title='bbox 233 1818 350 1877; x_wconf 86' lang='lat' dir='ltr'><strong>esset&#39;</strong></span> <span class='ocrx_word' id='word_1_131' title='bbox 342 1837 373 1877; x_wconf 90' lang='lat' dir='ltr'><strong>m</strong></span> <span class='ocrx_word' id='word_1_132' title='bbox 405 1822 504 1877; x_wconf 74' lang='lat' dir='ltr'><strong>totam</strong></span> <span class='ocrx_word' id='word_1_133' title='bbox 533 1814 625 1877; x_wconf 85' lang='lat' dir='ltr'><strong>fidem</strong></span> <span class='ocrx_word' id='word_1_134' title='bbox 655 1822 688 1878; x_wconf 90' lang='lat' dir='ltr'><strong>et</strong></span> <span class='ocrx_word' id='word_1_135' title='bbox 714 1825 821 1877; x_wconf 88' lang='lat' dir='ltr'><strong>contre</strong></span> <span class='ocrx_word' id='word_1_136' title='bbox 850 1817 1070 1877; x_wconf 74' lang='lat' dir='ltr'><strong>conscientiam</strong></span> 
     </span>
     <span class='ocr_line' id='line_1_20' title="bbox 170 1897 1070 1979; baseline 0.003 -18"><span class='ocrx_word' id='word_1_137' title='bbox 170 1919 288 1964; x_wconf 87' lang='lat' dir='ltr'><strong>eccere</strong></span> <span class='ocrx_word' id='word_1_138' title='bbox 331 1900 441 1979; x_wconf 84' lang='lat' dir='ltr'><strong>Neque</strong></span> <span class='ocrx_word' id='word_1_139' title='bbox 461 1899 512 1960; x_wconf 91' lang='lat' dir='ltr'><strong>hic</strong></span> <span class='ocrx_word' id='word_1_140' title='bbox 537 1897 615 1960; x_wconf 87' lang='lat' dir='ltr'><strong>fides</strong></span> <span class='ocrx_word' id='word_1_141' title='bbox 642 1907 696 1960; x_wconf 85' lang='lat' dir='ltr'><strong>out</strong></span> <span class='ocrx_word' id='word_1_142' title='bbox 717 1900 870 1960; x_wconf 86' lang='lat' dir='ltr'><strong>conteeeio</strong></span> <span class='ocrx_word' id='word_1_143' title='bbox 898 1907 1070 1964; x_wconf 76' lang='lat' dir='ltr'><strong>excusaret</strong></span> 
     </span>
     <span class='ocr_line' id='line_1_21' title="bbox 147 1919 1070 2065; baseline -0.003 -17"><span class='ocrx_word' id='word_1_144' title='bbox 147 1919 219 2049; x_wconf 54' lang='grc' dir='ltr'><strong>ἓοιι</strong></span> <span class='ocrx_word' id='word_1_145' title='bbox 241 1985 322 2044; x_wconf 92' lang='lat' dir='ltr'><strong>enim</strong></span> <span class='ocrx_word' id='word_1_146' title='bbox 344 1991 434 2065; x_wconf 90' lang='lat' dir='ltr'><strong>potes</strong></span> <span class='ocrx_word' id='word_1_147' title='bbox 457 1982 574 2043; x_wconf 88' lang='lat' dir='ltr'><strong>dicere:</strong></span> <span class='ocrx_word' id='word_1_148' title='bbox 599 1983 679 2044; x_wconf 91' lang='lat' dir='ltr'><strong>Volo</strong></span> <span class='ocrx_word' id='word_1_149' title='bbox 702 1985 752 2064; x_wconf 86' lang='lat' dir='ltr'><strong>pie</strong></span> <span class='ocrx_word' id='word_1_150' title='bbox 774 2002 884 2045; x_wconf 83' lang='lat' dir='ltr'><strong>errore.</strong></span> <span class='ocrx_word' id='word_1_151' title='bbox 928 1981 1001 2046; x_wconf 89' lang='lat' dir='ltr'><strong>Pius</strong></span> <span class='ocrx_word' id='word_1_152' title='bbox 1023 2002 1070 2045; x_wconf 86' lang='lat' dir='ltr'><strong>er·</strong></span> 
     </span>
     <span class='ocr_line' id='line_1_22' title="bbox 147 2064 1071 2162; baseline -0.001 -34"><span class='ocrx_word' id='word_1_153' title='bbox 147 2085 199 2129; x_wconf 82' lang='lat' dir='ltr'><strong>ror</strong></span> <span class='ocrx_word' id='word_1_154' title='bbox 220 2073 268 2127; x_wconf 89' lang='lat' dir='ltr'><strong>est</strong></span> <span class='ocrx_word' id='word_1_155' title='bbox 288 2067 492 2162; x_wconf 77' lang='lat' dir='ltr'><strong>ignorantiae,</strong></span> <span class='ocrx_word' id='word_1_156' title='bbox 515 2064 578 2126; x_wconf 83' lang='lat' dir='ltr'><strong>iron</strong></span> <span class='ocrx_word' id='word_1_157' title='bbox 600 2068 757 2144; x_wconf 79' lang='lat' dir='ltr'><strong>scientiae,</strong></span> <span class='ocrx_word' id='word_1_158' title='bbox 781 2067 887 2146; x_wconf 81' lang='lat' dir='ltr'><strong>quates</strong></span> <span class='ocrx_word' id='word_1_159' title='bbox 900 2065 1071 2146; x_wconf 85' lang='lat' dir='ltr'><strong>Apostolus</strong></span> 
     </span>
     <span class='ocr_line' id='line_1_23' title="bbox 148 2148 1070 2227; baseline -0.001 -16"><span class='ocrx_word' id='word_1_160' title='bbox 148 2150 278 2211; x_wconf 88' lang='lat' dir='ltr'><strong>tolerere</strong></span> <span class='ocrx_word' id='word_1_161' title='bbox 300 2150 420 2211; x_wconf 92' lang='lat' dir='ltr'><strong>iubet</strong></span> <span class='ocrx_word' id='word_1_162' title='bbox 412 2170 442 2209; x_wconf 91' lang='lat' dir='ltr'><strong>m</strong></span> <span class='ocrx_word' id='word_1_163' title='bbox 465 2148 639 2211; x_wconf 78' lang='lat' dir='ltr'><strong>infirmitate</strong></span> <span class='ocrx_word' id='word_1_164' title='bbox 662 2169 789 2227; x_wconf 89' lang='lat' dir='ltr'><strong>eorum,</strong></span> <span class='ocrx_word' id='word_1_165' title='bbox 819 2149 908 2211; x_wconf 85' lang='lat' dir='ltr'><strong>Rom</strong></span> <span class='ocrx_word' id='word_1_166' title='bbox 932 2149 1070 2215; x_wconf 79' lang='lat' dir='ltr'><strong>14.1n</strong></span> 
     </span>
     <span class='ocr_line' id='line_1_24' title="bbox 148 2197 1070 2313; baseline -0.001 -18"><span class='ocrx_word' id='word_1_167' title='bbox 148 2252 204 2295; x_wconf 85' lang='lat' dir='ltr'><strong>eos</strong></span> <span class='ocrx_word' id='word_1_168' title='bbox 226 2234 277 2313; x_wconf 90' lang='lat' dir='ltr'><strong>qui</strong></span> <span class='ocrx_word' id='word_1_169' title='bbox 298 2234 443 2313; x_wconf 85' lang='lat' dir='ltr'><strong>ignorent</strong></span> <span class='ocrx_word' id='word_1_170' title='bbox 465 2234 565 2294; x_wconf 84' lang='lat' dir='ltr'><strong>adhuc</strong></span> <span class='ocrx_word' id='word_1_171' title='bbox 587 2252 736 2313; x_wconf 91' lang='lat' dir='ltr'><strong>errorem,</strong></span> <span class='ocrx_word' id='word_1_172' title='bbox 759 2197 789 2293; x_wconf 87' lang='lat' dir='ltr'><strong>ei</strong></span> <span class='ocrx_word' id='word_1_173' title='bbox 805 2241 909 2294; x_wconf 84' lang='lat' dir='ltr'><strong>temen</strong></span> <span class='ocrx_word' id='word_1_174' title='bbox 932 2231 993 2293; x_wconf 88' lang='lat' dir='ltr'><strong>flde</strong></span> <span class='ocrx_word' id='word_1_175' title='bbox 1016 2234 1070 2294; x_wconf 93' lang='lat' dir='ltr'><strong>mi·</strong></span> 
     </span>
     <span class='ocr_line' id='line_1_25' title="bbox 148 2313 1076 2396; baseline -0.002 -18"><span class='ocrx_word' id='word_1_176' title='bbox 148 2315 333 2383; x_wconf 79' lang='lat' dir='ltr'><strong>sericordiee</strong></span> <span class='ocrx_word' id='word_1_177' title='bbox 357 2317 416 2377; x_wconf 91' lang='lat' dir='ltr'><strong>Dei</strong></span> <span class='ocrx_word' id='word_1_178' title='bbox 436 2318 552 2395; x_wconf 84' lang='lat' dir='ltr'><strong>vivunt,</strong></span> <span class='ocrx_word' id='word_1_179' title='bbox 576 2336 637 2378; x_wconf 91' lang='lat' dir='ltr'><strong>non</strong></span> <span class='ocrx_word' id='word_1_180' title='bbox 662 2317 732 2378; x_wconf 90' lang='lat' dir='ltr'><strong>licet</strong></span> <span class='ocrx_word' id='word_1_181' title='bbox 753 2313 899 2377; x_wconf 82' lang='lat' dir='ltr'><strong>domuere</strong></span> <span class='ocrx_word' id='word_1_182' title='bbox 922 2324 1076 2396; x_wconf 80' lang='lat' dir='ltr'><strong>autsper·</strong></span> 
     </span>
     <span class='ocr_line' id='line_1_26' title="bbox 148 2400 1069 2481; baseline 0.002 -21"><span class='ocrx_word' id='word_1_183' title='bbox 148 2419 232 2479; x_wconf 90' lang='lat' dir='ltr'><strong>nere,</strong></span> <span class='ocrx_word' id='word_1_184' title='bbox 255 2400 355 2461; x_wconf 92' lang='lat' dir='ltr'><strong>donec</strong></span> <span class='ocrx_word' id='word_1_185' title='bbox 376 2409 407 2462; x_wconf 91' lang='lat' dir='ltr'><strong>et</strong></span> <span class='ocrx_word' id='word_1_186' title='bbox 428 2402 486 2481; x_wconf 92' lang='lat' dir='ltr'><strong>ipsi</strong></span> <span class='ocrx_word' id='word_1_187' title='bbox 509 2421 642 2463; x_wconf 90' lang='lat' dir='ltr'><strong>errorem</strong></span> <span class='ocrx_word' id='word_1_188' title='bbox 665 2401 846 2480; x_wconf 82' lang='lat' dir='ltr'><strong>intelligent.</strong></span> <span class='ocrx_word' id='word_1_189' title='bbox 878 2400 945 2460; x_wconf 88' lang='lat' dir='ltr'><strong>Hoc</strong></span> <span class='ocrx_word' id='word_1_190' title='bbox 966 2407 1069 2462; x_wconf 84' lang='lat' dir='ltr'><strong>antem</strong></span> 
     </span>
     <span class='ocr_line' id='line_1_27' title="bbox 149 2484 1070 2564; baseline 0 -20"><span class='ocrx_word' id='word_1_191' title='bbox 149 2484 302 2563; x_wconf 83' lang='lat' dir='ltr'><strong>egendum</strong></span> <span class='ocrx_word' id='word_1_192' title='bbox 325 2492 385 2563; x_wconf 89' lang='lat' dir='ltr'><strong>eet,</strong></span> <span class='ocrx_word' id='word_1_193' title='bbox 413 2492 446 2544; x_wconf 92' lang='lat' dir='ltr'><strong>ut</strong></span> <span class='ocrx_word' id='word_1_194' title='bbox 473 2502 558 2545; x_wconf 90' lang='lat' dir='ltr'><strong>error</strong></span> <span class='ocrx_word' id='word_1_195' title='bbox 591 2484 759 2564; x_wconf 83' lang='lat' dir='ltr'><strong>reveletur,</strong></span> <span class='ocrx_word' id='word_1_196' title='bbox 783 2492 814 2544; x_wconf 90' lang='lat' dir='ltr'><strong>et</strong></span> <span class='ocrx_word' id='word_1_197' title='bbox 835 2503 897 2544; x_wconf 90' lang='lat' dir='ltr'><strong>non</strong></span> <span class='ocrx_word' id='word_1_198' title='bbox 915 2502 972 2563; x_wconf 88' lang='lat' dir='ltr'><strong>pro</strong></span> <span class='ocrx_word' id='word_1_199' title='bbox 996 2484 1070 2544; x_wconf 85' lang='lat' dir='ltr'><strong>veri·</strong></span> 
     </span>
     <span class='ocr_line' id='line_1_28' title="bbox 148 2568 1069 2648; baseline -0.001 -20"><span class='ocrx_word' id='word_1_200' title='bbox 148 2575 212 2629; x_wconf 88' lang='lat' dir='ltr'><strong>tete</strong></span> <span class='ocrx_word' id='word_1_201' title='bbox 234 2575 398 2646; x_wconf 85' lang='lat' dir='ltr'><strong>statuetur,</strong></span> <span class='ocrx_word' id='word_1_202' title='bbox 420 2586 460 2629; x_wconf 89' lang='lat' dir='ltr'><strong>ne</strong></span> <span class='ocrx_word' id='word_1_203' title='bbox 481 2568 719 2648; x_wconf 78' lang='lat' dir='ltr'><strong>multiplicentur</strong></span> <span class='ocrx_word' id='word_1_204' title='bbox 745 2575 875 2648; x_wconf 79' lang='lat' dir='ltr'><strong>peccate</strong></span> <span class='ocrx_word' id='word_1_205' title='bbox 895 2568 1069 2647; x_wconf 87' lang='lat' dir='ltr'><strong>impiorum,</strong></span> 
     </span>
     <span class='ocr_line' id='line_1_29' title="bbox 150 2650 1069 2732; baseline -0.002 -20"><span class='ocrx_word' id='word_1_206' title='bbox 150 2657 180 2713; x_wconf 86' lang='lat' dir='ltr'><strong>et</strong></span> <span class='ocrx_word' id='word_1_207' title='bbox 207 2650 333 2712; x_wconf 87' lang='lat' dir='ltr'><strong>infirmis</strong></span> <span class='ocrx_word' id='word_1_208' title='bbox 360 2651 509 2713; x_wconf 82' lang='lat' dir='ltr'><strong>scendele</strong></span> <span class='ocrx_word' id='word_1_209' title='bbox 530 2653 560 2711; x_wconf 94' lang='lat' dir='ltr'><strong>in</strong></span> <span class='ocrx_word' id='word_1_210' title='bbox 584 2654 632 2711; x_wconf 82' lang='lat' dir='ltr'><strong>vie</strong></span> <span class='ocrx_word' id='word_1_211' title='bbox 663 2651 882 2732; x_wconf 80' lang='lat' dir='ltr'><strong>relinquantur,</strong></span> <span class='ocrx_word' id='word_1_212' title='bbox 933 2650 979 2709; x_wconf 88' lang='lat' dir='ltr'><strong>De</strong></span> <span class='ocrx_word' id='word_1_213' title='bbox 1011 2652 1069 2710; x_wconf 89' lang='lat' dir='ltr'><strong>isto</strong></span> 
     </span>
     <span class='ocr_line' id='line_1_30' title="bbox 148 2733 1069 2815; baseline -0.004 -18"><span class='ocrx_word' id='word_1_214' title='bbox 148 2755 252 2803; x_wconf 86' lang='lat' dir='ltr'><strong>errore</strong></span> <span class='ocrx_word' id='word_1_215' title='bbox 273 2735 457 2797; x_wconf 81' lang='lat' dir='ltr'><strong>Sanctorum</strong></span> <span class='ocrx_word' id='word_1_216' title='bbox 480 2743 507 2795; x_wconf 85' lang='lat' dir='ltr'><strong>et</strong></span> <span class='ocrx_word' id='word_1_217' title='bbox 531 2736 705 2814; x_wconf 87' lang='lat' dir='ltr'><strong>pernicioso</strong></span> <span class='ocrx_word' id='word_1_218' title='bbox 732 2735 873 2815; x_wconf 81' lang='lat' dir='ltr'><strong>exemplo</strong></span> <span class='ocrx_word' id='word_1_219' title='bbox 897 2753 1004 2795; x_wconf 90' lang='lat' dir='ltr'><strong>eorum</strong></span> <span class='ocrx_word' id='word_1_220' title='bbox 1026 2733 1069 2794; x_wconf 75' lang='lat' dir='ltr'><strong>dt</strong></span> 
     </span>
     <span class='ocr_line' id='line_1_31' title="bbox 149 2817 1070 2898; baseline -0.003 -18"><span class='ocrx_word' id='word_1_221' title='bbox 149 2819 190 2880; x_wconf 82' lang='lat' dir='ltr'><strong>cit</strong></span> <span class='ocrx_word' id='word_1_222' title='bbox 212 2818 348 2880; x_wconf 76' lang='lat' dir='ltr'><strong>Christus</strong></span> <span class='ocrx_word' id='word_1_223' title='bbox 377 2819 481 2880; x_wconf 87' lang='lat' dir='ltr'><strong>Metth</strong></span> <span class='ocrx_word' id='word_1_224' title='bbox 505 2820 561 2882; x_wconf 83' lang='lat'><strong>24:</strong></span> <span class='ocrx_word' id='word_1_225' title='bbox 596 2817 714 2879; x_wconf 77' lang='lat' dir='ltr'><strong>dabunt</strong></span> <span class='ocrx_word' id='word_1_226' title='bbox 743 2820 832 2898; x_wconf 85' lang='lat' dir='ltr'><strong>signe</strong></span> <span class='ocrx_word' id='word_1_227' title='bbox 860 2827 890 2876; x_wconf 88' lang='lat' dir='ltr'><strong>et</strong></span> <span class='ocrx_word' id='word_1_228' title='bbox 920 2817 1070 2897; x_wconf 84' lang='lat' dir='ltr'><strong>prodigis,</strong></span> 
     </span>
     <span class='ocr_line' id='line_1_32' title="bbox 149 2899 1069 2982; baseline -0.007 -17"><span class='ocrx_word' id='word_1_229' title='bbox 149 2904 232 2967; x_wconf 78' lang='lat' dir='ltr'><strong>utin</strong></span> <span class='ocrx_word' id='word_1_230' title='bbox 257 2921 390 2962; x_wconf 88' lang='lat' dir='ltr'><strong>errorem</strong></span> <span class='ocrx_word' id='word_1_231' title='bbox 413 2900 537 2980; x_wconf 87' lang='lat' dir='ltr'><strong>ducent,</strong></span> <span class='ocrx_word' id='word_1_232' title='bbox 558 2903 583 2960; x_wconf 84' lang='lat' dir='ltr'><strong>si</strong></span> <span class='ocrx_word' id='word_1_233' title='bbox 605 2900 670 2963; x_wconf 90' lang='lat' dir='ltr'><strong>fieri</strong></span> <span class='ocrx_word' id='word_1_234' title='bbox 698 2910 810 2982; x_wconf 87' lang='lat' dir='ltr'><strong>potest,</strong></span> <span class='ocrx_word' id='word_1_235' title='bbox 828 2902 919 2960; x_wconf 84' lang='lat' dir='ltr'><strong>etiem</strong></span> <span class='ocrx_word' id='word_1_236' title='bbox 942 2899 1069 2962; x_wconf 87' lang='lat' dir='ltr'><strong>electos.</strong></span> 
     </span>
     <span class='ocr_line' id='line_1_33' title="bbox 136 2984 1070 3068; baseline 0 -23"><span class='ocrx_word' id='word_1_237' title='bbox 136 2984 256 3065; x_wconf 69' lang='lat' dir='ltr'><strong>&#39;Neque</strong></span> <span class='ocrx_word' id='word_1_238' title='bbox 278 2988 358 3046; x_wconf 88' lang='lat' dir='ltr'><strong>enim</strong></span> <span class='ocrx_word' id='word_1_239' title='bbox 391 2986 455 3045; x_wconf 91' lang='lat' dir='ltr'><strong>vult</strong></span> <span class='ocrx_word' id='word_1_240' title='bbox 478 2985 614 3046; x_wconf 81' lang='lat' dir='ltr'><strong>Christus</strong></span> <span class='ocrx_word' id='word_1_241' title='bbox 642 2987 701 3046; x_wconf 89' lang='lat' dir='ltr'><strong>hoc</strong></span> <span class='ocrx_word' id='word_1_242' title='bbox 731 2985 967 3068; x_wconf 82' lang='lat' dir='ltr'><strong>locu,e1ectos</strong></span> <span class='ocrx_word' id='word_1_243' title='bbox 998 3001 1070 3045; x_wconf 83' lang='lat' dir='ltr'><strong>suos</strong></span> 
     </span>
     <span class='ocr_line' id='line_1_34' title="bbox 149 3033 1069 3148; baseline 0 -19"><span class='ocrx_word' id='word_1_244' title='bbox 149 3087 210 3133; x_wconf 87' lang='lat' dir='ltr'><strong>nou</strong></span> <span class='ocrx_word' id='word_1_245' title='bbox 234 3088 303 3129; x_wconf 87' lang='lat' dir='ltr'><strong>esse</strong></span> <span class='ocrx_word' id='word_1_246' title='bbox 325 3077 488 3129; x_wconf 82' lang='lat' dir='ltr'><strong>erraturos.</strong></span> <span class='ocrx_word' id='word_1_247' title='bbox 514 3068 593 3143; x_wconf 74' lang='lat' dir='ltr'><strong>Quid</strong></span> <span class='ocrx_word' id='word_1_248' title='bbox 616 3071 697 3129; x_wconf 92' lang='lat' dir='ltr'><strong>enim</strong></span> <span class='ocrx_word' id='word_1_249' title='bbox 712 3069 772 3128; x_wconf 91' lang='lat' dir='ltr'><strong>hoc</strong></span> <span class='ocrx_word' id='word_1_250' title='bbox 795 3033 909 3128; x_wconf 81' lang='lat' dir='ltr'><strong>voleret</strong></span> <span class='ocrx_word' id='word_1_251' title='bbox 931 3065 970 3128; x_wconf 82' lang='lat' dir='ltr'><strong>ed</strong></span> <span class='ocrx_word' id='word_1_252' title='bbox 988 3086 1069 3148; x_wconf 80' lang='lat' dir='ltr'><strong>meg·</strong></span> 
     </span>
     <span class='ocr_line' id='line_1_35' title="bbox 149 3151 1069 3233; baseline -0.002 -20"><span class='ocrx_word' id='word_1_253' title='bbox 149 3152 316 3219; x_wconf 88' lang='lat' dir='ltr'><strong>nitndinem</strong></span> <span class='ocrx_word' id='word_1_254' title='bbox 340 3155 517 3232; x_wconf 79' lang='lat' dir='ltr'><strong>exaggerati</strong></span> <span class='ocrx_word' id='word_1_255' title='bbox 536 3153 672 3233; x_wconf 85' lang='lat' dir='ltr'><strong>periculi,</strong></span> <span class='ocrx_word' id='word_1_256' title='bbox 695 3172 719 3212; x_wconf 83' lang='grc' dir='ltr'><strong>ιι</strong></span> <span class='ocrx_word' id='word_1_257' title='bbox 713 3152 832 3211; x_wconf 85' lang='lat' dir='ltr'><strong>nulius</strong></span> <span class='ocrx_word' id='word_1_258' title='bbox 855 3151 971 3211; x_wconf 86' lang='lat' dir='ltr'><strong>eiectus</strong></span> <span class='ocrx_word' id='word_1_259' title='bbox 994 3152 1069 3230; x_wconf 80' lang='lat' dir='ltr'><strong>peri·</strong></span> 
     </span>
     <span class='ocr_line' id='line_1_36' title="bbox 150 3233 1072 3314; baseline -0.006 -13"><span class='ocrx_word' id='word_1_260' title='bbox 150 3233 293 3301; x_wconf 76' lang='lat' dir='ltr'><strong>ditetur?</strong></span> <span class='ocrx_word' id='word_1_261' title='bbox 336 3236 395 3297; x_wconf 80' lang='lat' dir='ltr'><strong>Sed</strong></span> <span class='ocrx_word' id='word_1_262' title='bbox 420 3256 529 3297; x_wconf 85' lang='lat' dir='ltr'><strong>sensns</strong></span> <span class='ocrx_word' id='word_1_263' title='bbox 551 3238 616 3299; x_wconf 90' lang='lat' dir='ltr'><strong>eine</strong></span> <span class='ocrx_word' id='word_1_264' title='bbox 640 3244 696 3308; x_wconf 82' lang='lat' dir='ltr'><strong>est,</strong></span> <span class='ocrx_word' id='word_1_265' title='bbox 719 3254 779 3314; x_wconf 91' lang='lat' dir='ltr'><strong>quo</strong></span> <span class='ocrx_word' id='word_1_266' title='bbox 802 3238 832 3294; x_wconf 94' lang='lat' dir='ltr'><strong>in</strong></span> <span class='ocrx_word' id='word_1_267' title='bbox 853 3235 992 3295; x_wconf 84' lang='lat' dir='ltr'><strong>cretione</strong></span> <span class='ocrx_word' id='word_1_268' title='bbox 1011 3234 1072 3296; x_wconf 91' lang='lat' dir='ltr'><strong>Do·</strong></span> 
     </span>
     <span class='ocr_line' id='line_1_37' title="bbox 149 3318 1070 3393; baseline -0.001 -15"><span class='ocrx_word' id='word_1_269' title='bbox 149 3320 262 3387; x_wconf 82' lang='lat' dir='ltr'><strong>minioe</strong></span> <span class='ocrx_word' id='word_1_270' title='bbox 284 3318 371 3380; x_wconf 88' lang='lat' dir='ltr'><strong>dicit:</strong></span> <span class='ocrx_word' id='word_1_271' title='bbox 395 3319 484 3380; x_wconf 78' lang='lat' dir='ltr'><strong>Etne</strong></span> <span class='ocrx_word' id='word_1_272' title='bbox 507 3338 564 3379; x_wconf 90' lang='lat' dir='ltr'><strong>nos</strong></span> <span class='ocrx_word' id='word_1_273' title='bbox 578 3319 705 3380; x_wconf 82' lang='lat' dir='ltr'><strong>inducas</strong></span> <span class='ocrx_word' id='word_1_274' title='bbox 728 3322 759 3378; x_wconf 94' lang='lat' dir='ltr'><strong>in</strong></span> <span class='ocrx_word' id='word_1_275' title='bbox 783 3320 994 3393; x_wconf 78' lang='lat' dir='ltr'><strong>tentationem,</strong></span> <span class='ocrx_word' id='word_1_276' title='bbox 1008 3336 1070 3379; x_wconf 89' lang='lat' dir='ltr'><strong>non</strong></span> 
     </span>
     <span class='ocr_line' id='line_1_38' title="bbox 150 3400 1072 3481; baseline 0.002 -18"><span class='ocrx_word' id='word_1_277' title='bbox 150 3409 265 3469; x_wconf 83' lang='lat' dir='ltr'><strong>utnon</strong></span> <span class='ocrx_word' id='word_1_278' title='bbox 288 3411 448 3481; x_wconf 89' lang='lat' dir='ltr'><strong>tentemur,</strong></span> <span class='ocrx_word' id='word_1_279' title='bbox 471 3402 524 3464; x_wconf 87' lang='lat' dir='ltr'><strong>sed</strong></span> <span class='ocrx_word' id='word_1_280' title='bbox 553 3423 591 3463; x_wconf 90' lang='lat' dir='ltr'><strong>ne</strong></span> <span class='ocrx_word' id='word_1_281' title='bbox 615 3402 737 3463; x_wconf 87' lang='lat' dir='ltr'><strong>deficiet</strong></span> <span class='ocrx_word' id='word_1_282' title='bbox 758 3400 834 3462; x_wconf 91' lang='lat' dir='ltr'><strong>fides</strong></span> <span class='ocrx_word' id='word_1_283' title='bbox 857 3402 937 3462; x_wconf 90' lang='lat' dir='ltr'><strong>Petri</strong></span> <span class='ocrx_word' id='word_1_284' title='bbox 958 3401 989 3460; x_wconf 94' lang='lat' dir='ltr'><strong>in</strong></span> <span class='ocrx_word' id='word_1_285' title='bbox 1013 3401 1072 3465; x_wconf 70' lang='lat' dir='ltr'><strong>huc</strong></span> 
     </span>
     <span class='ocr_line' id='line_1_39' title="bbox 149 3483 1070 3567; baseline 0 -18"><span class='ocrx_word' id='word_1_286' title='bbox 149 3488 328 3567; x_wconf 79' lang='lat' dir='ltr'><strong>tentetioue,</strong></span> <span class='ocrx_word' id='word_1_287' title='bbox 351 3494 382 3547; x_wconf 90' lang='lat' dir='ltr'><strong>et</strong></span> <span class='ocrx_word' id='word_1_288' title='bbox 403 3486 581 3567; x_wconf 81' lang='lat' dir='ltr'><strong>praevalent</strong></span> <span class='ocrx_word' id='word_1_289' title='bbox 609 3486 737 3547; x_wconf 80' lang='lat' dir='ltr'><strong>tentatio</strong></span> <span class='ocrx_word' id='word_1_290' title='bbox 764 3486 794 3545; x_wconf 93' lang='lat' dir='ltr'><strong>in</strong></span> <span class='ocrx_word' id='word_1_291' title='bbox 817 3483 909 3549; x_wconf 87' lang='lat' dir='ltr'><strong>finem</strong></span> <span class='ocrx_word' id='word_1_292' title='bbox 921 3531 930 3565; x_wconf 90' lang='lat'><strong>,</strong></span> <span class='ocrx_word' id='word_1_293' title='bbox 954 3490 986 3544; x_wconf 84' lang='lat' dir='ltr'><strong>ut</strong></span> <span class='ocrx_word' id='word_1_294' title='bbox 1009 3500 1070 3549; x_wconf 76' lang='lat' dir='ltr'><strong>nou</strong></span> 
     </span>
     <span class='ocr_line' id='line_1_40' title="bbox 149 3569 1071 3639; baseline 0.001 -9"><span class='ocrx_word' id='word_1_295' title='bbox 149 3570 190 3639; x_wconf 85' lang='lat' dir='ltr'><strong>sit</strong></span> <span class='ocrx_word' id='word_1_296' title='bbox 215 3569 329 3631; x_wconf 90' lang='lat' dir='ltr'><strong>reditus</strong></span> <span class='ocrx_word' id='word_1_297' title='bbox 358 3590 375 3630; x_wconf 91' lang='lat' dir='ltr'><strong>e</strong></span> <span class='ocrx_word' id='word_1_298' title='bbox 405 3573 582 3635; x_wconf 80' lang='lat' dir='ltr'><strong>tentatione.</strong></span> <span class='ocrx_word' id='word_1_299' title='bbox 638 3570 685 3631; x_wconf 84' lang='lat' dir='ltr'><strong>lte</strong></span> <span class='ocrx_word' id='word_1_300' title='bbox 715 3570 765 3629; x_wconf 91' lang='lat' dir='ltr'><strong>hic</strong></span> <span class='ocrx_word' id='word_1_301' title='bbox 796 3570 824 3628; x_wconf 92' lang='lat' dir='ltr'><strong>in</strong></span> <span class='ocrx_word' id='word_1_302' title='bbox 850 3585 984 3629; x_wconf 88' lang='lat' dir='ltr'><strong>errorem</strong></span> <span class='ocrx_word' id='word_1_303' title='bbox 1009 3585 1071 3631; x_wconf 82' lang='lat' dir='ltr'><strong>uon</strong></span> 
     </span>
     <span class='ocr_line' id='line_1_41' title="bbox 148 3652 1072 3733; baseline 0.002 -18"><span class='ocrx_word' id='word_1_304' title='bbox 148 3653 330 3717; x_wconf 86' lang='lat' dir='ltr'><strong>inducentur</strong></span> <span class='ocrx_word' id='word_1_305' title='bbox 351 3653 450 3733; x_wconf 88' lang='lat' dir='ltr'><strong>eiecti,</strong></span> <span class='ocrx_word' id='word_1_306' title='bbox 472 3672 534 3717; x_wconf 93' lang='lat' dir='ltr'><strong>non</strong></span> <span class='ocrx_word' id='word_1_307' title='bbox 547 3663 578 3715; x_wconf 92' lang='lat' dir='ltr'><strong>ut</strong></span> <span class='ocrx_word' id='word_1_308' title='bbox 602 3672 664 3715; x_wconf 91' lang='lat' dir='ltr'><strong>non</strong></span> <span class='ocrx_word' id='word_1_309' title='bbox 686 3659 797 3732; x_wconf 90' lang='lat' dir='ltr'><strong>errent,</strong></span> <span class='ocrx_word' id='word_1_310' title='bbox 819 3652 1072 3717; x_wconf 74' lang='lat' dir='ltr'><strong>imcutmextme</strong></span> 
     </span>
     <span class='ocr_line' id='line_1_42' title="bbox 148 3733 1070 3821; baseline 0.002 -22"><span class='ocrx_word' id='word_1_311' title='bbox 148 3745 250 3807; x_wconf 79' lang='lat' dir='ltr'><strong>¹errent</strong></span> <span class='ocrx_word' id='word_1_312' title='bbox 272 3756 422 3801; x_wconf 73' lang='lat' dir='ltr'><strong>unacum</strong></span> <span class='ocrx_word' id='word_1_313' title='bbox 445 3739 557 3821; x_wconf 71' lang='lat' dir='ltr'><strong>impiis,</strong></span> <span class='ocrx_word' id='word_1_314' title='bbox 612 3737 680 3798; x_wconf 89' lang='lat' dir='ltr'><strong>Hoc</strong></span> <span class='ocrx_word' id='word_1_315' title='bbox 712 3738 791 3797; x_wconf 92' lang='lat' dir='ltr'><strong>enim</strong></span> <span class='ocrx_word' id='word_1_316' title='bbox 821 3735 924 3801; x_wconf 75' lang='lat' dir='ltr'><strong>faciet.</strong></span> <span class='ocrx_word' id='word_1_317' title='bbox 943 3733 1070 3819; x_wconf 76' lang='lat' dir='ltr'><strong>portenti</strong></span> 
     </span>
    </p>
   </div>
   <div class='ocr_carea' id='block_1_3' title="bbox 0 0 1202 4170">
    <p class='ocr_par' dir='ltr' id='par_1_3' title="bbox 0 0 1202 4170">
     <span class='ocr_line' id='line_1_43' title="bbox 0 0 1202 4170; baseline 0 0"><span class='ocrx_word' id='word_1_318' title='bbox 0 0 1202 4170; x_wconf 95' lang='lat' dir='ltr'><strong> </strong></span> 
     </span>
    </p>
   </div>
  </div>
 </body>
</html>
