2392 4170
452 286 533 347 Doot.
552 287 631 346 ilari.
648 281 730 346 Lutb.
994 274 1056 350 411

135 455 216 518 enirn
238 454 328 534 latet,
363 455 430 537 quis
451 456 492 516 sit
511 459 600 517 autor
621 453 728 516 Sullae
748 451 905 514 Leoninae
927 449 1057 511 novissi·

136 559 214 601 mae.
257 537 317 601 Sed
340 539 412 621 quid
435 540 494 600 ista
515 538 683 620 spiritualia
705 544 736 598 et
748 538 886 619 pretiosa
907 542 978 595 ante
990 552 1059 614 por-

136 643 190 685 cos
212 625 288 685 istos
309 623 460 705 proiicio?
504 623 584 699 Quid
617 625 719 702 capiat
741 621 848 681 barum
872 638 981 697 rerum,
1004 617 1055 696 qui

136 707 217 767 bunc
243 707 456 789 syllogismum
491 726 550 766 nnn
590 707 673 785 capit
701 704 794 784 longe
823 702 1058 764 insulsissimum

138 811 220 852 esse:
250 791 312 852 Leo
338 791 436 853 bonus
459 799 515 864 est,
538 808 612 870 ergo
635 787 843 868 indulgentiae
866 794 935 845 sunt
958 804 1058 847 verae.

220 875 385 935 Veniamus
407 874 445 935 ad
467 873 567 952 aliud,
591 873 630 933 de
651 872 785 952 Papatu,
808 889 897 948 quern
921 887 980 948 ego
1003 886 1058 947 po·

137 958 269 1019 tentibus
292 957 455 1039 Scripturis
488 957 636 1019 convulsi.
680 955 832 1015 Defensor
860 958 961 1013 autern
994 953 1059 1011 eius

137 1042 176 1102 ad
200 1041 370 1121 Scripturas
393 1056 478 1102 meas
500 1041 598 1119 magis
616 1044 715 1098 mutus
738 1056 827 1118 quam
851 1036 953 1116 piscis,
976 1035 1061 1113 regia

138 1125 250 1186 lidncia
272 1126 453 1204 praesumit,
489 1122 650 1183 bulherum
680 1121 718 1180 ad
742 1121 842 1181 solum
864 1121 930 1179 eius
953 1125 1059 1177 nutum

138 1208 310 1290 Scripturas
333 1208 522 1268 deserturum
545 1213 576 1266 et
598 1206 660 1265 suis
674 1204 842 1264 mendaciis
854 1220 1060 1263 accessurum.

137 1292 252 1353 Probat
283 1300 384 1352 autem
418 1291 565 1370 Papatum
600 1289 660 1351 hoc
699 1286 807 1349 modo:
850 1282 982 1366 Oportet
1017 1285 1062 1344 sio

138 1384 216 1456 etse,
240 1376 312 1454 quia
332 1374 435 1435 audivi
458 1376 549 1434 etiam
575 1372 688 1433 indiam
712 1390 780 1430 sese
801 1369 943 1431 Romano
960 1367 1061 1427 Ponti·

138 1458 187 1520 lici
209 1456 355 1538 subdere,
390 1459 463 1518 item
486 1456 663 1531 Graeciam,
696 1455 770 1514 item
802 1453 833 1518 S.
855 1451 1062 1532 Hieronymus

139 1544 280 1624 agnoscit
301 1541 389 1603 Rom.
420 1541 582 1601 ecclesiam
606 1557 662 1618 pro
685 1545 790 1601 matre.
834 1535 913 1612 Quid
937 1534 986 1594 bic
1007 1534 1061 1593 Lu-

139 1626 243 1686 therns
265 1624 368 1686 dicere
390 1622 514 1685 audebit
536 1622 683 1683 adversus
713 1627 775 1683 tam
799 1619 924 1704 egregia
946 1625 978 1681 et
1000 1623 1061 1679 tam

138 1709 336 1773 Themistica.

223 1792 424 1872 Respondeo:
459 1790 492 1853 si
515 1791 585 1853 ideo
608 1790 700 1850 stabit
722 1790 873 1869 Papatns,
898 1787 969 1867 quia
992 1787 1062 1846 Rex

140 1875 271 1956 Angliae
294 1876 409 1936 audivit
421 1873 540 1936 ludium
563 1881 594 1935 et
606 1872 766 1935 Graeciam
790 1889 860 1934 sese
881 1869 1062 1946 subdidisse,

138 1957 246 2018 eadem
269 1960 388 2019 ratione
410 1978 472 2019 non
495 1958 596 2034 stabit,
629 1957 701 2036 quia
723 1955 871 2015 Lntherus
894 1952 1011 2013 audivit
1032 1959 1064 2012 et

138 2049 238 2101 certus
261 2049 323 2116 est,
353 2062 453 2121 neque
475 2040 595 2103 indiam
618 2058 719 2118 neque
742 2038 902 2098 Graeciam
926 2035 982 2095 sub
1006 2035 1065 2095 Ro·

139 2144 231 2184 mano
255 2124 404 2185 Pontifloe
436 2145 569 2204 unquam
602 2124 697 2183 fuisse
733 2129 787 2181 aut
818 2141 887 2181 esse
918 2119 1064 2179 voluisse.

139 2205 258 2266 Deinde
280 2208 433 2286 gloriosus
455 2208 595 2270 dominus
617 2208 684 2267 Rex
708 2224 762 2286 pro
786 2224 842 2265 suo
877 2222 961 2264 more
990 2203 1064 2262 satis

139 2288 257 2347 fortiter
280 2291 431 2368 mentitur,
454 2290 524 2351 du1n
544 2291 763 2370 Hieronymum
785 2288 858 2348 facit
878 2294 1065 2348 assertorem

140 2371 290 2450 Papatns,
321 2390 393 2431 curn
430 2374 475 2431 vir
510 2373 563 2433 ille
597 2373 759 2432 ecclesiam
785 2373 955 2432 Romanam
977 2389 1064 2429 suam

140 2453 301 2530 duntaxat,
325 2472 385 2513 non
409 2453 491 2514 orbis
504 2461 631 2514 matrem
645 2455 790 2534 appellet,
813 2463 844 2515 et
864 2474 939 2534 prae
956 2454 1065 2515 ceteris

139 2539 289 2597 acerrime
327 2535 473 2597 adversus
514 2536 713 2596 ambitionem
748 2537 946 2598 monarchiae
979 2536 1065 2595 istius

140 2620 252 2684 scribit.
295 2619 358 2682 Sed
381 2620 449 2680 Rex
472 2619 575 2681 decori
603 2620 651 2678 sui
673 2621 792 2698 magis,
828 2639 920 2698 quam
953 2637 1066 2679 causae

140 2706 291 2766 rationem
316 2701 418 2776 babet,
438 2701 510 2764 ideo
533 2708 565 2762 ut
588 2702 702 2761 larvam
724 2701 944 2762 Tbomisticam
967 2702 1066 2779 decet,

140 2786 312 2867 Scripturas
347 2787 472 2861 omittit,
505 2783 616 2865 quibus
639 2802 717 2864 opus
750 2786 847 2844 estin
883 2785 972 2845 rebus
994 2785 1066 2845 ildei

130 2870 326 2945 asserendis,
349 2870 521 2929 et‘interim
544 2867 633 2929 nobis
645 2873 758 2946 narrat,
778 2866 851 2947 quid
874 2866 1012 2947 audierit,
1035 2873 1066 2926 ut

141 2954 171 3012 in
195 2952 331 3012 auditum
355 2950 725 3032 snumsuspeudatfidem
747 2957 779 3011 et
800 2950 928 3012 salntem
951 2951 1066 3011 anima·

141 3055 205 3094 rurn
229 3044 412 3099 nostrarum.

225 3118 382 3178 Hactenus
406 3117 545 3179 videatn’r
565 3118 686 3179 iocatus
699 3117 766 3177 Rex
778 3116 908 3197 Angliaa
922 3122 1065 3194 tanquam

142 3200 224 3259 rudis
248 3209 278 3260 et
313 3201 455 3262 indoctus
493 3202 588 3261 laicus
614 3201 657 3278 (si
680 3199 816 3279 placet),
851 3218 932 3259 nunc
954 3201 1065 3259 serium

142 3284 224 3342 dncit
247 3293 277 3344 et
304 3291 448 3363 suscepto
471 3304 540 3345 sese
562 3283 696 3362 accingit
717 3289 915 3364 argumento,
949 3292 1066 3364 septem

100 3399 111 3411 .
141 3366 340 3426 Sacramenta
362 3375 532 3427 asserturus
556 3373 587 3427 et
596 3367 695 3446 primo
707 3365 939 3427 Sacramentum
953 3367 1067 3442 altaris,

140 3451 170 3509 in
195 3468 255 3528 quo
277 3469 336 3528 ego
359 3457 419 3509 tres
443 3450 621 3530 tyrannides
643 3449 835 3529 reprebendi,
857 3469 960 3529 unam,
984 3448 1065 3528 quod

141 3533 237 3592 altera
259 3550 330 3612 pars
353 3532 532 3593 Christianis
554 3531 762 3611 essetablata,
784 3532 960 3607 secuudum,
983 3531 1067 3611 quod

141 3615 269 3677 articulo
292 3614 362 3675 fidei
386 3617 561 3676 necessario
585 3621 729 3693 urgentur
751 3615 887 3695 credere,
910 3633 1020 3695 panem
1037 3621 1068 3673 et

142 3701 243 3759 vinnm
267 3699 407 3760 desinere
430 3708 501 3779 post
523 3699 798 3778 consecrationem,
822 3701 960 3779 tertiam,
982 3696 1065 3778 quod

142 3801 220 3865 opus
244 3789 275 3846 et
296 3781 478 3846 sacrificium
502 3801 542 3845 ex
563 3782 632 3865 ipso
656 3782 795 3845 feceriut.
