2392 4170
376 251 520 311 Ambrosii
538 251 646 311 cmm
665 269 688 312 a.
709 255 815 313 11521..ἱ
989 250 1059 344 3ῥ9

131 409 172 475 nt
191 408 363 488 Petrae*J‚
385 407 475 472 subdi
495 408 619 490 regibus
641 416 672 471 et
694 411 777 473 omni
799 411 952 473 humanae
974 429 1056 474 eren

131 499 229 557 torae.
270 494 311 552 At
332 512 414 574 pape
435 499 542 555 eontra
572 513 622 555 rea
650 512 741 572 enee,
775 513 939 576 pereanem
968 513 1054 558 noent

132 583 165 637 et
181 593 311 641 aurorum
324 577 460 644 omnium
475 577 566 647 tantia
588 575 660 638 diris
672 578 772 656 legum
788 585 1057 659 exemplatam,

132 666 168 726 ut
185 677 249 724 oon
272 675 333 723 uno
355 659 475 720 interno
496 679 566 720 eum
588 659 722 740 dennet,
744 662 795 742 qui
817 661 904 723 Pauli
925 667 957 722 et
977 660 1058 725 Petri

132 761 245 804 nonem
267 742 373 805 audite
395 742 483 819 velit,
505 750 537 805 et
557 742 672 803 olerum
694 744 725 805 in
747 743 887 806 ordinem
907 743 1057 825 redigere,

131 825 288 902 taibutum,
309 825 469 903 bonorem,
491 831 523 886 et
544 844 637 886 omne
659 825 792 890 debitum
816 829 950 908 exigere.
992 827 1056 895 lem
1143 895 1144 898 ,

132 914 249 975 tentum
271 907 368 987 abent,
391 915 425 969 nt
444 908 576 971 honoret
595 908 832 986 dominationes,
856 916 888 971 ut
907 908 1056 991 eegread

132 991 290 1057 beatorum
313 992 427 1071 pedum
450 991 558 1052 oeoula
584 991 733 1056 admittat.
751 992 896 1075 -Deinde
918 992 1057 1074 menania

84 1098 88 1107 ’
131 1073 336 1140 manaem
359 1094 397 1136 aa
415 1075 621 1152 monaahum,
647 1076 738 1137 etiam
765 1077 872 1157 otipite
893 1076 1057 1153 rudiorem,

132 1167 163 1220 et
190 1158 303 1219 lenone
334 1158 561 1219 sceleratiorem
597 1177 689 1238 nuper
721 1160 882 1220 universos
913 1175 1057 1240 preterea

132 1241 237 1305 mundi
255 1241 364 1320 elevat,
388 1248 513 1322 propter
524 1242 732 1303 eberaoterem
754 1241 1054 1321 illumindelebileu,

132 1325 269 1405 garriam
296 1325 328 1384 in
358 1343 415 1385 eua
441 1323 550 1402 bidal)
587 1322 640 1384 illa
674 1325 720 1388 bie
749 1325 1057 1391 eoeleretieeima-de

131 1408 304 1470 maioritate
324 1415 356 1469 et
376 1406 567 1484 obedientia,
600 1426 712 1488 papam
741 1409 895 1473 exeellere
917 1409 947 1471 in
970 1408 1057 1489 epiri·

133 1490 265 1553 tualibus
297 1491 531 1570 imperatorem,
569 1491 649 1550 siout
681 1491 781 1554 solem
815 1511 907 1573 nuper
939 1491 1056 1554 lunam.

133 1573 178 1637 lte
198 1572 354 1635 haelenae
367 1573 524 1634 bominum
547 1574 661 1650 ultima,
684 1575 715 1635 in
736 1574 868 1639 sublime
878 1575 1056 1656 magisterio

132 1676 233 1737 papae
255 1656 392 1735 elevata,
423 1656 649 1717 dominationes
680 1664 876 1739 contemptae
907 1662 1058 1739 eoguntur

132 1739 286 1802 bonorare
306 1739 391 1799 idola
408 1739 476 1814 iate,
497 1760 518 1801 a
539 1739 648 1818 quibos
660 1739 807 1803 honorari·
815 1741 993 1805 debuerant.
1022 1741 1057 1803 ln

134 1841 195 1902 ouo
217 1824 299 1883 enim
322 1823 504 1903 magistratu
523 1829 577 1882 ant
598 1829 759 1902 potentatu
785 1843 846 1887 nou
867 1831 979 1904 regnet
999 1823 1059 1887 hoo

135 1906 230 1966 ohaoe
253 1904 503 1966 abominabilium
526 1905 706 1969 bominum?

216 1989 324 2049 Mirum
347 1996 394 2049 eat
415 2007 499 2063 vero,
523 2007 617 2068 qoem
637 1995 709 2069 epte
721 1989 829 2052 Petroe
850 2008 906 2052 eoa
924 1987 1059 2054 endaoee

135 2079 168 2132 et
186 2071 424 2151 eibi=plaoentee
447 2071 537 2134 dieat.
583 2072 748 2156 Postquam
760 2073 847 2156 enim
865 2071 1061 2136 obtinuerunt

136 2173 204 2217 aeee
227 2154 401 2233 spirituales
424 2174 509 2229 ease,
537 2161 657 2216 eeteros
680 2156 980 2231 omnesomnes,
1009 2161 1061 2230 [nt

136 2255 216 2298 nuno
237 2237 334 2298 lervet
356 2237 469 2299 abusus
492 2237 713 2300 voeabulorum
725 2248 756 2301 et
777 2244 898 2317 rerum]
911 2238 987 2304 nihil
1003 2245 1060 2316 aet,

136 2317 218 2400 qnod
240 2339 301 2381 non
334 2320 467 2382 audeant
497 2321 665 2400 spiritualia
688 2321 777 2384 butue
799 2330 903 2384 aeetae
925 2323 1061 2400 nomine,
1086 2373 1090 2381 ,

137 2402 256 2480 deinde,
278 2422 379 2482 quana·
393 2409 463 2463 aaut
484 2402 630 2465 invietiet
650 2404 791 2468 indomiti
811 2424 931 2484 aeneos,
952 2405 1061 2471 turae-

137 2500 196 2566 que
217 2486 361 2565 oervioie,
384 2487 410 2545 ei
432 2485 504 2564 qnid
526 2487 593 2546 anei
614 2487 741 2564 luerint,
772 2487 872 2548 donea
888 2506 933 2548 eo
955 2500 1061 2568 prooe-

137 2567 220 2646 dant,
243 2576 277 2629 ut
296 2570 406 2649 eupina
428 2570 592 2630 securitate
605 2571 698 2630 etiam
712 2569 925 2649 ttaepbament
947 2570 1061 2650 gloriae

138 2660 169 2713 at
187 2651 389 2716 maiestates?
417 2652 528 2712 Nonne
555 2671 647 2731 pape,
676 2653 863 2714 levieeimum
885 2652 1060 2717 animalium

138 2743 251 2812 terrae,
281 2735 390 2814 spiritu
412 2742 540 2797 satanae
561 2733 699 2815 inflatus,
727 2754 866 2797 nummos
895 2754 984 2814 aegea
1005 2750 1061 2815 pro

137 2817 263 2882 libidine
282 2817 732 2896 maladioit,anaommnntoat‚
761 2828 791 2881 et
819 2817 962 2881 omnibus
990 2835 1062 2878 ooo·

140 2902 224 2963 vioiie
247 2900 395 2963 inoeseit?
418 2900 527 2980 quibus
545 2907 659 2980 tamen,
683 2910 716 2961 ut
737 2901 837 2964 eolum
860 2899 1064 2978 benediceret,
1087 2942 1090 2946 ⁴

138 2986 257 3064 poeitae
279 2991 335 3045 eet.
377 2983 484 3062 Neque
506 2981 538 3046 id
560 2983 684 3063 laniunt,
707 2984 892 3065 qoodregae
908 2983 1010 3046 -varbo
1032 2990 1065 3044 et

132 3066 207 3134 fidei
231 3073 420 3147 repugnent,
452 3073 506 3129 ead
538 3066 753 3146 quodluxum
783 3073 912 3148 etopen
939 3067 1064 3128 oleriet

139 3158 266 3215 unctae
287 3149 438 3211 eooleniea
460 3150 620 3214 Romanae
641 3170 710 3212 eum
734 3150 977 3214 eoeleretiaeimie
1000 3164 1063 3227 me'-

138 3235 220 3299 ribus
250 3245 280 3293 et
306 3231 491 3294 intolerabili
524 3233 685 3313 tyrannide
708 3233 924 3314 impetientlne
940 3233 1062 3311 'bunut

139 3324 193 3380 aot
212 3317 361 3401 impietati
384 3324 415 3375 et
435 3316 586 3393 iniquitati
598 3317 937 3397 pepietioeereaietnnt.
980 3315 1063 3377 Eone

140 3400 199 3461 boo
221 3409 278 3476 eet,
302 3397 384 3476 quod
407 3398 495 3458 dioit:
526 3397 647 3460 Gloriae
677 3419 737 3461 non
761 3397 1064 3501 metuantpblaapbe·

195 3656 226 3720 ⁸)
247 3656 274 3712 e.
290 3602 402 3710 >neta

156 3772 169 3784 .>
195 3726 267 3805 ikia
282 3741 318 3791 ec·
328 3732 419 3816 ³2³5·
