2392 4170
131 245 195 311 208
238 204 241 209 Ι
328 248 454 321 Assertio
479 266 556 304 omn.
576 252 654 303 ortir.
673 249 708 303 Ι).
726 248 762 302 Ι.
781 249 881 318 Inpc

134 401 285 480 habeatis,
308 402 418 462 frustra
439 422 495 464 eos
516 405 648 480 iactatis,
671 406 744 482 qnia
765 404 1059 471 uosoiarumsvau-

135 485 206 564 getii
226 503 351 544 sensnm
381 486 548 564 habemus,
580 488 689 547 merito
718 486 860 547 omnibus
887 485 1058 566 praeieran-

133 567 216 627 dum.
260 571 362 646 Atque
382 588 421 629 ne
444 571 551 629 alienis
572 570 731 630 virtutibus
752 570 881 650 glorier,
913 569 1058 631 Iohannis

133 649 215 710 Huas
236 651 425 729 iniquissime
447 672 465 712 a
488 653 574 713 vobis
596 655 748 713 combusti
770 653 849 714 haeo
869 661 917 713 est
929 652 1059 713 viatoria

132 735 163 793 in
187 732 247 793 hoo
259 735 352 794 verbo
366 735 488 812 Christi,
510 739 571 796 imo
584 737 681 816 ipsius
694 736 815 809 Christi,
838 736 878 796 ob
900 753 994 815 quem
1005 734 1058 796 iiie
1082 747 1085 751 '

133 824 260 876 exustus
272 826 328 894 est,
344 837 406 879 non
420 821 501 879 enirn
514 839 554 879 ex
566 838 634 879 meo
647 822 757 898 capite,
769 819 825 880 sed
836 838 877 879 ex
886 819 968 879 iliius
979 817 1058 879 libro

133 898 172 958 de
193 899 325 960 ecelesia
346 903 460 982 soripto
483 909 514 962 st
536 922 555 962 a
577 901 664 965 vobis
684 903 830 963 damnato
853 901 932 963 haeo
945 901 1058 963 haheo.

219 983 354 1043 Alteram
378 1002 504 1064 qnoque
512 985 644 1047 afferunt
665 987 860 1046 autoritatem
870 984 976 1048 lohan.
987 983 1058 1046 ult:

134 1065 219 1124 Dixit
245 1065 330 1127 lesus
351 1066 459 1128 Petro:
490 1068 613 1145 Simon,
644 1088 729 1130 amas
759 1067 828 1128 me?
863 1068 959 1128 Pasoe
981 1086 1058 1128 ores

135 1159 298 1210 messeio.
341 1150 398 1211 Hio
426 1152 532 1212 volunt
553 1170 661 1212 omnes
688 1170 764 1212 oves
785 1151 877 1212 Petro
904 1159 937 1210 et
956 1169 1058 1232 papae

133 1234 331 1308 commissas,
361 1235 467 1294 iterum
497 1235 588 1295 solita
609 1236 766 1314 impietate
785 1235 919 1294 -verbum
942 1233 1057 1294 Christi

133 1314 286 1394 tigmentis
318 1319 382 1376 suis
416 1318 632 1378 adulterantes.
683 1318 821 1379 Christos
851 1320 930 1378 enim
953 1336 1058 1377 amare

132 1410 164 1457 et
192 1412 318 1478 pasoere
346 1403 466 1481 exegit,
499 1400 540 1461 illi
572 1419 645 1460 vero
678 1401 870 1480 impudenter
891 1409 999 1463 ooutru
1021 1418 1057 1461 or

133 1481 243 1541 Christi
267 1481 379 1560 dionnt,
402 1503 464 1544 non
482 1504 550 1544 esse
562 1487 768 1545 necessarium
783 1502 919 1545 amorum
930 1485 1057 1562 pastori,

133 1584 201 1624 oum
224 1574 361 1644 potestas
383 1568 422 1627 sit
443 1567 584 1641 ferenda,
618 1568 738 1628 etiamsi
766 1569 797 1627 in
827 1568 908 1628 maio
937 1568 979 1626 sit
1000 1585 1057 1626 usu

133 1656 164 1707 et
185 1666 247 1708 non
270 1656 367 1728 amet,
397 1649 508 1710 deinde
531 1650 656 1711 verbum
679 1670 807 1730 posuere
836 1668 954 1710 veneno
982 1668 1058 1711 sune

133 1731 256 1809 glossae
278 1740 453 1812 exponunt,
481 1753 536 1812 pro
559 1753 612 1811 eo,
635 1734 717 1813 quod
741 1744 802 1812 est,
830 1733 1005 1813 praesidere
1027 1741 1059 1793 et

132 1816 319 1893 superiorem
342 1835 419 1877 esse.
464 1816 504 1877 Et
514 1819 560 1876 sio
570 1818 695 1877 verbum
715 1817 825 1878 Christi
847 1818 1057 1896 exstinguunt,

133 1903 163 1956 et
184 1900 368 1958 contrarium
391 1918 516 1959 sensum
538 1900 594 1959 sub
617 1900 726 1960 eodem
750 1908 935 1981 proponunt.

215 1980 292 2042 Dino
316 2000 407 2060 ergo,
436 1984 460 2040 si
491 1990 628 2064 potestas
658 1985 737 2043 maia
759 1990 806 2044 est
827 1981 968 2059 ferenda,
996 1981 1058 2043 hoo

134 2082 196 2123 non
219 2063 346 2125 donetur
368 2085 386 2124 a
408 2063 529 2125 Christo
550 2067 581 2125 in
604 2067 664 2126 hoo
687 2067 788 2128 verbo.
835 2065 892 2125 Hio
914 2084 975 2124 non
998 2065 1056 2125 nisi

135 2166 242 2205 amans
264 2146 375 2207 Christi
390 2148 497 2209 Petrus
520 2151 688 2228 requiritur,
711 2153 763 2228 qni
786 2151 810 2208 si
824 2167 931 2208 amans
945 2147 1057 2208 Christi

134 2247 195 2289 non
220 2229 323 2313 fuerit,
351 2231 423 2291 nihii
445 2231 485 2291 ad
514 2251 583 2291 sum
608 2233 731 2292 verbum
755 2233 845 2294 istud.
888 2231 990 2306 Quare
1012 2249 1057 2292 so·

132 2320 257 2391 quetur,
286 2321 317 2372 et
337 2332 448 2394 papam
480 2334 542 2374 non
565 2335 633 2376 esse
662 2337 792 2397 papam,
825 2317 850 2374 si
884 2333 944 2374 non
975 2322 1058 2375 arunt

135 2396 304 2470 Christum,
326 2403 357 2456 et
378 2417 446 2457 eum
471 2401 520 2477 qui
543 2406 641 2471 amat,
663 2402 753 2459 etiam
776 2418 837 2458 non
863 2417 958 2477 papa,
987 2415 1057 2458 esee

66 2477 69 2481 ’
134 2497 256 2558 papam,
278 2482 302 2539 si
328 2480 388 2541 hoo
409 2481 503 2542 verbo
518 2492 648 2562 papatus
667 2484 840 2543 instituitur.
885 2480 992 2560 Amor,
1013 2481 1058 2539 ina·

134 2581 236 2640 quam,
259 2563 308 2622 hio
328 2565 501 2644 instituitur,
523 2584 584 2635 non
608 2574 755 2645 potestas,
778 2583 857 2644 qnae
870 2565 935 2624 sine
950 2582 1057 2624 amore

134 2663 203 2705 esso
226 2655 334 2725 potest.

218 2730 371 2809 Secundo,
394 2731 518 2792 verbum
541 2750 669 2810 posuere
691 2731 844 2810 signifieat
865 2750 926 2791 non
944 2732 1057 2810 praesi·

134 2812 215 2889 dere,
238 2813 291 2873 ssd
315 2817 444 2887 servire,
468 2834 530 2874 nou
553 2818 632 2875 enim
655 2816 831 2894 potestatis,
854 2813 908 2873 sed
931 2815 1057 2874 servitu·

134 2897 172 2957 tis
195 2897 320 2957 verbum
343 2906 399 2974 est,
423 2898 493 2957 linet
514 2906 544 2956 et
566 2898 616 2958 hio
634 2900 695 2957 suis
719 2896 921 2975 torsionibus,
942 2897 1057 2958 illusio·

133 2979 222 3039 nibus
253 2988 282 3038 et
309 2980 540 3042 confusionibus
569 2980 729 3042 verborum
761 2988 942 3060 potestatem
974 2980 1055 3040 iiiam

132 3064 315 3122 servientem
336 3063 460 3126 saniant.
504 3065 615 3125 Verum
646 3083 714 3124 oum
743 3083 870 3143 pascere
898 3065 945 3128 sit,
964 3082 1056 3124 evau-

57 3182 65 3196 ι
134 3146 247 3225 getium
260 3146 369 3206 Christi
392 3145 571 3226 praedicare
593 3157 775 3224 ettrnotare,
798 3146 987 3226 impossibile
1000 3152 1058 3224 est,

134 3238 166 3288 nt
187 3237 332 3308 papatum
360 3223 527 3311 significet,
560 3251 628 3291 oum
660 3231 741 3292 aliud
771 3232 810 3289 sit
842 3250 910 3289 esse
932 3249 1056 3310 papam,

134 3319 166 3371 ut
188 3313 341 3389 videmus,
364 3323 394 3373 st
417 3313 499 3373 aliud
521 3316 671 3392 evangeiii
695 3315 909 3391 ministerium,
938 3320 1055 3375 utnon

133 3396 253 3473 possint
273 3396 365 3458 ambo
388 3398 498 3457 eodem
521 3397 615 3458 verbo
628 3395 803 3476 significari,
826 3397 882 3456 nisi
898 3394 1055 3476 quomodo

132 3487 220 3558 petra
240 3479 423 3560 significavit
443 3480 502 3540 illis
524 3475 669 3560 papatum
693 3489 724 3539 et
745 3478 836 3539 tidem
859 3477 979 3549 Christi.

215 3562 393 3644 Eademque
414 3564 533 3623 ratione
557 3561 757 3641 concluditur,
780 3563 871 3622 toties
893 3561 1054 3623 ecelesiam

132 3647 197 3705 aine
219 3653 334 3725 papatu
356 3666 440 3724 esse,
469 3648 588 3725 quoties
619 3666 700 3725 papa
727 3665 785 3705 neo
807 3651 891 3705 amat
919 3664 977 3705 neu
1004 3664 1055 3726 pa·

132 3730 199 3810 soit,
220 3728 251 3789 id
274 3731 355 3808 quod
378 3737 533 3790 atrorum
558 3736 614 3791 est.
656 3728 734 3792 Nam
757 3729 808 3789 ubi
829 3747 892 3790 non
914 3736 961 3791 est
991 3747 1056 3789 ver·
