2392 4170
377 248 405 309 in
424 263 480 327 qua
498 254 614 310 eaeuaat
632 247 750 309 raditum
769 254 822 313 ato.
1000 243 1062 317 379

140 425 294 490 diversum
319 426 450 509 donabit,
471 437 503 492 at
523 426 713 491 videormihi
729 435 811 491 reeta
832 426 979 503 divinare,
998 419 1062 493 nul,-

139 512 176 573 lia
199 511 365 574 terroribus
387 521 439 577 aut
460 514 588 576 saevitia
608 513 689 575 haue
709 513 808 575 ineam
831 510 946 575 aboleri
959 526 1061 590 poaaa.

223 597 329 660 Altera
351 616 444 661 nanae
466 596 628 678 eat‚.quod
651 597 900 679 Vuittembargae
930 613 979 654 me
1011 590 1062 653 ab

138 686 227 742 eante
263 679 393 742 Satanae
421 682 505 743 irruit
528 683 558 743 in
580 700 704 762 gregem
727 700 846 761 meum,
876 686 923 759 et,
948 684 981 740 ut
1002 677 1061 742 iam

140 765 254 844 ubique
277 765 413 831 omnium
436 765 758 842 oinmoueateatantur,
780 763 873 844 idque
890 763 1063 841 -veriaaime,

134 856 256 910 tantum
279 849 425 911 excitavit
447 848 612 924 turbarum,
636 849 755 911 utmihi
776 848 897 928 aoriptia
915 847 1064 907 duntaxat

139 933 196 992 boa
217 930 365 1004 tumuitus
386 934 552 1013 reprimere
574 939 604 993 et
625 931 735 993 aedera
757 950 817 992 non
840 931 879 991 ait
900 932 1063 1010 integrum,

137 1014 192 1077 aad
214 1034 343 1077 naoaeaa
365 1023 413 1078 eat
434 1036 483 1078 me
506 1017 624 1096 vivum,
652 1022 862 1097 praesentem,
886 1014 1062 1094 loquentem

138 1105 170 1162 at
192 1098 365 1162 audientem
377 1100 417 1163 ibi
430 1119 531 1182 agere,
554 1099 674 1180 adanae,
696 1117 840 1180 praaeaae
863 1097 1063 1178 etprodeaae.

139 1182 249 1263 Itaque
273 1181 385 1246 nuliiua
407 1203 513 1245 morae
534 1184 667 1263 epatium
689 1190 742 1244 aut
764 1182 940 1243 dilationem
966 1181 1064 1242 alteri

139 1286 226 1329 oram
250 1286 319 1328 mea
343 1270 533 1329 oonaeiantia
551 1267 629 1328 terre
651 1269 764 1347 potnit,
796 1285 856 1327 neo
882 1264 981 1326 aolum
1005 1262 1063 1326 GL.

139 1348 175 1414 V.
207 1350 257 1411 vel
290 1349 491 1412 offensionem
524 1349 571 1410 vel
599 1349 860 1428 benevolentiam,
894 1347 1062 1408 sedetiam

139 1437 233 1495 totius
256 1435 361 1496 mundi
384 1435 434 1496 vei
457 1433 560 1496 odium
585 1433 633 1493 val
655 1432 771 1496 furores
794 1430 1063 1493 tantaeeoeleaiae

138 1518 314 1579 necessitati
347 1516 561 1600 posthabenda
593 1516 686 1596 duxi,
714 1516 763 1577 bie
798 1517 879 1577 enim
914 1522 997 1575 certa
1019 1520 1066 1575 eat

137 1621 222 1681 grex,
247 1621 334 1662 mena
368 1624 388 1665 a
409 1602 543 1664 Domino
573 1600 646 1663 mihi
668 1600 851 1662 eommiaaua
874 1603 905 1659 et
925 1596 1063 1677 traditus,

140 1685 170 1745 hi
193 1694 263 1746 auuat
285 1682 344 1749 iiiii
364 1687 422 1749 mai
443 1688 473 1746 in
498 1685 628 1747 Obriato.
954 1687 956 1691 ⁴

223 1769 324 1844 Quare
355 1770 405 1830 hio
434 1770 533 1830 omnia
557 1767 704 1828 dubitatio
746 1765 817 1828 mihi
850 1765 990 1846 praecisa
1033 1772 1064 1827 et

137 1852 302 1933 disputatio
316 1853 437 1915 sublata
451 1859 507 1932 eat,
531 1850 765 1925 oesaaudumue
788 1870 827 1911 an
843 1849 1063 1911 aoourrendum

137 1942 220 1996 eaaet
240 1935 279 1996 ad
303 1957 367 2014 eoa,
389 1956 445 2017 pro
468 1934 577 2016 quibua
609 1936 700 1996 vitam
733 1951 857 2013 quoque
881 1933 1065 2013 profundata

136 2027 167 2079 at
190 2027 318 2081 mortem
343 2028 490 2101 oppetere
513 2018 631 2095 debeo,
659 2016 741 2097 quod
769 2023 800 2078 et
820 2018 930 2078 faniam
955 2016 1065 2098 cupide

138 2109 169 2162 et
191 2103 333 2163 alaeriter
355 2104 422 2165 Deo
454 2105 594 2179 iuventa,
617 2099 875 2181 quemadmodum
898 2102 1064 2180 requirite

139 2185 229 2244 nobia
253 2186 389 2247 Obriatna
412 2184 520 2249 Iohan.
545 2189 593 2253 to.
639 2184 776 2260 Quodsi
802 2184 911 2263 literis,
935 2192 965 2244 ut
993 2184 1062 2245 haa-

138 2273 246 2339 tenua‚
277 2273 364 2328 tanto
391 2268 508 2329 vulneri
530 2268 644 2330 mederi
667 2269 854 2349 potuiaaem,
894 2288 952 2328 nee
985 2287 1063 2351 opue

136 2349 244 2410 fuiaaet
266 2369 316 2410 me
336 2352 470 2429 aoeemi,
493 2353 585 2413 etiam
607 2352 638 2411 in
662 2360 842 2431 perpetuum
864 2371 970 2412 narare
992 2370 1062 2413 eon·

136 2437 243 2513 apaotu
265 2431 518 2512 Vuittembergae
546 2452 609 2492 nou
648 2432 835 2513 dubitarem,
872 2454 940 2495 oum
970 2436 1062 2496 edam

135 2516 218 2576 huno
250 2517 431 2596 aangninem
459 2525 490 2577 at
524 2515 604 2577 hana
633 2515 799 2577 animulam
827 2519 968 2598 proximo
991 2538 1061 2582 meo

135 2598 277 2661 debeam.

218 2683 321 2743 Tertia
342 2700 436 2743 annae
458 2688 520 2763 eat,
547 2680 630 2763 quod
659 2681 825 2744 admodum
847 2703 956 2747 vereor
979 2686 1061 2761 (val-

136 2764 240 2844 deque
258 2785 357 2847 angor
379 2767 482 2826 animo
506 2785 557 2826 me
576 2766 667 2827 nimia
689 2784 763 2828 vara
784 2767 917 2850 timere),
941 2789 980 2829 ne
1002 2789 1063 2849 qua

136 2868 249 2927 magna
270 2857 302 2909 at
320 2849 473 2912 horribilia
489 2849 600 2911 aeditin
621 2850 651 2910 in
665 2848 832 2921 Germania
854 2853 979 2928 oriatur,
1001 2871 1062 2932 qua

136 2932 221 2992 natio
243 2931 430 2994 Germaniae
450 2952 560 3012 graves
588 2951 707 3013 poanaa
740 2932 793 2994 dat
814 2941 1007 3014 contemptus
1030 2939 1062 2996 et

135 3014 360 3094 ingratitudinis
398 3015 617 3078 benetieiorum
646 3017 713 3079 Dei.
780 3017 926 3079 Videmus
969 3019 1059 3098 enim,

135 3104 250 3176 quanta
269 3117 338 3160 oum
361 3099 596 3181 approbatione,
620 3099 781 3182 applauau,
806 3102 1012 3181 gratulatione
1030 3108 1061 3162 et

135 3198 286 3242 onnourau
308 3183 511 3262 Evangelium
534 3202 553 3243 a
574 3183 712 3264 piurimis
735 3186 910 3265 aeoipiatur.
954 3184 1016 3245 Sed
1028 3186 1059 3246 in

135 3263 251 3343 populo
274 3264 361 3326 multi
394 3266 456 3328 hoo
487 3265 670 3327 benefioium
704 3269 866 3329 earnaliter
896 3264 1060 3349 accipiunt,

134 3352 264 3407 oemunt
285 3348 399 3427 apertis
421 3350 517 3411 oouiia
540 3349 710 3428 veritatem,
733 3369 791 3412 neo
811 3359 913 3412 tamen
938 3370 991 3431 aa,
1028 3359 1061 3412 ut

133 3427 259 3507 debent,
280 3437 413 3494 utuntur.
769 3454 778 3473 ⁴
907 3491 910 3496 .

215 3511 271 3572 Hia
292 3510 393 3576 sanem
417 3512 584 3587 admonent
604 3514 656 3593 iiii,
681 3533 758 3594 quoa
775 3517 988 3581 moderatione
1002 3540 1059 3583 aua

131 3593 214 3654 haue
235 3602 449 3677 tempestatem
462 3597 572 3658 sedare
586 3600 731 3679 oportuit,
755 3593 974 3681 aggrediuntur
997 3623 1058 3666 ma·

132 3676 244 3740 niieata
265 3680 294 3741 vi
317 3689 349 3742 at
368 3681 559 3743 immanitate
580 3681 620 3742 ad
642 3679 703 3743 boo
724 3682 868 3747 divinitus
890 3704 1055 3755 aeoauanm

135 3758 239 3823 lumen
253 3763 522 3852 exstinguendum,
542 3783 603 3828 nee
613 3766 750 3833 sentiunt
761 3767 890 3832 animoa
900 3768 1068 3836 bominum
