2392 4170
403 261 526 316 Rationis
545 261 721 319 turoniam
739 265 790 317 ete.
991 261 1054 325 429

132 416 173 477 Et
194 414 306 479 Psaim.
329 415 429 493 28.¹).
480 417 625 478 Destruet
653 434 708 479 eos
731 422 761 476 et
789 435 851 477 non
879 415 1055 477 aedificabis
1086 463 1088 467 .

132 517 204 577 eos,
226 518 268 560 ne
289 500 399 578 partim
423 519 477 560 ens
500 501 613 560 destrui
636 498 798 578 intelligas.
850 498 905 558 Est
932 499 1054 578 quidem

132 581 331 663 synecdoche
354 582 532 644 dulcissima
549 592 580 643 et
602 585 776 643 necessaria
803 580 903 661 figura
924 597 954 642 et
976 584 1053 643 cari·

132 666 203 726 tatis
227 666 515 744 misericordiaeque
539 666 598 727 Dei
620 665 811 746 symbolum,
835 678 875 742 nt,
895 665 965 726 dum
988 685 1054 744 per·

132 755 238 810 outere
260 749 425 827 aliquando
448 749 558 809 dicitur
590 761 643 811 aut
671 761 809 826 vastare,
844 767 905 808 non
935 751 1054 828 penitus

133 831 238 892 delere
259 841 312 892 ant
334 850 441 892 omnes
463 841 622 913 percutere
636 833 832 910 intelligatur,
855 840 951 891 totum
974 834 1054 891 enim
1102 907 1104 911 Ι

133 916 243 994 tangit,
265 915 388 992 quando
413 927 529 994 partem
554 919 618 975 eius
642 916 748 993 tangit.

216 997 262 1060 lta
295 1008 325 1058 et
354 998 415 1058 hoo
448 999 517 1058 ioco
540 999 635 1058 lsaias
665 997 776 1056 multas
805 997 1003 1058 nitirmativas
1025 1006 1056 1057 et

134 1082 294 1160 negativas
318 1082 426 1140 eadem
449 1081 555 1160 regula
586 1080 745 1159 componit
767 1082 889 1141 dicens:
923 1080 963 1140 Et
984 1081 1056 1141 t'acti

134 1183 239 1225 sumus
262 1164 409 1223 immundi
431 1184 538 1224 omnes
563 1183 638 1241 nos,
670 1172 700 1222 et
723 1166 809 1241 quasi
832 1183 952 1243 pannus
973 1182 1055 1223 men·

134 1256 270 1309 struatae
299 1247 461 1307 universae
488 1249 622 1307 iustitiae
651 1259 791 1322 nostrae,
826 1257 856 1306 et
888 1247 1055 1307 cecidimus

136 1331 224 1409 quasi
247 1329 353 1390 fotium
378 1331 528 1407 universi,
563 1343 593 1390 et
623 1331 799 1408 iniquitates
821 1334 947 1390 nostrae
969 1331 1056 1408 quasi

135 1419 244 1479 ventus
267 1410 456 1472 abstulerunt
479 1431 546 1475 nos.
589 1411 763 1491 Sequuntur
785 1414 964 1492 negativae:
987 1412 1056 1492 Non

136 1496 255 1574 estqui
277 1497 401 1555 invocet
428 1515 540 1556 nomen
564 1503 667 1573 tuum,
694 1497 826 1574 nec'qui
850 1504 974 1574 surgat,
1001 1513 1058 1554 nec

136 1581 187 1658 qni
210 1587 316 1638 teneat
338 1588 376 1659 te,
400 1579 535 1655 scilicet,
569 1580 647 1640 adeo
682 1586 753 1639 sunt
781 1597 888 1639 omnen
922 1579 1057 1639 iustitiae
1162 1584 1166 1593 “

136 1661 289 1742 pollutae,
317 1669 350 1720 ut
377 1669 504 1741 prorsus
532 1662 643 1722 nuliius
677 1662 759 1741 apud
782 1671 812 1722 te
845 1661 961 1740 valeat,
995 1680 1058 1741 qua

137 1746 268 1805 tenearis
291 1745 321 1804 in
350 1744 409 1804 hac
430 1746 475 1804 ira
497 1753 558 1805 tua.
609 1743 711 1819 Quare
732 1744 850 1806 Latomi
877 1743 1056 1824 figmentum

136 1828 277 1891 frivolum
300 1828 350 1886 hic
372 1827 505 1888 funditus
526 1829 680 1888 evertitur.

219 1910 306 1970 Haec
327 1917 430 1970 autem
453 1909 540 1988 dico,
573 1929 635 1971 non
669 1910 751 1989 quod
772 1909 902 1971 Latomo
933 1928 1058 1970 conoes-

136 1996 227 2054 serim
258 2012 327 2053 esse
349 1992 478 2072 figuram
507 1992 723 2074 synecdochen
752 1994 782 2052 in
817 1993 895 2054 locis
923 1993 961 2053 ab
989 1993 1057 2072 ipso

137 2077 280 2157 prolatis,
304 2077 359 2136 sed
392 2076 475 2155 quod
508 2077 637 2157 figuram
660 2077 740 2137 hanc
762 2078 792 2135 in
816 2075 980 2156 Scripturis
1003 2077 1057 2135 fre

137 2170 281 2239 quentem
305 2178 373 2219 esse
395 2159 552 2221 confitear.
596 2159 636 2219 Et
659 2160 761 2220 videat
782 2159 945 2239 Sophiste,
968 2178 1059 2238 quarn

138 2243 257 2303 levibus
274 2243 393 2322 stipulis
409 2252 553 2321 quantam
569 2263 676 2323 rupem
694 2255 869 2323 oppugnet3
892 2243 975 2322 quod
998 2262 1060 2304 non

138 2345 200 2388 uno
237 2326 328 2385 modo
362 2345 437 2385 snae
471 2327 602 2386 naeniae
635 2328 772 2407 superari
807 2327 896 2387 facite
930 2327 1060 2406 possint.

136 2409 216 2470 Nam
241 2428 300 2488 ego
323 2427 385 2468 non
410 2410 533 2468 memini
556 2408 618 2469 ulio
641 2408 816 2487 scripturae
850 2411 920 2470 loco
944 2413 973 2469 in
996 2412 1060 2469 uni-

138 2492 308 2552 versalibus
331 2491 536 2552 locutionibus
560 2491 778 2572 synecdochen
808 2492 929 2552 vidisse.
974 2491 1061 2567 Quae

140 2585 241 2634 autem
266 2574 409 2635 Latomns
433 2574 534 2653 affert,
562 2577 629 2655 ipse
657 2575 743 2655 cogit
770 2574 987 2653 synecdochen
1009 2576 1060 2636 ha·

139 2659 227 2734 bere,
260 2676 328 2717 oum
351 2658 425 2717 nihil
459 2658 594 2718 habeant
616 2660 724 2718 minua.
769 2657 909 2736 Denique
931 2659 1062 2737 ipsemet

139 2745 291 2821 seipsum
315 2741 467 2820 confutat,
497 2741 568 2801 dum
590 2741 678 2819 dicit,
701 2740 796 2802 verba
815 2740 990 2801 huiusmodi
1013 2741 1062 2800 de·

140 2825 212 2885 bere
235 2825 374 2884 contrahi
397 2825 435 2885 ad
459 2844 545 2884 suam
562 2826 730 2902 materiam,
753 2837 785 2885 ut
806 2825 880 2884 iliud
891 2825 990 2885 Isaiae
1004 2822 1060 2908 *):

141 2907 182 2970 Ut
203 2907 360 2987 disperdat
381 2926 503 2969 omnem
527 2917 648 2986 terram,
666 2926 727 2968 non
752 2910 855 2987 utique
876 2909 982 2969 orbern
1006 2918 1062 2968 ter·

140 3011 257 3068 rarum,
291 2990 345 3050 sed
379 2999 490 3051 terram
519 2991 699 3071 Babylonis.
753 2992 799 3052 lta
830 2994 860 3051 in
890 2991 1060 3071 Evangelio

139 3074 211 3137 Luc.
226 3076 254 3136 2.
278 3073 458 3135 describitur
479 3074 562 3137 orbis
576 3077 744 3152 universus,
768 3093 829 3136 non
853 3077 957 3154 utique
979 3082 1060 3136 totus

141 3158 223 3218 orbis
246 3164 403 3236 terrarum,
425 3156 479 3217 sed
504 3159 585 3218 orbis
600 3158 731 3220 Romani
748 3159 875 3237 imperii.
904 3159 959 3219 'Et
980 3167 1061 3218 tene·

140 3238 283 3316 brae**)
311 3241 410 3300 factae
432 3248 502 3301 sunt
524 3261 615 3321 super
638 3242 809 3303 universam
834 3249 955 3318 terram,
977 3242 1061 3321 quod

141 3334 249 3404 putant
278 3322 315 3383 de
344 3324 411 3384 scia
433 3324 616 3386 Iudaeorum
647 3333 727 3385 terra
749 3323 824 3403 dici,
857 3345 925 3386 oum
956 3345 1060 3386 earn·

141 3407 334 3467 tenebrarum
346 3407 478 3468 Romani
492 3410 656 3489 scriptores
679 3427 741 3468 non
765 3410 956 3469 meminerint
977 3427 1062 3489 prae-

141 3498 186 3551 ter
208 3491 381 3551 fabulosum
404 3492 488 3551 illum
510 3491 692 3572 Dionysium
716 3492 747 3550 in
771 3491 941 3572 Heliopoii,
975 3495 1061 3551 cuius

214 3680 245 3822 i}
265 3679 364 3808 Initii&
379 3683 622 3819 dimin-un
642 3755 686 3812 nr.
785 3713 788 3718 ¹
882 3790 889 3802 .«
