2392 4170
217 251 282 317 484
408 302 412 309 ,
510 254 668 311 Conlutstio
687 256 856 311 musenius

217 409 273 483 cis,
292 415 465 488 pesculum.
500 411 565 471 Vos
587 411 746 469 invenistis
765 409 995 471 distinctionem
1010 408 1142 490 ponti,

220 498 254 550 ut
273 491 435 553 salvaretis
454 495 545 554 istum
568 494 718 552 munne-
740 500 774 553 ct
793 493 920 554 verbum
943 493 1046 568 Pund,
1077 509 1142 553 uon

220 580 361 653 potentes
383 575 446 636 ullo
469 576 562 637 modo
584 578 643 635 iste
665 575 726 635 duo
749 577 960 650 concordsre,
986 583 1019 636 et
1039 583 1141 636 lsmcu

219 658 318 736 ipsum
341 657 423 719 huno
443 659 670 720 distinctionem
692 659 777 719 nullo
799 660 871 720 loco
892 660 1069 740 scriptume
1090 675 1144 738 po

220 741 306 801 testis
330 741 472 820 probare,
494 740 549 802 sed
566 751 614 802 est
636 740 802 811 humanum
824 745 1001 820 inventum,
1024 749 1058 800 ut
1079 758 1141 803 uos

220 829 308 902 potes
330 843 463 904 nsgsre,
490 824 546 886 sod
574 826 781 885 necessarium
807 835 859 895 (ut
886 825 1005 886 videns
1033 823 1140 898 vobis)

219 914 346 985 propter
377 909 528 968 ustionem
557 908 757 987 praedictum.
802 908 912 969 Nonne
941 909 985 968 itu
1005 905 1141 967 hunul

220 987 331 1048 Nonne
354 1008 414 1069 ego
436 999 490 1051 tus
512 990 674 1070 intelligo?
707 997 738 1050 st
759 992 832 1051 nihil
860 997 970 1052 conlrs
990 990 1072 1051 hsec
1090 991 1141 1051 i}

220 1070 354 1151 prudens
376 1081 429 1132 sut
460 1074 607 1154 ignorans
639 1075 744 1153 posui,
776 1081 809 1133 ut
842 1083 872 1134 te
893 1074 1042 1154 llugistro
1071 1071 1141 1134 ruffi

220 1153 314 1233 plens
336 1155 411 1216 nihil
432 1156 521 1218 luerit
543 1176 630 1237 opus.

302 1237 368 1299 lum
390 1241 415 1299 si
438 1258 497 1319 ego
520 1240 645 1300 modum
666 1239 837 1300 illustrante
848 1239 960 1321 Spiritu
982 1241 1142 1316 invenero,

220 1328 254 1380 ut
282 1329 312 1380 et
340 1321 440 1401 pietus
470 1323 578 1384 illuess
611 1329 735 1382 msuest
769 1323 966 1384 articulorum
993 1321 1084 1399 fidei,
1112 1329 1144 1382 st

221 1402 333 1465 Psulue
355 1404 447 1467 simul
469 1405 611 1480 illaesus,
645 1425 706 1466 non
730 1425 826 1485 egens
849 1407 911 1467 ullo
932 1404 1144 1466 vocabuli-sui

221 1487 463 1568 metamorphosi
484 1489 622 1550 violente
644 1496 676 1548 et
697 1489 848 1567 inaudito,
876 1490 931 1550 scd
952 1488 1145 1569 simplidoer,

220 1572 345 1650 propris
366 1576 398 1632 et
418 1590 575 1651 germane,
598 1572 627 1631 id
650 1571 733 1651 quod
750 1572 827 1632 nlius
842 1571 1018 1652 significare
1035 1570 1144 1652 possit,

220 1672 290 1712 cum
312 1672 375 1732 quo
404 1662 436 1714 et
463 1654 593 1716 sutisflut
625 1656 735 1715 rationi
769 1654 814 1715 illi
847 1659 965 1736 urgenti
995 1672 1071 1727 vos,
1103 1652 1143 1712 sd

221 1736 485 1814 aequivocandum
500 1737 684 1799 vocobulum
707 1738 775 1798 solo
791 1740 852 1798 isto
874 1739 956 1815 loco,
977 1737 1008 1796 id
1031 1744 1090 1815 est,
1110 1737 1142 1798 is

220 1817 327 1897 Psulo,
351 1839 390 1880 uo
409 1831 568 1900 praetereo
589 1839 740 1900 nusquam
762 1823 792 1880 in
805 1821 970 1901 Scriptura,
993 1819 1093 1882 velles
1109 1825 1143 1880 tn

221 1901 294 1963 mihi
315 1903 472 1964 invidere?
508 1913 600 1983 utque
622 1907 646 1964 si
669 1913 701 1964 tu
724 1903 823 1964 nolles
853 1903 1013 1985 amplecti,
1044 1901 1142 1965 vcllss

222 2005 271 2047 ms
291 2005 418 2066 qnoque
440 2005 509 2048 mco
532 1988 646 2066 gundio
668 1987 820 2067 spoliare,
842 1986 966 2066 quondo
987 1987 1018 2046 iu
1041 2003 1142 2047 rerum

221 2087 342 2128 summu
364 2069 491 2148 pulchre
513 2070 769 2130 conveniremus?
812 2071 853 2130 At
874 2087 934 2150 ego
955 2089 974 2130 s
994 2068 1141 2150 simplici·

222 2158 284 2211 late
306 2150 468 2212 verborum
491 2152 547 2212 Dei
571 2171 631 2213 non
655 2162 776 2232 paterer
804 2173 853 2212 ure
875 2153 980 2228 suelli,
1016 2170 1098 2233 quus
1117 2153 1142 2212 si

221 2233 308 2294 sslve
330 2235 443 2318 pietste
464 2233 536 2295 fidei
566 2254 690 2315 possem
727 2238 808 2296 bono
842 2255 932 2296 sensu
962 2235 1142 2317 intelligere,

222 2317 331 2376 vestris
352 2316 493 2378 humanis
516 2321 648 2380 inventis
670 2319 760 2399 plane
783 2321 893 2380 cedere
913 2319 1038 2381 nollem.

305 2399 388 2461 Dicis
407 2407 526 2462 cutem:
561 2400 594 2463 si
622 2405 652 2462 in
683 2422 803 2464 summo
825 2404 1041 2480 convenimus,
1070 2400 1141 2482 quid

222 2482 367 2561 prosunss
399 2502 510 2545 vocum
545 2488 697 2546 novitates
730 2487 876 2563 suscitas,
912 2494 943 2546 et
975 2504 1038 2546 non
1067 2487 1141 2546 cilrt

222 2565 402 2627 scandulum
452 2567 613 2629 nobiscum
662 2569 893 2630 communicas?
944 2567 1142 2648 Respondes,

223 2650 305 2728 quod
330 2650 410 2710 molo
435 2651 473 2711 de
495 2651 579 2712 fonte
600 2671 692 2732 quum
716 2654 754 2713 de
776 2653 879 2712 rivulis
902 2651 1024 2728 biberes,
1047 2670 1088 2712 sn
1110 2659 1139 2710 tu

223 2751 272 2793 me
294 2734 353 2794 hoc
375 2732 572 2813 prohibebis?
617 2736 684 2796 Duo
707 2738 787 2796 enim
811 2744 881 2795 suut
903 2754 983 2814 quse
1005 2753 1054 2794 me
1077 2752 1140 2794 nro·

224 2824 303 2875 vent.
348 2816 497 2894 Primum,
530 2818 613 2897 quod
635 2818 806 2898 Scripturas
833 2822 862 2878 iu
893 2819 956 2878 suis
980 2817 1098 2878 viribus
1108 2814 1138 2898 ¹)

222 2917 325 2978 purus,
347 2898 387 2959 ab
408 2904 492 2962 omni
516 2903 689 2982 hominum,
723 2904 813 2962 etium
836 2901 1035 2977 Sanctorum,
1071 2919 1141 2962 con·

223 2988 305 3042 tuctu
329 2983 466 3059 mundus,
491 2985 530 3044 sb
554 2987 636 3045 omni
653 2995 774 3046 terreno
793 2984 991 3047 condimento
1007 2986 1141 3045 sincerus

222 3064 336 3125 habere
358 3065 440 3126 volo.
487 3067 549 3127 Vos
572 3071 652 3128 enim
676 3070 768 3145 estis,
790 3071 841 3147 qui
863 3067 1009 3147 profanus
1032 3067 1140 3128 voc'um

223 3149 376 3209 novitates
398 3168 460 3211 non
485 3153 620 3226 vitastis,
643 3160 675 3212 ut
696 3152 808 3212 Paulus
830 3153 889 3228 ait,
925 3149 980 3211 ssd
1002 3149 1158 3215 humanit,

223 3229 334 3308 glossis
369 3232 480 3292 vestire
509 3242 540 3293 el
567 3236 693 3296 terrenis
716 3235 919 3295 condimentis
941 3232 1069 3294 condire
1091 3250 1141 3293 vc·

223 3313 320 3374 luistis
353 3322 476 3376 ssnctss
509 3318 583 3379 istus
616 3317 740 3378 delicias
763 3318 829 3379 Dei.
875 3318 913 3377 Et
943 3318 1044 3378 enims
1074 3334 1141 3376 mss

223 3408 370 3478 nsusect,
394 3416 462 3459 cum
487 3398 715 3476 Ezechiele*),
750 3420 860 3482 panem
885 3400 1048 3461 comedere
1070 3405 1140 3459 ster·

223 3499 297 3542 cors
324 3481 457 3542 hnmuuo
489 3491 646 3562 opertum3
681 3488 740 3544 sois
771 3485 841 3564 quid
873 3485 933 3544 hoc
967 3479 1141 3562 siguiflost?

294 3664 322 3731 1)
341 3662 372 3718 ln
391 3664 434 3719 sd.
452 3663 527 3721 Jsu:
547 3669 649 3723 verbis.

294 3735 327 3802 ⁴¹)
348 3736 447 3791 Enoch.
468 3739 494 3793 4.
