2392 4170
140 250 204 327 aaa
344 256 450 344 coras
466 249 866 324 submurmuras

55 423 59 429 ’
142 426 368 506 theologlsatur
388 422 537 486 advswus
550 438 644 484 'oscas
657 423 804 484 rationes.
836 420 915 482 Oom
938 436 999 503 ogo
1009 414 1067 481 ad·

143 524 249 573 vorsus
262 507 486 578 Tbomisticom
508 505 687 567 illum‘lldei
708 503 869 566 articulum
892 504 1065 584 posuisaam

140 588 256 655 lulraan
278 588 353 652 illud
375 588 511 651 coeleste
532 588 618 651 Pauli
648 587 774 649 verbam
803 592 830 653 l.
853 586 991 649 Corinth.
1016 588 1066 666 ro,

142 676 194 737 ubi
215 683 279 735 tam
302 680 408 754 aposta
436 690 548 752 panem
576 669 715 752 appellat
740 671 801 733 boc
820 670 1065 747 Sacramentum,

143 766 177 820 ot
197 774 256 819 asc
275 756 370 836 Regis
392 753 517 833 ruditas,
539 771 598 814 nso
612 754 791 815 Tbomistaa
812 754 949 833 nequitia
971 750 1064 813 ullum

143 838 310 902 mentiendi
331 845 363 898 at
378 836 504 898 ludendi
527 834 673 916 eiiug‘iurn'
688 839 834 907 ,iuvenire
853 842 972 918 posset,
995 853 1064 895 oum

143 930 224 985 stant
246 920 340 982 verba
361 920 449 981 Pauli
471 920 539 980 luco
561 920 705 981 clariora:
739 920 846 997 Panis,
873 938 965 999 quern
987 919 1066 979 stau·

143 1007 254 1087 glutus,
275 1021 380 1065 uonna
400 1003 594 1084 participatio
609 1003 748 1083 corporis
757 1000 885 1065 Domini
907 1000 1065 1063 cabillon

142 1089 201 1149 alt:
233 1086 352 1167 corpus
375 1085 458 1165 quod
480 1085 658 1165 frangimus.
714 1085 784 1147 Non
805 1086 863 1146 ait:
887 1085 968 1146 Nihil
990 1082 1064 1145 illurl

144 1168 386 1231 consecrationis
408 1167 574 1247 reliquum,
602 1167 684 1247 quod
705 1169 892 1249 frangimus,
913 1176 967 1228 aut
982 1168 1067 1229 acoi

143 1252 249 1319 dantia
270 1268 350 1331 quae
373 1251 556 1330 frangimus,
584 1250 639 1311 scd
660 1250 753 1313 Panis
774 1270 864 1331 quam
887 1252 1067 1332 frangimus,

144 1337 249 1415 nuqua
275 1337 336 1395 iam
366 1334 545 1395 benedictus
575 1340 608 1394 st
635 1341 841 1400 consecratus.
890 1333 949 1395 llic
976 1335 1068 1415 igitur

143 1419 232 1501 panis
261 1414 442 1478 benedictus
472 1422 520 1478 cat
545 1417 742 1497 participatio
771 1416 909 1498 corporis
943 1417 1067 1479 Domiui

143 1507 202 1563 ato.
240 1499 346 1563 Simila
366 1506 414 1560 est
435 1503 464 1562 l.
484 1498 628 1562 'Corinth
649 1502 685 1562 2:
719 1499 783 1576 Qui·
798 1498 967 1565 manducat
987 1500 1068 1561 huuc

143 1594 254 1665 pausas
276 1589 336 1644 sto.
811 1614 818 1623 »

159 1694 163 1701 ·
226 1665 284 1725 llio
319 1664 418 1725 bonos
454 1672 485 1725 st
516 1666 621 1726 suavia
654 1665 815 1727 Thomista
854 1665 931 1726 nihil
967 1684 1068 1747 usqua

144 1747 367 1828 ¹scripturarum
386 1764 486 1826 nequa
505 1749 660 1809 rationum
678 1748 820 1830 alfarous,
840 1748 897 1809 sad
917 1768 960 1810 cx
983 1768 1067 1811 maro

144 1848 216 1899 suo:
237 1829 380 1911 Oportet
406 1831 452 1891 sio
478 1848 563 1909 assa,
592 1832 680 1911 dicit,
704 1830 899 1913 Scriptorum
928 1840 1066 1894 sanctam

144 1913 246 1975 solers
266 1911 432 1993 aliquando
454 1913 485 1973 id
505 1912 545 1994 'ap
569 1914 681 1994 ellare,
709 1916 792 1995 quod
812 1915 884 1994 ruit,
909 1916 962 1976 vel
985 1915 1066 1996 quoti

144 1996 243 2058 simila
263 1996 313 2072 sit
335 2003 369 2056 ot
387 1996 469 2060 lixo.
482 2001 518 2061 7:
540 1933 708 2059 beverarii
729 1999 817 2079 virga
837 1998 943 2060 Aaron
965 2000 1067 2079 virgas

144 2088 321 2160 magorum,
357 2078 388 2139 id
422 2085 487 2158 cst,
527 2076 622 2141 draco
656 2081 707 2159 qai
738 2080 796 2142 init
829 2082 916 2161 virga
952 2083 1066 2148 Aaron.

74 2190 78 2196 ·
144 2162 230 2223 Haec
248 2161 329 2225 illc,¹

226 2244 323 2304 Recte
344 2246 374 2303 in
399 2252 492 2323 caput
520 2252 603 2304 tuum
628 2249 781 2326 mentiris,
814 2248 881 2308 Rex
903 2248 1018 2310 stolida
1039 2258 1067 2308 st

145 2326 305 2406 sacrilege,
329 2328 380 2404 qui
403 2327 502 2387 bonta
523 2329 693 2409 impudenti
715 2350 808 2391 ausus
832 2350 865 2391 es
888 2332 990 2393 verbis
1013 2332 1066 2393 Dai

26 2486 29 2491 ,
145 2407 394 2478 infallibilibusll
419 2409 561 2486 tribucre,
579 2419 612 2471 ul
632 2412 714 2472 aliud
728 2421 840 2474 sonent
862 2432 953 2493 quam
977 2417 1066 2496 signi-

146 2490 248 2554 ficent.
283 2491 454 2567 Quantam,
477 2492 623 2570 obsecro,
646 2495 810 2557 fenestram
833 2496 1066 2577 blasphemandi

145 2576 299 2657 aparuerit
331 2575 414 2635 furor
446 2576 506 2636 ista
539 2576 632 2657 Regis
665 2581 814 2640 universis
847 2580 1011 2641 haereticis
1039 2589 1068 2641 at

47 2711 50 2714 ,
147 2658 218 2719 lidai
238 2657 398 2719 hostibus?
420 2657 452 2718 Sl
467 2660 562 2719 semel
582 2661 748 2723 admissum
769 2663 868 2736 fucrit,
892 2663 1067 2744 Scripturas

147 2742 341 2802 autoritatem
356 2740 478 2801 lubricis
495 2750 526 2801 et
540 2743 700 2805 fallacibus
717 2745 818 2806 verbis
835 2747 898 2822 niti,
917 2747 990 2825 quid
1006 2755 1065 2808 tum

145 2843 208 2884 non
231 2823 372 2904 probare,
395 2824 580 2903 improbare,
602 2830 678 2887 tucri
701 2835 732 2889 at
747 2828 910 2889 defendero
924 2836 1068 2909 poterunt

146 2910 255 2968 cuinss
277 2907 412 2970 omnium
433 2906 611 2985 dogmatum
631 2911 786 2990 Magistri?
809 2910 933 2986 Quanto
956 2914 1067 2974 rectius

144 2991 175 3051 S.
198 2990 387 3070 Augustinus
408 3007 448 3049 us
469 2991 607 3051 iocosum
630 2994 751 3071 quidem
776 2992 984 3070 mendacium,
1012 3014 1068 3057 nco

147 3072 318 3134 officiosum
340 3072 371 3131 in
393 3073 489 3132 sacris
511 3072 607 3135 litoris
624 3077 761 3157 recipcre
773 3077 880 3141 voluit.
913 3078 974 3138 Hio
994 3096 1067 3139 varo

146 3155 214 3216 Rax
236 3154 325 3215 nobis
347 3155 469 3234 copiam
486 3154 568 3232 iacit,
592 3158 688 3219 sicubi
705 3158 879 3239 Scripturas
901 3178 960 3222 nos
982 3167 1069 3241 urget

146 3237 305 3316 autoritas,
328 3234 482 3297 ludendos
492 3235 524 3314 ²)
550 3240 615 3300 aius
637 3246 668 3302 st
685 3242 729 3301 sia
747 3243 1007 3325 interpretandae,
1030 3262 1068 3305 na

146 3318 244 3400 possit
265 3337 323 3380 nos
345 3337 464 3400 urgere.

228 3399 291 3464 Ssd
314 3408 392 3480 asto,
413 3402 480 3464 Rex
501 3403 707 3466 Thornisticus
729 3425 791 3468 noo
813 3407 958 3488 dignatur
979 3411 1068 3473 Orsa

146 3488 245 3545 totam
267 3502 355 3545 suum
378 3491 464 3547 tanto
482 3485 609 3568 honora,
632 3493 666 3550 at
680 3507 804 3550 saosum
827 3510 914 3552 suum
930 3494 961 3554 iu
976 3493 1069 3556 verba

147 3566 211 3627 aius
234 3569 381 3648 captivat,
408 3568 507 3630 lassas
530 3589 600 3632 sesa
621 3573 724 3652 potius
746 3574 882 3655 nssoira,
910 3576 1067 3657 quomodo

183 3745 214 3822 1)
236 3746 269 3805 u
286 3744 332 3804 so.
350 3747 436 3822 orla:
452 3747 614 3809 maora.
651 3750 684 3823 a)
703 3749 736 3808 1n
749 3751 795 3809 aa
806 3751 884 3810 rsa:
902 3753 1067 3817 claranus
