<?xml version="1.0" encoding="UTF-8"?>
<!DOCTYPE html PUBLIC "-//W3C//DTD XHTML 1.0 Transitional//EN"
    "http://www.w3.org/TR/xhtml1/DTD/xhtml1-transitional.dtd">
<html xmlns="http://www.w3.org/1999/xhtml" xml:lang="en" lang="en">
 <head>
  <title>
</title>
<meta http-equiv="Content-Type" content="text/html;charset=utf-8" />
  <meta name='ocr-system' content='tesseract 3.04.00' />
  <meta name='ocr-capabilities' content='ocr_page ocr_carea ocr_par ocr_line ocrx_word'/>
</head>
<body>
  <div class='ocr_page' id='page_1' title='image "./dmartinilutheri03luthgoog_0178.png"; bbox 0 0 2392 4170; ppageno 0'>
   <div class='ocr_carea' id='block_1_1' title="bbox 293 247 1036 319">
    <p class='ocr_par' dir='ltr' id='par_1_1' title="bbox 293 247 1036 319">
     <span class='ocr_line' id='line_1_1' title="bbox 293 247 1036 319; baseline 0.004 -16"><span class='ocrx_word' id='word_1_1' title='bbox 293 248 403 305; x_wconf 74' lang='lat' dir='ltr'><strong>nuum</strong></span> <span class='ocrx_word' id='word_1_2' title='bbox 422 248 510 304; x_wconf 62' lang='lat' dir='ltr'><strong>leon</strong></span> <span class='ocrx_word' id='word_1_3' title='bbox 529 248 563 304; x_wconf 81' lang='lat' dir='ltr'><strong>X.</strong></span> <span class='ocrx_word' id='word_1_4' title='bbox 589 248 712 306; x_wconf 74' lang='lat' dir='ltr'><strong>demost.</strong></span> <span class='ocrx_word' id='word_1_5' title='bbox 731 266 757 307; x_wconf 85' lang='lat' dir='ltr'><strong>s.</strong></span> <span class='ocrx_word' id='word_1_6' title='bbox 777 247 856 308; x_wconf 73' lang='lat' dir='ltr'><strong>utto</strong></span> <span class='ocrx_word' id='word_1_7' title='bbox 974 250 1036 319; x_wconf 73' lang='lat'><strong>167</strong></span> 
     </span>
    </p>
   </div>
   <div class='ocr_carea' id='block_1_2' title="bbox 85 403 1118 3823">
    <p class='ocr_par' dir='ltr' id='par_1_2' title="bbox 136 403 1037 488">
     <span class='ocr_line' id='line_1_2' title="bbox 136 403 1037 488; baseline 0.001 -19"><span class='ocrx_word' id='word_1_8' title='bbox 136 406 222 470; x_wconf 80' lang='lat' dir='ltr'><strong>diderit</strong></span> <span class='ocrx_word' id='word_1_9' title='bbox 241 411 273 467; x_wconf 85' lang='lat' dir='ltr'><strong>st</strong></span> <span class='ocrx_word' id='word_1_10' title='bbox 292 404 465 486; x_wconf 71' lang='lat' dir='ltr'><strong>baptisatus</strong></span> <span class='ocrx_word' id='word_1_11' title='bbox 486 403 587 482; x_wconf 71' lang='lat' dir='ltr'><strong>fuerit,</strong></span> <span class='ocrx_word' id='word_1_12' title='bbox 609 406 714 468; x_wconf 78' lang='lat' dir='ltr'><strong>salvus</strong></span> <span class='ocrx_word' id='word_1_13' title='bbox 732 409 798 488; x_wconf 84' lang='lat' dir='ltr'><strong>erit,</strong></span> <span class='ocrx_word' id='word_1_14' title='bbox 821 426 895 488; x_wconf 82' lang='lat' dir='ltr'><strong>ergo</strong></span> <span class='ocrx_word' id='word_1_15' title='bbox 908 426 1037 471; x_wconf 83' lang='lat' dir='ltr'><strong>necesse</strong></span> 
     </span>
    </p>

    <p class='ocr_par' dir='ltr' id='par_1_3' title="bbox 133 487 1037 574">
     <span class='ocr_line' id='line_1_3' title="bbox 133 487 1037 574; baseline 0.002 -22"><span class='ocrx_word' id='word_1_16' title='bbox 133 498 174 571; x_wconf 74' lang='lat' dir='ltr'><strong>cst,</strong></span> <span class='ocrx_word' id='word_1_17' title='bbox 190 498 225 552; x_wconf 85' lang='lat' dir='ltr'><strong>ut</strong></span> <span class='ocrx_word' id='word_1_18' title='bbox 242 488 447 570; x_wconf 87' lang='lat' dir='ltr'><strong>baptisandus</strong></span> <span class='ocrx_word' id='word_1_19' title='bbox 469 487 576 549; x_wconf 90' lang='lat' dir='ltr'><strong>credat</strong></span> <span class='ocrx_word' id='word_1_20' title='bbox 597 508 631 550; x_wconf 90' lang='lat' dir='ltr'><strong>se</strong></span> <span class='ocrx_word' id='word_1_21' title='bbox 653 491 772 552; x_wconf 84' lang='lat' dir='ltr'><strong>salvum</strong></span> <span class='ocrx_word' id='word_1_22' title='bbox 794 491 870 571; x_wconf 75' lang='lat' dir='ltr'><strong>iore,</strong></span> <span class='ocrx_word' id='word_1_23' title='bbox 892 491 944 555; x_wconf 90' lang='lat' dir='ltr'><strong>ubi</strong></span> <span class='ocrx_word' id='word_1_24' title='bbox 963 491 1037 574; x_wconf 78' lang='lat' dir='ltr'><strong>bap</strong></span> 
     </span>
    </p>

    <p class='ocr_par' dir='ltr' id='par_1_4' title="bbox 132 571 1037 735">
     <span class='ocr_line' id='line_1_4' title="bbox 133 571 1037 655; baseline 0.001 -19"><span class='ocrx_word' id='word_1_25' title='bbox 133 577 220 637; x_wconf 77' lang='lat' dir='ltr'><strong>usus</strong></span> <span class='ocrx_word' id='word_1_26' title='bbox 239 573 340 653; x_wconf 80' lang='lat' dir='ltr'><strong>fuerit,</strong></span> <span class='ocrx_word' id='word_1_27' title='bbox 365 571 501 651; x_wconf 90' lang='lat' dir='ltr'><strong>alioquin</strong></span> <span class='ocrx_word' id='word_1_28' title='bbox 524 572 625 633; x_wconf 89' lang='lat' dir='ltr'><strong>Deum</strong></span> <span class='ocrx_word' id='word_1_29' title='bbox 648 574 678 633; x_wconf 92' lang='lat' dir='ltr'><strong>in</strong></span> <span class='ocrx_word' id='word_1_30' title='bbox 691 594 748 636; x_wconf 87' lang='lat' dir='ltr'><strong>sua</strong></span> <span class='ocrx_word' id='word_1_31' title='bbox 761 576 822 636; x_wconf 89' lang='lat' dir='ltr'><strong>ista</strong></span> <span class='ocrx_word' id='word_1_32' title='bbox 830 577 1037 655; x_wconf 87' lang='lat' dir='ltr'><strong>promissione</strong></span> 
     </span>
     <span class='ocr_line' id='line_1_5' title="bbox 132 654 841 735; baseline -0.004 -14"><span class='ocrx_word' id='word_1_33' title='bbox 132 658 188 721; x_wconf 77' lang='lat' dir='ltr'><strong>iasii</strong></span> <span class='ocrx_word' id='word_1_34' title='bbox 204 655 397 731; x_wconf 77' lang='lat' dir='ltr'><strong>mendacem,</strong></span> <span class='ocrx_word' id='word_1_35' title='bbox 421 654 505 735; x_wconf 89' lang='lat' dir='ltr'><strong>quod</strong></span> <span class='ocrx_word' id='word_1_36' title='bbox 528 662 575 716; x_wconf 89' lang='lat' dir='ltr'><strong>est</strong></span> <span class='ocrx_word' id='word_1_37' title='bbox 596 656 792 721; x_wconf 88' lang='lat' dir='ltr'><strong>horrendum.</strong></span> <span class='ocrx_word' id='word_1_38' title='bbox 838 684 841 691; x_wconf 91' lang='grc'><em>·</em></span> 
     </span>
    </p>

    <p class='ocr_par' dir='ltr' id='par_1_5' title="bbox 194 740 1037 819">
     <span class='ocr_line' id='line_1_6' title="bbox 194 740 1037 819; baseline 0 -16"><span class='ocrx_word' id='word_1_39' title='bbox 194 740 245 803; x_wconf 79' lang='lat' dir='ltr'><strong>sic</strong></span> <span class='ocrx_word' id='word_1_40' title='bbox 265 741 297 801; x_wconf 94' lang='lat' dir='ltr'><strong>in</strong></span> <span class='ocrx_word' id='word_1_41' title='bbox 320 747 516 802; x_wconf 81' lang='lat' dir='ltr'><strong>sacramanto</strong></span> <span class='ocrx_word' id='word_1_42' title='bbox 539 741 749 819; x_wconf 88' lang='lat' dir='ltr'><strong>poenitentiae</strong></span> <span class='ocrx_word' id='word_1_43' title='bbox 771 741 860 803; x_wconf 83' lang='lat' dir='ltr'><strong>datur</strong></span> <span class='ocrx_word' id='word_1_44' title='bbox 882 741 1037 803; x_wconf 80' lang='lat' dir='ltr'><strong>absolutio</strong></span> 
     </span>
    </p>

    <p class='ocr_par' dir='ltr' id='par_1_6' title="bbox 91 823 1038 905">
     <span class='ocr_line' id='line_1_7' title="bbox 91 823 1038 905; baseline 0.001 -20"><span class='ocrx_word' id='word_1_45' title='bbox 91 840 93 873; x_wconf 88' lang='lat'><em>÷</em></span> <span class='ocrx_word' id='word_1_46' title='bbox 132 823 257 887; x_wconf 83' lang='lat' dir='ltr'><strong>inrerbo</strong></span> <span class='ocrx_word' id='word_1_47' title='bbox 280 824 371 885; x_wconf 84' lang='lat' dir='ltr'><strong>istius</strong></span> <span class='ocrx_word' id='word_1_48' title='bbox 393 823 622 903; x_wconf 76' lang='lat' dir='ltr'><strong>promissionis:</strong></span> <span class='ocrx_word' id='word_1_49' title='bbox 653 823 869 905; x_wconf 74' lang='lat' dir='ltr'>Quodcunque</span> <span class='ocrx_word' id='word_1_50' title='bbox 893 824 1038 904; x_wconf 83' lang='lat' dir='ltr'><strong>ligaven&#39;s</strong></span> 
     </span>
    </p>

    <p class='ocr_par' dir='ltr' id='par_1_7' title="bbox 90 906 1039 1237">
     <span class='ocr_line' id='line_1_8' title="bbox 90 906 1037 991; baseline -0.001 -22"><span class='ocrx_word' id='word_1_51' title='bbox 90 914 94 985; x_wconf 67' lang='lat' dir='ltr'><strong>t</strong></span> <span class='ocrx_word' id='word_1_52' title='bbox 133 928 204 991; x_wconf 72' lang='lat' dir='ltr'><strong>uper</strong></span> <span class='ocrx_word' id='word_1_53' title='bbox 222 914 346 983; x_wconf 76' lang='lat' dir='ltr'><strong>terrun,</strong></span> <span class='ocrx_word' id='word_1_54' title='bbox 369 906 496 986; x_wconf 83' lang='lat' dir='ltr'><strong>ligatum</strong></span> <span class='ocrx_word' id='word_1_55' title='bbox 519 907 577 967; x_wconf 88' lang='lat' dir='ltr'><strong>erit</strong></span> <span class='ocrx_word' id='word_1_56' title='bbox 597 914 630 968; x_wconf 87' lang='lat' dir='ltr'><strong>et</strong></span> <span class='ocrx_word' id='word_1_57' title='bbox 649 909 679 967; x_wconf 91' lang='lat' dir='ltr'><strong>iu</strong></span> <span class='ocrx_word' id='word_1_58' title='bbox 700 908 805 970; x_wconf 88' lang='lat' dir='ltr'><strong>coelis.</strong></span> <span class='ocrx_word' id='word_1_59' title='bbox 830 907 933 982; x_wconf 81' lang='lat' dir='ltr'><strong>Quare</strong></span> <span class='ocrx_word' id='word_1_60' title='bbox 945 926 1037 988; x_wconf 92' lang='lat' dir='ltr'><strong>opor-</strong></span> 
     </span>
     <span class='ocr_line' id='line_1_9' title="bbox 134 989 1038 1071; baseline -0.001 -18"><span class='ocrx_word' id='word_1_61' title='bbox 134 998 171 1071; x_wconf 72' lang='lat' dir='ltr'><strong>tst</strong></span> <span class='ocrx_word' id='word_1_62' title='bbox 186 998 218 1053; x_wconf 91' lang='lat' dir='ltr'><strong>ut</strong></span> <span class='ocrx_word' id='word_1_63' title='bbox 237 989 448 1053; x_wconf 82' lang='lat' dir='ltr'><strong>absolvendus</strong></span> <span class='ocrx_word' id='word_1_64' title='bbox 470 989 584 1069; x_wconf 83' lang='lat' dir='ltr'><strong>credat,</strong></span> <span class='ocrx_word' id='word_1_65' title='bbox 607 997 640 1052; x_wconf 87' lang='lat' dir='ltr'><strong>et</strong></span> <span class='ocrx_word' id='word_1_66' title='bbox 659 1009 722 1052; x_wconf 92' lang='lat' dir='ltr'><strong>non</strong></span> <span class='ocrx_word' id='word_1_67' title='bbox 745 989 863 1053; x_wconf 89' lang='lat' dir='ltr'><strong>dubitet</strong></span> <span class='ocrx_word' id='word_1_68' title='bbox 884 1010 953 1052; x_wconf 87' lang='lat' dir='ltr'><strong>sese</strong></span> <span class='ocrx_word' id='word_1_69' title='bbox 965 1010 1038 1052; x_wconf 86' lang='lat' dir='ltr'><strong>vere</strong></span> 
     </span>
     <span class='ocr_line' id='line_1_10' title="bbox 135 1072 1039 1154; baseline -0.003 -17"><span class='ocrx_word' id='word_1_70' title='bbox 135 1072 266 1137; x_wconf 66' lang='lat' dir='ltr'><strong>sbsolffin</strong></span> <span class='ocrx_word' id='word_1_71' title='bbox 278 1073 465 1152; x_wconf 85' lang='lat' dir='ltr'><strong>coelisapud</strong></span> <span class='ocrx_word' id='word_1_72' title='bbox 474 1073 584 1152; x_wconf 78' lang='lat' dir='ltr'><strong>Deum,</strong></span> <span class='ocrx_word' id='word_1_73' title='bbox 593 1073 664 1134; x_wconf 90' lang='lat' dir='ltr'><strong>dum</strong></span> <span class='ocrx_word' id='word_1_74' title='bbox 672 1072 877 1135; x_wconf 87' lang='lat' dir='ltr'><strong>absolviturin</strong></span> <span class='ocrx_word' id='word_1_75' title='bbox 889 1075 1039 1154; x_wconf 88' lang='lat' dir='ltr'><strong>terrisper</strong></span> 
     </span>
     <span class='ocr_line' id='line_1_11' title="bbox 135 1156 1038 1237; baseline -0.002 -17"><span class='ocrx_word' id='word_1_76' title='bbox 135 1158 363 1235; x_wconf 61' lang='lat' dir='ltr'><strong>mrdotemme</strong></span> <span class='ocrx_word' id='word_1_77' title='bbox 373 1157 484 1218; x_wconf 81' lang='lat' dir='ltr'><strong>Christi</strong></span> <span class='ocrx_word' id='word_1_78' title='bbox 498 1158 735 1237; x_wconf 82' lang='lat' dir='ltr'><strong>promissionem</strong></span> <span class='ocrx_word' id='word_1_79' title='bbox 745 1156 927 1218; x_wconf 88' lang='lat' dir='ltr'><strong>mendacem</strong></span> <span class='ocrx_word' id='word_1_80' title='bbox 935 1157 1038 1218; x_wconf 83' lang='lat' dir='ltr'><strong>iaciat.</strong></span> 
     </span>
    </p>

    <p class='ocr_par' dir='ltr' id='par_1_8' title="bbox 135 1239 1039 1572">
     <span class='ocr_line' id='line_1_12' title="bbox 195 1239 1038 1321; baseline -0.005 -17"><span class='ocrx_word' id='word_1_81' title='bbox 195 1241 245 1304; x_wconf 83' lang='lat' dir='ltr'><strong>Sic</strong></span> <span class='ocrx_word' id='word_1_82' title='bbox 256 1242 288 1300; x_wconf 92' lang='lat' dir='ltr'><strong>in</strong></span> <span class='ocrx_word' id='word_1_83' title='bbox 304 1247 499 1302; x_wconf 88' lang='lat' dir='ltr'><strong>sacramento</strong></span> <span class='ocrx_word' id='word_1_84' title='bbox 513 1242 603 1321; x_wconf 87' lang='lat' dir='ltr'><strong>panis</strong></span> <span class='ocrx_word' id='word_1_85' title='bbox 626 1240 716 1301; x_wconf 88' lang='lat' dir='ltr'><strong>datur</strong></span> <span class='ocrx_word' id='word_1_86' title='bbox 737 1259 849 1320; x_wconf 90' lang='lat' dir='ltr'><strong>corpus</strong></span> <span class='ocrx_word' id='word_1_87' title='bbox 862 1239 985 1319; x_wconf 74' lang='lat' dir='ltr'><strong>Christi,</strong></span> <span class='ocrx_word' id='word_1_88' title='bbox 1005 1241 1038 1300; x_wconf 94' lang='lat' dir='ltr'><strong>in</strong></span> 
     </span>
     <span class='ocr_line' id='line_1_13' title="bbox 135 1323 1038 1405; baseline -0.002 -20"><span class='ocrx_word' id='word_1_89' title='bbox 135 1324 207 1387; x_wconf 82' lang='lat' dir='ltr'><strong>serbo</strong></span> <span class='ocrx_word' id='word_1_90' title='bbox 232 1326 322 1385; x_wconf 89' lang='lat' dir='ltr'><strong>istius</strong></span> <span class='ocrx_word' id='word_1_91' title='bbox 352 1324 581 1404; x_wconf 86' lang='lat' dir='ltr'><strong>promissionis:</strong></span> <span class='ocrx_word' id='word_1_92' title='bbox 612 1325 753 1405; x_wconf 85' lang='lat' dir='ltr'><strong>Accipite</strong></span> <span class='ocrx_word' id='word_1_93' title='bbox 782 1332 814 1384; x_wconf 88' lang='lat' dir='ltr'><strong>et</strong></span> <span class='ocrx_word' id='word_1_94' title='bbox 842 1323 1038 1398; x_wconf 82' lang='lat' dir='ltr'><strong>manducate,</strong></span> 
     </span>
     <span class='ocr_line' id='line_1_14' title="bbox 135 1405 1037 1488; baseline -0.001 -19"><span class='ocrx_word' id='word_1_95' title='bbox 135 1406 178 1469; x_wconf 80' lang='lat' dir='ltr'><strong>boc</strong></span> <span class='ocrx_word' id='word_1_96' title='bbox 201 1415 248 1470; x_wconf 87' lang='lat' dir='ltr'><strong>est</strong></span> <span class='ocrx_word' id='word_1_97' title='bbox 283 1426 397 1488; x_wconf 88' lang='lat' dir='ltr'><strong>corpus</strong></span> <span class='ocrx_word' id='word_1_98' title='bbox 432 1426 549 1482; x_wconf 76' lang='lat' dir='ltr'><strong>meum,</strong></span> <span class='ocrx_word' id='word_1_99' title='bbox 579 1407 662 1486; x_wconf 93' lang='lat' dir='ltr'><strong>quod</strong></span> <span class='ocrx_word' id='word_1_100' title='bbox 690 1427 748 1487; x_wconf 92' lang='lat' dir='ltr'><strong>pro</strong></span> <span class='ocrx_word' id='word_1_101' title='bbox 777 1405 866 1468; x_wconf 86' lang='lat' dir='ltr'><strong>vobis</strong></span> <span class='ocrx_word' id='word_1_102' title='bbox 898 1405 1037 1468; x_wconf 90' lang='lat' dir='ltr'><strong>traditur.</strong></span> 
     </span>
     <span class='ocr_line' id='line_1_15' title="bbox 136 1488 1039 1572; baseline -0.006 -19"><span class='ocrx_word' id='word_1_103' title='bbox 136 1490 242 1572; x_wconf 72' lang='lat' dir='ltr'><strong>Oportet</strong></span> <span class='ocrx_word' id='word_1_104' title='bbox 262 1510 339 1571; x_wconf 86' lang='lat' dir='ltr'><strong>ergo</strong></span> <span class='ocrx_word' id='word_1_105' title='bbox 365 1489 602 1552; x_wconf 77' lang='lat' dir='ltr'><strong>manducantem</strong></span> <span class='ocrx_word' id='word_1_106' title='bbox 626 1492 753 1552; x_wconf 90' lang='lat' dir='ltr'><strong>omnino</strong></span> <span class='ocrx_word' id='word_1_107' title='bbox 777 1497 808 1552; x_wconf 89' lang='lat' dir='ltr'><strong>et</strong></span> <span class='ocrx_word' id='word_1_108' title='bbox 827 1488 954 1550; x_wconf 84' lang='lat' dir='ltr'><strong>firmiter</strong></span> <span class='ocrx_word' id='word_1_109' title='bbox 975 1507 1039 1549; x_wconf 90' lang='lat' dir='ltr'><strong>cre·</strong></span> 
     </span>
    </p>

    <p class='ocr_par' dir='ltr' id='par_1_9' title="bbox 89 1564 1106 1737">
     <span class='ocr_line' id='line_1_16' title="bbox 89 1564 1106 1655; baseline -0.004 -20"><span class='ocrx_word' id='word_1_110' title='bbox 89 1636 93 1649; x_wconf 78' lang='grc'>,</span> <span class='ocrx_word' id='word_1_111' title='bbox 137 1572 203 1655; x_wconf 83' lang='lat' dir='ltr'><strong>dare,</strong></span> <span class='ocrx_word' id='word_1_112' title='bbox 231 1593 345 1655; x_wconf 89' lang='lat' dir='ltr'><strong>corpus</strong></span> <span class='ocrx_word' id='word_1_113' title='bbox 379 1573 490 1635; x_wconf 75' lang='lat' dir='ltr'><strong>christi</strong></span> <span class='ocrx_word' id='word_1_114' title='bbox 512 1593 574 1634; x_wconf 92' lang='lat' dir='ltr'><strong>non</strong></span> <span class='ocrx_word' id='word_1_115' title='bbox 598 1581 716 1635; x_wconf 90' lang='lat' dir='ltr'><strong>tantum</strong></span> <span class='ocrx_word' id='word_1_116' title='bbox 738 1592 796 1653; x_wconf 93' lang='lat' dir='ltr'><strong>pro</strong></span> <span class='ocrx_word' id='word_1_117' title='bbox 819 1572 908 1653; x_wconf 79' lang='lat' dir='ltr'><strong>aliis,</strong></span> <span class='ocrx_word' id='word_1_118' title='bbox 930 1571 986 1633; x_wconf 88' lang='lat' dir='ltr'><strong>sed</strong></span> <span class='ocrx_word' id='word_1_119' title='bbox 1008 1579 1039 1632; x_wconf 88' lang='lat' dir='ltr'><strong>et</strong></span> <span class='ocrx_word' id='word_1_120' title='bbox 1102 1564 1106 1573; x_wconf 75' lang='grc'><em>’</em></span> 
     </span>
     <span class='ocr_line' id='line_1_17' title="bbox 136 1654 1038 1737; baseline -0.004 -19"><span class='ocrx_word' id='word_1_121' title='bbox 136 1676 175 1735; x_wconf 86' lang='lat' dir='ltr'><strong>pro</strong></span> <span class='ocrx_word' id='word_1_122' title='bbox 193 1676 226 1718; x_wconf 89' lang='lat' dir='ltr'><strong>se</strong></span> <span class='ocrx_word' id='word_1_123' title='bbox 247 1677 316 1718; x_wconf 86' lang='lat' dir='ltr'><strong>esse</strong></span> <span class='ocrx_word' id='word_1_124' title='bbox 339 1657 444 1718; x_wconf 88' lang='lat' dir='ltr'><strong>datum</strong></span> <span class='ocrx_word' id='word_1_125' title='bbox 466 1664 497 1717; x_wconf 91' lang='lat' dir='ltr'><strong>et</strong></span> <span class='ocrx_word' id='word_1_126' title='bbox 519 1658 700 1737; x_wconf 83' lang='lat' dir='ltr'><strong>sanguinem</strong></span> <span class='ocrx_word' id='word_1_127' title='bbox 725 1657 837 1720; x_wconf 80' lang='lat' dir='ltr'><strong>Christi</strong></span> <span class='ocrx_word' id='word_1_128' title='bbox 859 1674 917 1737; x_wconf 92' lang='lat' dir='ltr'><strong>pro</strong></span> <span class='ocrx_word' id='word_1_129' title='bbox 940 1675 974 1716; x_wconf 89' lang='lat' dir='ltr'><strong>se</strong></span> <span class='ocrx_word' id='word_1_130' title='bbox 995 1654 1038 1714; x_wconf 84' lang='lat' dir='ltr'><strong>fu-</strong></span> 
     </span>
    </p>

    <p class='ocr_par' dir='ltr' id='par_1_10' title="bbox 89 1738 1037 1821">
     <span class='ocr_line' id='line_1_18' title="bbox 89 1738 1037 1821; baseline -0.004 -20"><span class='ocrx_word' id='word_1_131' title='bbox 89 1788 93 1811; x_wconf 38' lang='lat'><em>*</em></span> <span class='ocrx_word' id='word_1_132' title='bbox 136 1758 186 1801; x_wconf 85' lang='lat' dir='ltr'><strong>sum</strong></span> <span class='ocrx_word' id='word_1_133' title='bbox 203 1743 232 1803; x_wconf 88' lang='lat' dir='ltr'><strong>in</strong></span> <span class='ocrx_word' id='word_1_134' title='bbox 245 1741 458 1802; x_wconf 83' lang='lat' dir='ltr'><strong>remissionem</strong></span> <span class='ocrx_word' id='word_1_135' title='bbox 472 1747 681 1821; x_wconf 85' lang='lat' dir='ltr'><strong>peccatorum,</strong></span> <span class='ocrx_word' id='word_1_136' title='bbox 704 1742 784 1802; x_wconf 89' lang='lat' dir='ltr'><strong>sicut</strong></span> <span class='ocrx_word' id='word_1_137' title='bbox 798 1738 894 1801; x_wconf 87' lang='lat' dir='ltr'><strong>verba</strong></span> <span class='ocrx_word' id='word_1_138' title='bbox 909 1739 1037 1820; x_wconf 90' lang='lat' dir='ltr'><strong>promis·</strong></span> 
     </span>
    </p>

    <p class='ocr_par' dir='ltr' id='par_1_11' title="bbox 88 1818 1075 1971">
     <span class='ocr_line' id='line_1_19' title="bbox 88 1818 1075 1905; baseline -0.005 -19"><span class='ocrx_word' id='word_1_139' title='bbox 88 1818 94 1828; x_wconf 82' lang='grc'>’</span> <span class='ocrx_word' id='word_1_140' title='bbox 136 1824 210 1885; x_wconf 84' lang='lat' dir='ltr'><strong>sionis</strong></span> <span class='ocrx_word' id='word_1_141' title='bbox 229 1831 336 1903; x_wconf 86' lang='lat' dir='ltr'><strong>aperte</strong></span> <span class='ocrx_word' id='word_1_142' title='bbox 357 1831 479 1897; x_wconf 72' lang='lat' dir='ltr'><strong>sonant,</strong></span> <span class='ocrx_word' id='word_1_143' title='bbox 503 1825 618 1905; x_wconf 76' lang='lat' dir='ltr'><strong>alioqui</strong></span> <span class='ocrx_word' id='word_1_144' title='bbox 640 1822 778 1885; x_wconf 88' lang='lat' dir='ltr'><strong>irridebit</strong></span> <span class='ocrx_word' id='word_1_145' title='bbox 799 1823 1036 1903; x_wconf 89' lang='lat' dir='ltr'><strong>promissionem</strong></span> <span class='ocrx_word' id='word_1_146' title='bbox 1069 1860 1075 1871; x_wconf 47' lang='grc' dir='ltr'><em>ι</em></span> 
     </span>
     <span class='ocr_line' id='line_1_20' title="bbox 136 1906 870 1971; baseline -0.004 0"><span class='ocrx_word' id='word_1_147' title='bbox 136 1906 207 1971; x_wconf 78' lang='lat' dir='ltr'><strong>ittam</strong></span> <span class='ocrx_word' id='word_1_148' title='bbox 228 1907 341 1970; x_wconf 72' lang='lat' dir='ltr'><strong>Christi</strong></span> <span class='ocrx_word' id='word_1_149' title='bbox 363 1914 394 1967; x_wconf 91' lang='lat' dir='ltr'><strong>et</strong></span> <span class='ocrx_word' id='word_1_150' title='bbox 414 1907 558 1968; x_wconf 89' lang='lat' dir='ltr'><strong>iudicium</strong></span> <span class='ocrx_word' id='word_1_151' title='bbox 582 1907 638 1967; x_wconf 88' lang='lat' dir='ltr'><strong>sibi</strong></span> <span class='ocrx_word' id='word_1_152' title='bbox 662 1906 870 1968; x_wconf 84' lang='lat' dir='ltr'><strong>manducabit.</strong></span> 
     </span>
    </p>

    <p class='ocr_par' dir='ltr' id='par_1_12' title="bbox 88 1985 1041 2321">
     <span class='ocr_line' id='line_1_21' title="bbox 88 1985 1039 2077; baseline -0.008 -23"><span class='ocrx_word' id='word_1_153' title='bbox 88 2020 94 2077; x_wconf 39' lang='lat' dir='ltr'><strong>L&gt;</strong></span> <span class='ocrx_word' id='word_1_154' title='bbox 197 1991 245 2053; x_wconf 76' lang='lat' dir='ltr'><strong>Ex</strong></span> <span class='ocrx_word' id='word_1_155' title='bbox 266 1989 378 2072; x_wconf 88' lang='lat' dir='ltr'><strong>quibus</strong></span> <span class='ocrx_word' id='word_1_156' title='bbox 399 1990 526 2052; x_wconf 87' lang='lat' dir='ltr'><strong>evidens</strong></span> <span class='ocrx_word' id='word_1_157' title='bbox 549 1997 606 2068; x_wconf 86' lang='lat' dir='ltr'><strong>est,</strong></span> <span class='ocrx_word' id='word_1_158' title='bbox 628 1991 838 2053; x_wconf 88' lang='lat' dir='ltr'><strong>necessariam</strong></span> <span class='ocrx_word' id='word_1_159' title='bbox 854 2007 924 2050; x_wconf 85' lang='lat' dir='ltr'><strong>esse</strong></span> <span class='ocrx_word' id='word_1_160' title='bbox 945 1985 1039 2047; x_wconf 87' lang='lat' dir='ltr'><strong>fidem</strong></span> 
     </span>
     <span class='ocr_line' id='line_1_22' title="bbox 138 2073 1039 2156; baseline -0.008 -19"><span class='ocrx_word' id='word_1_161' title='bbox 138 2080 294 2156; x_wconf 78' lang='lat' dir='ltr'><strong>usspturo</strong></span> <span class='ocrx_word' id='word_1_162' title='bbox 310 2082 547 2152; x_wconf 87' lang='lat' dir='ltr'><strong>sacramentum,</strong></span> <span class='ocrx_word' id='word_1_163' title='bbox 559 2092 620 2154; x_wconf 90' lang='lat' dir='ltr'><strong>qua</strong></span> <span class='ocrx_word' id='word_1_164' title='bbox 632 2073 738 2136; x_wconf 88' lang='lat' dir='ltr'><strong>credat</strong></span> <span class='ocrx_word' id='word_1_165' title='bbox 755 2092 788 2135; x_wconf 88' lang='lat' dir='ltr'><strong>se</strong></span> <span class='ocrx_word' id='word_1_166' title='bbox 800 2076 1039 2134; x_wconf 86' lang='lat' dir='ltr'><strong>consecuturum</strong></span> 
     </span>
     <span class='ocr_line' id='line_1_23' title="bbox 138 2154 1040 2238; baseline -0.008 -18"><span class='ocrx_word' id='word_1_167' title='bbox 138 2154 256 2238; x_wconf 74' lang='lat' dir='ltr'><strong>idquod</strong></span> <span class='ocrx_word' id='word_1_168' title='bbox 279 2164 506 2219; x_wconf 87' lang='lat' dir='ltr'><strong>sacramentum</strong></span> <span class='ocrx_word' id='word_1_169' title='bbox 529 2159 682 2238; x_wconf 90' lang='lat' dir='ltr'><strong>promittit</strong></span> <span class='ocrx_word' id='word_1_170' title='bbox 702 2166 733 2218; x_wconf 87' lang='lat' dir='ltr'><strong>et</strong></span> <span class='ocrx_word' id='word_1_171' title='bbox 755 2156 867 2235; x_wconf 83' lang='lat' dir='ltr'><strong>donat,</strong></span> <span class='ocrx_word' id='word_1_172' title='bbox 889 2161 923 2215; x_wconf 90' lang='lat' dir='ltr'><strong>ut</strong></span> <span class='ocrx_word' id='word_1_173' title='bbox 933 2155 978 2214; x_wconf 92' lang='lat' dir='ltr'><strong>sic</strong></span> <span class='ocrx_word' id='word_1_174' title='bbox 990 2172 1040 2214; x_wconf 87' lang='lat' dir='ltr'><strong>ve·</strong></span> 
     </span>
     <span class='ocr_line' id='line_1_24' title="bbox 138 2236 1041 2321; baseline -0.006 -19"><span class='ocrx_word' id='word_1_175' title='bbox 138 2256 184 2301; x_wconf 85' lang='lat' dir='ltr'><strong>uu</strong></span> <span class='ocrx_word' id='word_1_176' title='bbox 202 2243 249 2321; x_wconf 84' lang='lat' dir='ltr'><strong>sit,</strong></span> <span class='ocrx_word' id='word_1_177' title='bbox 271 2241 355 2321; x_wconf 93' lang='lat' dir='ltr'><strong>quod</strong></span> <span class='ocrx_word' id='word_1_178' title='bbox 378 2241 505 2302; x_wconf 88' lang='lat' dir='ltr'><strong>dicitur:</strong></span> <span class='ocrx_word' id='word_1_179' title='bbox 546 2241 616 2301; x_wconf 85' lang='lat' dir='ltr'><strong>Non</strong></span> <span class='ocrx_word' id='word_1_180' title='bbox 638 2247 876 2315; x_wconf 84' lang='lat' dir='ltr'><strong>sacramentum,</strong></span> <span class='ocrx_word' id='word_1_181' title='bbox 898 2236 1041 2299; x_wconf 86' lang='lat' dir='ltr'><strong>sedfldes</strong></span> 
     </span>
    </p>

    <p class='ocr_par' dir='ltr' id='par_1_13' title="bbox 88 2324 1041 2388">
     <span class='ocr_line' id='line_1_25' title="bbox 88 2324 1041 2388; baseline -0.007 -1"><span class='ocrx_word' id='word_1_182' title='bbox 88 2350 91 2359; x_wconf 69' lang='lat'>¹</span> <span class='ocrx_word' id='word_1_183' title='bbox 141 2327 297 2387; x_wconf 76' lang='lat' dir='ltr'><strong>sennensi</strong></span> <span class='ocrx_word' id='word_1_184' title='bbox 316 2324 470 2388; x_wconf 83' lang='lat' dir='ltr'><strong>iustificat.</strong></span> <span class='ocrx_word' id='word_1_185' title='bbox 496 2324 572 2385; x_wconf 83' lang='lat' dir='ltr'><strong>Oum</strong></span> <span class='ocrx_word' id='word_1_186' title='bbox 596 2326 729 2384; x_wconf 87' lang='lat' dir='ltr'><strong>enimin</strong></span> <span class='ocrx_word' id='word_1_187' title='bbox 753 2325 1041 2386; x_wconf 86' lang='lat' dir='ltr'><strong>omnisacramento</strong></span> 
     </span>
    </p>

    <p class='ocr_par' dir='ltr' id='par_1_14' title="bbox 93 2405 1044 2487">
     <span class='ocr_line' id='line_1_26' title="bbox 93 2405 1044 2487; baseline -0.006 -18"><span class='ocrx_word' id='word_1_188' title='bbox 93 2462 96 2469; x_wconf 94' lang='lat'><em>.</em></span> <span class='ocrx_word' id='word_1_189' title='bbox 144 2405 298 2469; x_wconf 81' lang='lat' dir='ltr'><strong>s&#39;iverbum</strong></span> <span class='ocrx_word' id='word_1_190' title='bbox 320 2409 398 2486; x_wconf 84' lang='lat' dir='ltr'><strong>Dei,</strong></span> <span class='ocrx_word' id='word_1_191' title='bbox 420 2415 455 2469; x_wconf 92' lang='lat' dir='ltr'><strong>ut</strong></span> <span class='ocrx_word' id='word_1_192' title='bbox 484 2407 558 2468; x_wconf 85' lang='lat' dir='ltr'><strong>dicit</strong></span> <span class='ocrx_word' id='word_1_193' title='bbox 587 2406 697 2468; x_wconf 88' lang='lat' dir='ltr'><strong>beatus</strong></span> <span class='ocrx_word' id='word_1_194' title='bbox 728 2407 920 2487; x_wconf 81' lang='lat' dir='ltr'><strong>Augustinus</strong></span> <span class='ocrx_word' id='word_1_195' title='bbox 951 2423 1044 2485; x_wconf 90' lang='lat' dir='ltr'><strong>snper</strong></span> 
     </span>
    </p>

    <p class='ocr_par' dir='ltr' id='par_1_15' title="bbox 87 2472 1118 2739">
     <span class='ocr_line' id='line_1_27' title="bbox 87 2472 1118 2567; baseline -0.005 -14"><span class='ocrx_word' id='word_1_196' title='bbox 87 2472 97 2567; x_wconf 47' lang='lat' dir='ltr'><strong>r,</strong></span> <span class='ocrx_word' id='word_1_197' title='bbox 147 2485 300 2567; x_wconf 74' lang='lat' dir='ltr'><strong>bisonem,</strong></span> <span class='ocrx_word' id='word_1_198' title='bbox 316 2491 440 2553; x_wconf 88' lang='lat' dir='ltr'><strong>accedit</strong></span> <span class='ocrx_word' id='word_1_199' title='bbox 465 2490 592 2551; x_wconf 87' lang='lat' dir='ltr'><strong>verbum</strong></span> <span class='ocrx_word' id='word_1_200' title='bbox 618 2491 656 2552; x_wconf 93' lang='lat' dir='ltr'><strong>ad</strong></span> <span class='ocrx_word' id='word_1_201' title='bbox 680 2490 866 2553; x_wconf 86' lang='lat' dir='ltr'><strong>elementum</strong></span> <span class='ocrx_word' id='word_1_202' title='bbox 890 2496 921 2549; x_wconf 89' lang='lat' dir='ltr'><strong>et</strong></span> <span class='ocrx_word' id='word_1_203' title='bbox 941 2487 975 2548; x_wconf 88' lang='lat' dir='ltr'><strong>fit</strong></span> <span class='ocrx_word' id='word_1_204' title='bbox 997 2506 1043 2549; x_wconf 88' lang='lat' dir='ltr'><strong>sa·</strong></span> <span class='ocrx_word' id='word_1_205' title='bbox 1110 2538 1118 2553; x_wconf 83' lang='lat'>.</span> 
     </span>
     <span class='ocr_line' id='line_1_28' title="bbox 146 2569 1044 2654; baseline -0.003 -22"><span class='ocrx_word' id='word_1_206' title='bbox 146 2581 315 2638; x_wconf 75' lang='lat' dir='ltr'><strong>cruentum.</strong></span> <span class='ocrx_word' id='word_1_207' title='bbox 350 2575 534 2654; x_wconf 76' lang='lat' dir='ltr'><strong>Ubicunque</strong></span> <span class='ocrx_word' id='word_1_208' title='bbox 556 2580 658 2635; x_wconf 88' lang='lat' dir='ltr'><strong>autem</strong></span> <span class='ocrx_word' id='word_1_209' title='bbox 681 2576 808 2635; x_wconf 87' lang='lat' dir='ltr'><strong>verbum</strong></span> <span class='ocrx_word' id='word_1_210' title='bbox 831 2573 888 2633; x_wconf 89' lang='lat' dir='ltr'><strong>Dei</strong></span> <span class='ocrx_word' id='word_1_211' title='bbox 916 2578 979 2649; x_wconf 80' lang='lat' dir='ltr'><strong>est,</strong></span> <span class='ocrx_word' id='word_1_212' title='bbox 1001 2569 1044 2630; x_wconf 91' lang='lat' dir='ltr'><strong>ibi</strong></span> 
     </span>
     <span class='ocr_line' id='line_1_29' title="bbox 144 2650 1045 2739; baseline -0.006 -22"><span class='ocrx_word' id='word_1_213' title='bbox 144 2650 194 2717; x_wconf 82' lang='lat' dir='ltr'><strong>idas</strong></span> <span class='ocrx_word' id='word_1_214' title='bbox 212 2659 346 2721; x_wconf 89' lang='lat' dir='ltr'><strong>bominis</strong></span> <span class='ocrx_word' id='word_1_215' title='bbox 367 2659 398 2718; x_wconf 91' lang='lat' dir='ltr'><strong>in</strong></span> <span class='ocrx_word' id='word_1_216' title='bbox 420 2660 520 2739; x_wconf 90' lang='lat' dir='ltr'><strong>ipsum</strong></span> <span class='ocrx_word' id='word_1_217' title='bbox 543 2659 715 2737; x_wconf 81' lang='lat' dir='ltr'><strong>requiritur.</strong></span> <span class='ocrx_word' id='word_1_218' title='bbox 744 2656 831 2717; x_wconf 86' lang='lat' dir='ltr'><strong>Multi</strong></span> <span class='ocrx_word' id='word_1_219' title='bbox 846 2656 928 2715; x_wconf 90' lang='lat' dir='ltr'><strong>enim</strong></span> <span class='ocrx_word' id='word_1_220' title='bbox 944 2672 1045 2714; x_wconf 88' lang='lat' dir='ltr'><strong>sacra·</strong></span> 
     </span>
    </p>

    <p class='ocr_par' dir='ltr' id='par_1_16' title="bbox 89 2735 1045 2987">
     <span class='ocr_line' id='line_1_30' title="bbox 89 2735 1044 2822; baseline -0.006 -21"><span class='ocrx_word' id='word_1_221' title='bbox 89 2764 93 2793; x_wconf 76' lang='grc' dir='ltr'><strong>ι</strong></span> <span class='ocrx_word' id='word_1_222' title='bbox 143 2748 252 2803; x_wconf 75' lang='lat' dir='ltr'><strong>nantum</strong></span> <span class='ocrx_word' id='word_1_223' title='bbox 275 2743 448 2822; x_wconf 88' lang='lat' dir='ltr'><strong>suscipiunt</strong></span> <span class='ocrx_word' id='word_1_224' title='bbox 469 2748 501 2801; x_wconf 91' lang='lat' dir='ltr'><strong>et</strong></span> <span class='ocrx_word' id='word_1_225' title='bbox 528 2747 631 2802; x_wconf 87' lang='lat' dir='ltr'><strong>tamen</strong></span> <span class='ocrx_word' id='word_1_226' title='bbox 655 2760 717 2801; x_wconf 93' lang='lat' dir='ltr'><strong>non</strong></span> <span class='ocrx_word' id='word_1_227' title='bbox 747 2737 960 2813; x_wconf 83' lang='lat' dir='ltr'><strong>iustificantur,</strong></span> <span class='ocrx_word' id='word_1_228' title='bbox 990 2735 1044 2796; x_wconf 89' lang='lat' dir='ltr'><strong>sed</strong></span> 
     </span>
     <span class='ocr_line' id='line_1_31' title="bbox 142 2819 1044 2904; baseline -0.009 -18"><span class='ocrx_word' id='word_1_229' title='bbox 142 2825 216 2904; x_wconf 71' lang='lat' dir='ltr'><strong>uagis</strong></span> <span class='ocrx_word' id='word_1_230' title='bbox 239 2823 435 2899; x_wconf 74' lang='lat' dir='ltr'><strong>damnantur,</strong></span> <span class='ocrx_word' id='word_1_231' title='bbox 449 2825 522 2903; x_wconf 88' lang='lat' dir='ltr'><strong>quia</strong></span> <span class='ocrx_word' id='word_1_232' title='bbox 535 2824 601 2884; x_wconf 91' lang='lat' dir='ltr'><strong>sine</strong></span> <span class='ocrx_word' id='word_1_233' title='bbox 612 2824 673 2885; x_wconf 86' lang='lat' dir='ltr'><strong>fide</strong></span> <span class='ocrx_word' id='word_1_234' title='bbox 687 2824 865 2904; x_wconf 85' lang='lat' dir='ltr'><strong>suscipiunt.</strong></span> <span class='ocrx_word' id='word_1_235' title='bbox 880 2819 955 2882; x_wconf 84' lang='lat' dir='ltr'><strong>Sola</strong></span> <span class='ocrx_word' id='word_1_236' title='bbox 969 2838 1044 2900; x_wconf 83' lang='lat' dir='ltr'><strong>ergo</strong></span> 
     </span>
     <span class='ocr_line' id='line_1_32' title="bbox 143 2900 1045 2987; baseline -0.001 -22"><span class='ocrx_word' id='word_1_237' title='bbox 143 2900 198 2967; x_wconf 81' lang='lat' dir='ltr'><strong>idas</strong></span> <span class='ocrx_word' id='word_1_238' title='bbox 215 2907 373 2986; x_wconf 79' lang='lat' dir='ltr'><strong>iustificat,</strong></span> <span class='ocrx_word' id='word_1_239' title='bbox 409 2914 442 2968; x_wconf 92' lang='lat' dir='ltr'><strong>ut</strong></span> <span class='ocrx_word' id='word_1_240' title='bbox 463 2906 640 2987; x_wconf 87' lang='lat' dir='ltr'><strong>praedictae</strong></span> <span class='ocrx_word' id='word_1_241' title='bbox 663 2908 842 2969; x_wconf 82' lang='lat' dir='ltr'><strong>autoritates</strong></span> <span class='ocrx_word' id='word_1_242' title='bbox 864 2902 1045 2985; x_wconf 84' lang='lat' dir='ltr'><strong>probavere.</strong></span> 
     </span>
    </p>

    <p class='ocr_par' dir='ltr' id='par_1_17' title="bbox 203 2990 1046 3068">
     <span class='ocr_line' id='line_1_33' title="bbox 203 2990 1046 3068; baseline -0.009 -15"><span class='ocrx_word' id='word_1_243' title='bbox 203 2991 305 3067; x_wconf 75' lang='lat' dir='ltr'><strong>Quare</strong></span> <span class='ocrx_word' id='word_1_244' title='bbox 326 2990 484 3053; x_wconf 84' lang='lat' dir='ltr'><strong>haeretica</strong></span> <span class='ocrx_word' id='word_1_245' title='bbox 505 2993 658 3052; x_wconf 85' lang='lat' dir='ltr'><strong>sententia</strong></span> <span class='ocrx_word' id='word_1_246' title='bbox 680 2996 736 3065; x_wconf 79' lang='lat' dir='ltr'><strong>est,</strong></span> <span class='ocrx_word' id='word_1_247' title='bbox 761 3005 1046 3068; x_wconf 89' lang='lat' dir='ltr'><strong>quaecunquecon·</strong></span> 
     </span>
    </p>

    <p class='ocr_par' dir='ltr' id='par_1_18' title="bbox 86 3071 1045 3154">
     <span class='ocr_line' id='line_1_34' title="bbox 86 3071 1045 3154; baseline -0.004 -20"><span class='ocrx_word' id='word_1_248' title='bbox 86 3076 89 3114; x_wconf 63' lang='lat'><em>³</em></span> <span class='ocrx_word' id='word_1_249' title='bbox 144 3072 212 3135; x_wconf 72' lang='lat' dir='ltr'><strong>tnnc</strong></span> <span class='ocrx_word' id='word_1_250' title='bbox 233 3083 280 3136; x_wconf 90' lang='lat' dir='ltr'><strong>est</strong></span> <span class='ocrx_word' id='word_1_251' title='bbox 302 3075 375 3135; x_wconf 89' lang='lat' dir='ltr'><strong>huic</strong></span> <span class='ocrx_word' id='word_1_252' title='bbox 397 3074 589 3154; x_wconf 86' lang='lat' dir='ltr'><strong>apostolicae</strong></span> <span class='ocrx_word' id='word_1_253' title='bbox 612 3082 643 3134; x_wconf 91' lang='lat' dir='ltr'><strong>et</strong></span> <span class='ocrx_word' id='word_1_254' title='bbox 666 3072 840 3136; x_wconf 85' lang='lat' dir='ltr'><strong>catholicae</strong></span> <span class='ocrx_word' id='word_1_255' title='bbox 863 3071 1045 3148; x_wconf 79' lang='lat' dir='ltr'><strong>sententiae,</strong></span> 
     </span>
    </p>

    <p class='ocr_par' dir='ltr' id='par_1_19' title="bbox 86 3153 1047 3236">
     <span class='ocr_line' id='line_1_35' title="bbox 86 3153 1047 3236; baseline 0 -23"><span class='ocrx_word' id='word_1_256' title='bbox 86 3161 90 3199; x_wconf 58' lang='grc' dir='ltr'><strong>’ν</strong></span> <span class='ocrx_word' id='word_1_257' title='bbox 143 3157 241 3218; x_wconf 80' lang='lat' dir='ltr'><strong>situlis</strong></span> <span class='ocrx_word' id='word_1_258' title='bbox 261 3164 311 3220; x_wconf 85' lang='lat' dir='ltr'><strong>est</strong></span> <span class='ocrx_word' id='word_1_259' title='bbox 331 3175 450 3231; x_wconf 78' lang='lat' dir='ltr'><strong>eorum,</strong></span> <span class='ocrx_word' id='word_1_260' title='bbox 473 3158 524 3236; x_wconf 90' lang='lat' dir='ltr'><strong>qui</strong></span> <span class='ocrx_word' id='word_1_261' title='bbox 537 3157 657 3236; x_wconf 84' lang='lat' dir='ltr'><strong>dicunt,</strong></span> <span class='ocrx_word' id='word_1_262' title='bbox 680 3161 876 3217; x_wconf 85' lang='lat' dir='ltr'><strong>sacramenta</strong></span> <span class='ocrx_word' id='word_1_263' title='bbox 886 3172 988 3216; x_wconf 88' lang='lat' dir='ltr'><strong>novae</strong></span> <span class='ocrx_word' id='word_1_264' title='bbox 1006 3153 1047 3214; x_wconf 88' lang='lat' dir='ltr'><strong>ie·</strong></span> 
     </span>
    </p>

    <p class='ocr_par' dir='ltr' id='par_1_20' title="bbox 86 3235 1047 3322">
     <span class='ocr_line' id='line_1_36' title="bbox 86 3235 1047 3322; baseline -0.002 -21"><span class='ocrx_word' id='word_1_265' title='bbox 86 3246 91 3285; x_wconf 73' lang='lat'><strong>²</strong></span> <span class='ocrx_word' id='word_1_266' title='bbox 144 3235 260 3313; x_wconf 65' lang='lat' dir='ltr'><strong>didere</strong></span> <span class='ocrx_word' id='word_1_267' title='bbox 282 3241 415 3322; x_wconf 74' lang='lat' dir='ltr'><strong>gratiam</strong></span> <span class='ocrx_word' id='word_1_268' title='bbox 438 3242 486 3317; x_wconf 85' lang='lat' dir='ltr'><strong>iis,</strong></span> <span class='ocrx_word' id='word_1_269' title='bbox 508 3243 643 3320; x_wconf 91' lang='lat' dir='ltr'><strong>quinon</strong></span> <span class='ocrx_word' id='word_1_270' title='bbox 668 3245 787 3320; x_wconf 88' lang='lat' dir='ltr'><strong>ponunt</strong></span> <span class='ocrx_word' id='word_1_271' title='bbox 810 3237 949 3314; x_wconf 78' lang='lat' dir='ltr'><strong>obicem,</strong></span> <span class='ocrx_word' id='word_1_272' title='bbox 973 3256 1047 3317; x_wconf 92' lang='lat' dir='ltr'><strong>quo-</strong></span> 
     </span>
    </p>

    <p class='ocr_par' dir='ltr' id='par_1_21' title="bbox 85 3321 1047 3403">
     <span class='ocr_line' id='line_1_37' title="bbox 85 3321 1047 3403; baseline 0.002 -23"><span class='ocrx_word' id='word_1_273' title='bbox 85 3328 92 3367; x_wconf 72' lang='lat' dir='ltr'><strong>t</strong></span> <span class='ocrx_word' id='word_1_274' title='bbox 145 3334 191 3380; x_wconf 77' lang='lat' dir='ltr'><strong>mu</strong></span> <span class='ocrx_word' id='word_1_275' title='bbox 209 3331 298 3386; x_wconf 87' lang='lat' dir='ltr'><strong>autor</strong></span> <span class='ocrx_word' id='word_1_276' title='bbox 319 3324 431 3386; x_wconf 81' lang='lat' dir='ltr'><strong>Scotus</strong></span> <span class='ocrx_word' id='word_1_277' title='bbox 453 3331 508 3385; x_wconf 89' lang='lat' dir='ltr'><strong>est.</strong></span> <span class='ocrx_word' id='word_1_278' title='bbox 531 3323 622 3399; x_wconf 78' lang='lat' dir='ltr'><strong>Quod</strong></span> <span class='ocrx_word' id='word_1_279' title='bbox 641 3322 741 3403; x_wconf 90' lang='lat' dir='ltr'><strong>probo</strong></span> <span class='ocrx_word' id='word_1_280' title='bbox 757 3325 811 3400; x_wconf 83' lang='lat' dir='ltr'><strong>sic,</strong></span> <span class='ocrx_word' id='word_1_281' title='bbox 834 3323 905 3402; x_wconf 86' lang='lat' dir='ltr'><strong>quia</strong></span> <span class='ocrx_word' id='word_1_282' title='bbox 924 3321 1047 3398; x_wconf 87' lang='lat' dir='ltr'><strong>docent,</strong></span> 
     </span>
    </p>

    <p class='ocr_par' dir='ltr' id='par_1_22' title="bbox 87 3404 1047 3485">
     <span class='ocr_line' id='line_1_38' title="bbox 87 3404 1047 3485; baseline -0.006 -14"><span class='ocrx_word' id='word_1_283' title='bbox 87 3462 91 3471; x_wconf 93' lang='lat'><strong>.</strong></span> <span class='ocrx_word' id='word_1_284' title='bbox 147 3417 190 3463; x_wconf 73' lang='lat' dir='ltr'><strong>tou</strong></span> <span class='ocrx_word' id='word_1_285' title='bbox 208 3407 300 3469; x_wconf 89' lang='lat' dir='ltr'><strong>modo</strong></span> <span class='ocrx_word' id='word_1_286' title='bbox 323 3425 385 3468; x_wconf 91' lang='lat' dir='ltr'><strong>non</strong></span> <span class='ocrx_word' id='word_1_287' title='bbox 410 3427 478 3468; x_wconf 89' lang='lat' dir='ltr'><strong>esse</strong></span> <span class='ocrx_word' id='word_1_288' title='bbox 500 3409 707 3468; x_wconf 88' lang='lat' dir='ltr'><strong>necessariam</strong></span> <span class='ocrx_word' id='word_1_289' title='bbox 732 3405 836 3485; x_wconf 86' lang='lat' dir='ltr'><strong>fldem,</strong></span> <span class='ocrx_word' id='word_1_290' title='bbox 859 3425 920 3485; x_wconf 92' lang='lat' dir='ltr'><strong>qua</strong></span> <span class='ocrx_word' id='word_1_291' title='bbox 939 3404 1047 3467; x_wconf 87' lang='lat' dir='ltr'><strong>credas</strong></span> 
     </span>
    </p>

    <p class='ocr_par' dir='ltr' id='par_1_23' title="bbox 85 3486 1046 3572">
     <span class='ocr_line' id='line_1_39' title="bbox 85 3486 1046 3572; baseline -0.003 -20"><span class='ocrx_word' id='word_1_292' title='bbox 85 3526 87 3533; x_wconf 38' lang='grc' dir='ltr'><em>ν</em></span> <span class='ocrx_word' id='word_1_293' title='bbox 149 3486 374 3572; x_wconf 70' lang='lat' dir='ltr'><strong>tamepturum</strong></span> <span class='ocrx_word' id='word_1_294' title='bbox 396 3489 438 3567; x_wconf 81' lang='lat' dir='ltr'><strong>id,</strong></span> <span class='ocrx_word' id='word_1_295' title='bbox 461 3490 544 3570; x_wconf 91' lang='lat' dir='ltr'><strong>quod</strong></span> <span class='ocrx_word' id='word_1_296' title='bbox 567 3497 791 3551; x_wconf 88' lang='lat' dir='ltr'><strong>sacramentum</strong></span> <span class='ocrx_word' id='word_1_297' title='bbox 811 3489 969 3570; x_wconf 84' lang='lat' dir='ltr'><strong>promittit,</strong></span> <span class='ocrx_word' id='word_1_298' title='bbox 993 3488 1046 3549; x_wconf 88' lang='lat' dir='ltr'><strong>sed</strong></span> 
     </span>
    </p>

    <p class='ocr_par' dir='ltr' id='par_1_24' title="bbox 98 3571 1046 3655">
     <span class='ocr_line' id='line_1_40' title="bbox 98 3571 1046 3655; baseline 0.006 -29"><span class='ocrx_word' id='word_1_299' title='bbox 98 3644 101 3651; x_wconf 33' lang='grc' dir='ltr'>Ι</span> <span class='ocrx_word' id='word_1_300' title='bbox 151 3571 209 3642; x_wconf 84' lang='lat' dir='ltr'><strong>quod</strong></span> <span class='ocrx_word' id='word_1_301' title='bbox 229 3574 369 3655; x_wconf 80' lang='lat' dir='ltr'><strong>sufficiat,</strong></span> <span class='ocrx_word' id='word_1_302' title='bbox 393 3581 501 3635; x_wconf 92' lang='lat' dir='ltr'><strong>utnon</strong></span> <span class='ocrx_word' id='word_1_303' title='bbox 526 3592 624 3654; x_wconf 88' lang='lat' dir='ltr'><strong>ponas</strong></span> <span class='ocrx_word' id='word_1_304' title='bbox 642 3574 772 3638; x_wconf 81' lang='lat' dir='ltr'><strong>obicem.</strong></span> <span class='ocrx_word' id='word_1_305' title='bbox 794 3572 921 3635; x_wconf 88' lang='lat' dir='ltr'><strong>Obicem</strong></span> <span class='ocrx_word' id='word_1_306' title='bbox 945 3579 1046 3634; x_wconf 84' lang='lat' dir='ltr'><strong>auteur</strong></span> 
     </span>
    </p>

    <p class='ocr_par' dir='ltr' id='par_1_25' title="bbox 97 3654 1048 3823">
     <span class='ocr_line' id='line_1_41' title="bbox 97 3654 1046 3743; baseline 0.001 -28"><span class='ocrx_word' id='word_1_307' title='bbox 97 3654 102 3743; x_wconf 62' lang='grc' dir='ltr'>ζ</span> <span class='ocrx_word' id='word_1_308' title='bbox 151 3663 238 3717; x_wconf 72' lang='lat' dir='ltr'><strong>soant</strong></span> <span class='ocrx_word' id='word_1_309' title='bbox 267 3664 429 3738; x_wconf 88' lang='lat' dir='ltr'><strong>peccatum</strong></span> <span class='ocrx_word' id='word_1_310' title='bbox 456 3656 586 3718; x_wconf 89' lang='lat' dir='ltr'><strong>mortale</strong></span> <span class='ocrx_word' id='word_1_311' title='bbox 609 3657 656 3717; x_wconf 88' lang='lat' dir='ltr'><strong>vel</strong></span> <span class='ocrx_word' id='word_1_312' title='bbox 679 3657 872 3738; x_wconf 89' lang='lat' dir='ltr'><strong>propositum</strong></span> <span class='ocrx_word' id='word_1_313' title='bbox 898 3656 1046 3732; x_wconf 89' lang='lat' dir='ltr'><strong>eiusdem,</strong></span> 
     </span>
     <span class='ocr_line' id='line_1_42' title="bbox 152 3736 1048 3823; baseline 0.008 -24"><span class='ocrx_word' id='word_1_314' title='bbox 152 3736 217 3808; x_wconf 72' lang='lat' dir='ltr'><strong>suan</strong></span> <span class='ocrx_word' id='word_1_315' title='bbox 236 3749 282 3803; x_wconf 88' lang='lat' dir='ltr'><strong>est</strong></span> <span class='ocrx_word' id='word_1_316' title='bbox 302 3741 513 3822; x_wconf 86' lang='lat' dir='ltr'><strong>homicidium,</strong></span> <span class='ocrx_word' id='word_1_317' title='bbox 536 3739 630 3805; x_wconf 83' lang='lat' dir='ltr'><strong>libido</strong></span> <span class='ocrx_word' id='word_1_318' title='bbox 653 3741 813 3823; x_wconf 84' lang='lat' dir='ltr'><strong>etsimiiis,</strong></span> <span class='ocrx_word' id='word_1_319' title='bbox 835 3738 914 3802; x_wconf 87' lang='lat' dir='ltr'><strong>adeo</strong></span> <span class='ocrx_word' id='word_1_320' title='bbox 928 3747 961 3804; x_wconf 88' lang='lat' dir='ltr'><strong>ut</strong></span> <span class='ocrx_word' id='word_1_321' title='bbox 973 3741 1048 3807; x_wconf 85' lang='lat' dir='ltr'><strong>satis</strong></span> 
     </span>
    </p>
   </div>
   <div class='ocr_carea' id='block_1_3' title="bbox 0 0 1219 4170">
    <p class='ocr_par' dir='ltr' id='par_1_26' title="bbox 0 0 1219 4170">
     <span class='ocr_line' id='line_1_43' title="bbox 0 0 1219 4170; baseline 0 0"><span class='ocrx_word' id='word_1_322' title='bbox 0 0 1219 4170; x_wconf 95' lang='lat' dir='ltr'><strong> </strong></span> 
     </span>
    </p>
   </div>
  </div>
 </body>
</html>
