2392 4170
409 262 492 316 Ducis
512 263 646 317 Saxoniaa
664 268 716 319 stc.
963 257 1026 327 249

111 440 116 447 ·
156 414 212 476 Per
234 415 396 477 Henricnm
420 417 554 477 Priorem
577 416 815 493 Gundensem1)
841 418 962 498 scripta.

186 497 308 571 Dum*r
336 501 482 561 Martinus
506 500 744 579 Oaraoteolue²l
769 508 799 561 et
820 501 1025 582 Hieronymus

102 581 268 658 Aleauder,
291 585 402 643 summi
425 583 580 644 Pontificis
603 585 760 663 Oratores,
783 583 864 664 apud
884 585 1042 646 carolum*

100 662 339 745 Imperatorem,
363 667 452 728 Rom.
475 667 631 728 Pontificio
653 669 777 728 nomine
799 675 905 730 contra
928 668 1029 728 Marti·

102 767 176 807 unm
199 748 361 810 Lutherum
399 751 642 831 interpellarent,
679 752 778 811 lerunt
810 752 1028 832 Imperatorem

102 831 248 892 Carolum
273 832 316 892 eis
340 851 411 893 mox
435 855 473 893 ex
497 842 653 914 tempore,
686 835 770 895 nullo
792 834 951 912 consulto,
984 854 1030 895 re·

101 913 284 995 spondisss:
329 917 497 976 Audiamus
521 925 611 977 antea
645 917 704 977 hac
725 918 755 977 in
778 937 811 977 ra
833 918 952 979 Patrem
975 935 1028 979 no·

102 1007 198 1057 strum
233 997 416 1080 Frideriaum
447 999 561 1060 Ducem
586 999 741 1062 Saxoniae
773 1009 847 1076 etc,
885 1000 1030 1081 deinceps

102 1079 245 1141 Pontifici
266 1082 528 1160 respondebimus.

140 1186 143 1193 ·
188 1163 333 1225 Oratores
366 1165 456 1225 iidem
491 1166 619 1227 Erasmo
649 1166 857 1226 Roterodamo
886 1168 1031 1247 promise·

103 1253 175 1306 runt
196 1246 351 1307 Pontificis
375 1248 474 1308 verbis
497 1250 729 1329 pinguissimum
753 1251 982 1328 episcopatum,
1005 1251 1030 1310 si

105 1348 163 1410 pro
185 1328 332 1391 Pontifice
356 1340 463 1391 contra
484 1331 647 1392 Lutlrerum
671 1333 839 1412 scripturus
862 1339 952 1397 esset.
990 1333 1029 1393 lis
1120 1378 1122 1383 «

104 1414 218 1487 vero³)
243 1414 401 1494 respondit
424 1415 583 1476 Erasmus:
608 1416 704 1476 Maior
726 1423 782 1490 est,
804 1414 954 1494 inquiens,
976 1415 1032 1476 Lu·

105 1496 224 1572 therua,
248 1495 377 1574 quam⁴l
403 1501 432 1557 in
467 1499 550 1558 illum
580 1498 710 1559 scribam
741 1517 818 1578 ego,
856 1500 954 1559 maior
986 1507 1033 1558 est

105 1579 265 1651 Lutlaerus,
289 1598 379 1659 quam
405 1587 437 1640 ut
458 1603 475 1641 a
499 1602 546 1641 me
560 1582 756 1662 intelligatur,
779 1581 870 1662 plane
884 1582 1032 1642 Lutherus

107 1667 209 1723 tantus
232 1673 292 1740 est,
323 1663 442 1745 utplus
466 1665 586 1725 erudiar
608 1671 639 1725 ct
657 1663 813 1746 proficiam
836 1685 877 1725 ex
898 1664 1032 1726 lectione

108 1745 197 1804 nnius
220 1745 361 1826 pagellae
383 1747 595 1821 Lutheranae,
618 1766 708 1827 quam
733 1767 771 1807 ex
796 1755 861 1808 toto
883 1748 1011 1812 Thomu.

191 1828 303 1889 Comes
341 1827 379 1889 de
401 1829 541 1903 Nassau,
577 1830 755 1905 Flandriae,
789 1829 970 1893 Brabantiac
1004 1837 1035 1891 et

108 1910 296 1971 Hollandiae
332 1912 531 1992 subregulus,
568 1911 831 1993 praedicatoribus
876 1914 1033 1977 monachis

107 1996 136 2054 in
160 1993 250 2073 Haga
288 2001 395 2055 contra
420 1996 580 2057 Lntherum
618 1996 786 2056 furentibus
810 1996 900 2057 dixit:
937 1997 982 2073 lte
1004 2006 1034 2056 at

107 2075 284 2157 praedicate
313 2077 514 2158 Evangelium
548 2090 608 2140 tam
632 2080 806 2153 sinceriter,
839 2097 929 2159 quam
963 2080 1035 2140 lacit

107 2160 266 2234 Lutherns,
291 2163 441 2221 nemiuem
457 2162 656 2238 offendentes,
679 2181 736 2222 uec
748 2181 931 2242 quemquam
950 2163 1031 2223 deiu-

105 2244 144 2302 de
160 2242 308 2303 habebitis
326 2244 497 2304 incessendi
522 2247 728 2307 occasionem.
772 2244 922 2306 Dominus
945 2246 1033 2306 dec

105 2472 259 2543 gamalnter
278 2472 397 2524 Doctors
417 2471 524 2524 Martini
545 2471 645 2525 halben
665 2473 715 2523 mit
733 2487 784 2525 uns
805 2469 958 2540 gabundan,
978 2468 1034 2522 und

105 2547 159 2596 wie
178 2543 314 2613 disselbig
333 2542 482 2611 Handlung
501 2543 687 2596 allenthalbcn
705 2546 742 2596 ist
761 2560 790 2597 er
811 2557 920 2612 angen,
948 2540 1035 2595 werdt

104 2617 148 2669 ihr
167 2631 215 2668 aus
234 2614 405 2684 inliegender
426 2613 557 2682 Oopeyon
578 2614 751 2668 vornshman.
790 2559 832 2667 gb
851 2613 922 2665 auch
941 2612 1035 2665 furder

105 2688 256 2757 derwegan
281 2693 366 2740 etwas
399 2687 495 2738 weiter
522 2699 572 2739 aus
599 2700 651 2739 uns
674 2686 777 2755 langen
799 2683 884 2749 wind,
915 2683 961 2736 das
981 2682 1034 2736 soll

106 2759 175 2814 euch
195 2759 373 2812 unvorhalten
405 2757 529 2820 bleiben,
556 2759 607 2808 wir
624 2762 717 2810 wtren
748 2757 816 2809 auch
845 2755 1035 2824 wohlgcncigt

107 2831 176 2885 euch
198 2846 282 2883 unser
301 2829 451 2884 Bedunken
471 2832 498 2881 in
521 2828 570 2882 der
589 2828 691 2882 Sachen
717 2829 898 2897 annuneigen‚
927 2842 958 2879 su
984 2827 1035 2878 wir

105 2903 176 2957 doch
197 2901 273 2954 nicht
292 2904 327 2955 ob
348 2900 503 2955 mittlarneit
523 2908 605 2954 etwas
633 2904 756 2954 weitcrcs
777 2897 953 2969 ttrrgefallen,
984 2898 1034 2949 wir

107 2974 196 3027 haben
217 2973 285 3026 auch
305 2973 357 3026 dan
377 2972 466 3026 Boten
486 2989 632 3042 vernogam
652 2973 688 3026 ob
707 2973 751 3025 ihr
770 2970 1034 3039 lemerdnncigung

106 3046 160 3098 und
183 3044 293 3098 Bericht
310 3045 377 3097 than
397 3044 502 3107 wurdt,
533 3045 635 3098 wollen
663 3046 714 3096 wir
733 3044 801 3098 euch
819 3042 955 3113 guddigsr
973 3040 1035 3094 Mei-

106 3133 182 3186 nung
211 3117 287 3170 nicht
305 3119 478 3171 unveroffnet
502 3116 600 3171 lassen.
638 3116 736 3169 Datum
770 3131 802 3168 nn
828 3115 977 3183 Houberge
1005 3114 1034 3165 iu

107 3190 222 3247 Hessen,
250 3204 292 3239 am
327 3188 504 3241 achtnehnten
534 3187 593 3258 Tng
622 3188 792 3240 Novembris.
832 3185 903 3239 Auo.
926 3185 1033 3238 Domini

106 3262 140 3312 n.
161 3263 190 3312 Ι).
212 3260 270 3312 ΧΧ.
307 3258 377 3312 Dem
398 3256 614 3329 hochgelahrten
641 3275 768 3312 anserem
790 3257 880 3312 lieban
901 3261 1032 3328 gatrauau

105 3333 221 3385 Peterem
240 3330 426 3395 Burcharden,
448 3332 582 3385 Doctoreu
603 3331 659 3384 und
680 3331 814 3384 Rectoren
836 3345 952 3382 unserar
970 3327 1035 3380 Uni·

105 3406 223 3457 versitdt
241 3420 274 3456 nu
295 3403 480 3456 Witenberck.

180 3481 205 3531 tr
227 3476 256 3527 ln
285 3473 327 3526 ed.
355 3475 428 3527 len:
462 3473 514 3526 Per
549 3472 582 3526 D.
613 3473 760 3527 Hamicum
793 3470 1030 3538 Zudphauisnssm

104 3548 212 3615 scripta.
249 3545 281 3610 2)
302 3545 385 3601 Ibin:
412 3544 591 3600 Garacciolus.
628 3545 660 3613 3)
683 3544 761 3598 lbid.:
782 3542 896 3609 Quibus.
936 3541 964 3607 4)
982 3539 1034 3593 Ibl-

104 3617 180 3672 dem:
201 3633 282 3686 quam
302 3623 339 3670 nt.
605 3641 607 3645 ·

177 3689 206 3745 *l
225 3688 300 3755 Quae
329 3694 482 3757 aequantur
507 3703 521 3738 a
541 3686 679 3756 Spalatino
705 3686 794 3738 addita
819 3700 881 3740 csse
904 3683 1032 3750 dicuntur

107 3761 157 3829 (ct.
180 3760 281 3814 Walch.
302 3758 406 3813 Introd.
426 3761 453 3813 in
474 3759 554 3814 Tom.
575 3759 629 3826 llV,
649 3774 675 3828 p.
700 3758 776 3821 113).
