2392 4170
434 243 515 306 Dect.
533 243 613 305 Mart.
631 242 712 306 Luth.
994 245 1057 314 253

135 413 201 484 cbis
224 412 300 473 dixit
313 409 360 495 *):
384 409 443 486 Qui
464 419 569 492 potest
591 430 712 493 capere,
741 411 911 494 capiatpet
932 411 1056 473 iterum:

133 495 205 558 Nou
220 515 330 558 omnes
342 497 467 575 capiunt
487 495 548 556 boe
560 495 697 557 verbum.
739 494 851 556 Nonne
872 495 950 556 haee
964 497 1059 558 verbs

132 590 205 640 sunt
225 581 328 661 potius
340 579 500 641 avocantis
523 587 555 640 et
570 576 771 640 deterrentis?
792 578 953 639 Neminem
975 582 1056 641 enim

131 662 242 724 invitat
264 672 294 724 et
316 671 417 742 vocat,
453 661 507 722 sed
530 661 665 726 ostendit
687 661 797 742 solum,
818 661 931 723 Paulus
954 668 1056 725 tamen

134 745 281 828 dicit**):
305 745 479 808 Consilium·
498 746 547 825 do,
584 745 637 806 sed
667 764 724 806 nec
745 746 813 825 ipse
833 743 942 807 invitat
964 765 1058 826 quen·

133 849 237 910 quam,
270 832 342 910 quin
370 831 468 910 magis
497 830 631 893 deterret
657 837 688 889 et
714 824 850 904 avocat‚‘
871 827 943 889 dum
966 832 1056 892 dicit:

134 913 197 974 sec
230 914 437 993 uuusquisque
470 914 627 994 proprium
664 911 778 973 donum
810 911 904 973 habet
936 914 1055 976 eDec.

133 995 242 1076 Neque
263 997 382 1076 suadet,
404 1015 504 1075 neque
525 996 692 1077 dissuadet,
715 994 770 1056 sed
792 997 821 1055 in
841 995 942 1056 medic
965 997 1058 1058 relin-

133 1082 207 1161 quit.
251 1082 292 1141 At
323 1081 420 1140 nostri
442 1079 588 1140 immundi
617 1079 753 1141 coelibes
782 1079 864 1140 eliud
886 1097 950 1140 uun
971 1081 1057 1142 intel·

134 1164 233 1244 ligunt
252 1183 308 1244 per
329 1163 500 1243 consulere,
523 1182 616 1244 quam
644 1163 783 1241 invitare,
813 1163 980 1242 exhortari,
1004 1185 1057 1226 vo-

133 1265 206 1307 care
227 1256 258 1307 et
280 1247 465 1328 persuadere
487 1248 526 1309 ed
539 1245 734 1327 coelibatum,
757 1254 819 1306 tum
843 1246 1057 1329 desuadere1),

134 1330 297 1412 dehortati,
329 1349 476 1410 avocare,
510 1331 680 1391 absterrere
701 1347 720 1390 a
742 1330 897 1410 coniugio,
920 1330 1004 1409 quod
1025 1342 1058 1393 et
1146 1357 1149 1362 ’

133 1415 250 1475 faciunt
270 1415 302 1473 in
325 1416 465 1474 omnibus
488 1415 551 1474 suis
573 1411 774 1474 concionibus
791 1421 823 1473 et
843 1415 973 1492 seriptis,
1056 1470 1061 1475 .

217 1495 278 1560 Sed
301 1497 339 1557 ad
357 1516 421 1558 rem
442 1499 540 1578 ipsam
560 1498 727 1559 veniamus.
751 1495 783 1557 si
791 1496 961 1557 coelibatus
984 1517 1055 1559 con·

133 1581 233 1642 silium
255 1587 303 1641 est
324 1580 547 1660 evangelicum,
584 1598 663 1660 quae
697 1587 745 1640 est
773 1597 847 1660 ergo
881 1586 983 1642 vestra
1004 1599 1058 1643 vo·

134 1663 227 1724 vendi
248 1666 378 1744 insania,
400 1672 433 1724 ut
455 1663 532 1724 ultra
549 1663 751 1744 Evangelium
774 1682 792 1722 e
813 1663 941 1725 consilio
963 1661 1058 1727 iacie-

112 1750 172 1814 ‚tis
193 1748 410 1828 rigidissimum
437 1750 655 1828 praeceptum?
677 1748 739 1809 iam
761 1747 843 1807 enim
871 1765 932 1808 uon
961 1748 1057 1828 iuxta,

134 1830 511 1912 cadecissamanus,
536 1850 590 1911 per
612 1831 673 1892 boc
694 1837 842 1890 utcontra
854 1829 1058 1912 Evangelium

81 1965 88 1975 .
134 1916 246 1992 vivitis,
276 1916 358 1995 quod
392 1915 522 1996 amplius
552 1932 613 1975 non
650 1913 769 1975 habetis
799 1915 971 1976 consitium.
1026 1914 1084 1985 si<

134 1997 305 2079 Evangelio
329 1998 470 2080 obeditis,
507 1998 691 2060 coelibatum
721 1997 850 2057 liberum
872 1997 986 2059 habere
1008 1999 1058 2060 de·

135 2081 223 2161 betis,
245 2083 271 2142 si
291 2081 420 2143 liberum
443 2102 505 2144 non
527 2082 658 2164 habetis,
701 2080 873 2162 Evangelio
902 2099 965 2142 uon
987 2083 1059 2144 obe·

134 2164 214 2229 ditis.
258 2164 338 2240 Quia
366 2166 556 2246 impossibiie
579 2175 635 2244 est,
659 2175 691 2226 ut
712 2167 874 2226 eonsilium
895 2163 1058 2246 Evangelii

134 2248 189 2307 fiat
204 2255 411 2328 praeceptum,
433 2257 570 2329 etaeque
583 2248 779 2330 impossibiie.
793 2256 850 2330 est,
872 2258 906 2311 ut
924 2257 1059 2311 vestrum

136 2341 241 2391 votum
264 2333 303 2392 sit
323 2330 492 2391 consilium.
536 2331 656 2412 Pugnat
677 2351 752 2412 ergo
776 2351 815 2393 ex
834 2333 983 2394 diametro
1006 2352 1059 2395 vc·

135 2416 200 2490 tiva
213 2415 339 2475 castitas
363 2433 431 2474 cum
445 2413 626 2494 Evangelio.
650 2413 751 2490 Quare
773 2433 842 2476 cum
865 2416 948 2478 Deus
970 2424 1060 2479 autor

135 2497 384 2578 Evangelii'non
408 2504 559 2577 acceptet,
580 2499 638 2557 nisi
665 2497 748 2577 qued
770 2501 981 2578 evangelicum
1004 2506 1062 2580 est,

135 2581 326 2662 impossibiie
354 2589 410 2662 est,
438 2590 470 2641 ut
498 2588 604 2642 votum
632 2582 846 2649 „continentiae
881 2581 992 2663 probet
1023 2602 1061 2644 nc

136 2683 199 2727 non
220 2667 322 2746 potius
341 2666 517 2728 detestetur.
559 2662 685 2726 Habetis
710 2665 881 2744 monastici,
904 2665 987 2744 quod
1010 2666 1060 2726 hic

135 2748 370 2828 respondeatis?
392 2745 514 2829 Negata
526 2746 689 2828 Evangelii
711 2748 874 2809 consilium
898 2747 1059 2809 consilium
1156 2777 1164 2788 ·

136 2851 215 2911 esse,
239 2838 292 2894 aut
307 2833 470 2894 concedite
492 2836 598 2893 votnm
612 2838 748 2893 vestrum
771 2849 832 2892 nun
846 2831 1059 2913 evangelicum

136 2935 215 2979 esse.
258 2916 365 2996 Neque
392 2916 474 2977 enim
495 2915 647 2978 audebitis
673 2934 811 2977 asserere
833 2915 934 2977 Deum
955 2934 1060 2997 passu·

136 3019 212 3080 rum,
237 3007 269 3061 ut
291 2999 461 3074 oponsilio
484 3017 540 3061 suc
563 3001 728 3081 quisquam
738 3008 936 3081 praeceptum
959 3000 1060 3079 iaciat,

136 3093 190 3145 aut
210 3084 292 3144 aliud
315 3102 405 3164 quam
427 3083 632 3164 Evangelium
650 3103 738 3146 suum
760 3083 873 3164 probet
893 3091 924 3145 et
946 3084 1060 3164 exigat.

137 3165 239 3242 Quare
286 3187 415 3229 necesse
460 3174 523 3248 est,
563 3171 596 3228 ut
617 3174 723 3229 votum
746 3174 881 3228 vestrum
903 3165 973 3231 Deo
997 3186 1059 3228 non

135 3251 260 3332 probari
284 3250 502 3314 confiteamini.
524 3251 627 3331 Atque
639 3252 717 3312 haec
728 3252 818 3313 tertie
837 3253 897 3312 iam
920 3251 1061 3312 machina

137 3336 212 3396 satis
233 3333 320 3394 firma
343 3343 373 3396 et
394 3342 504 3416 potens
520 3335 668 3396 adversus
690 3342 764 3396 voto
780 3335 950 3396 monastica
972 3333 1061 3398 nobis

137 3427 200 3487 stet
220 3420 375 3484 instructa.
398 3417 440 3479 Et
451 3419 589 3488 ridemus
604 3419 776 3481 monastica
798 3425 872 3480 vcta
892 3437 955 3479 non
977 3418 1061 3481 aliud

177 3623 206 3683 ⁸)
230 3618 324 3674 Matth.
346 3621 387 3675 19.
634 3618 681 3689 **)
700 3618 721 3675 Ι.
743 3620 805 3677 Gor.
823 3619 850 3679 7.

176 3692 207 3762 t)
229 3692 259 3745 tn
278 3691 343 3747 edit.
362 3690 468 3763 priore=
488 3689 660 3748 dissuadere.
