2392 4170
216 250 281 319 260
509 250 551 312 De
568 252 643 310 votis
661 250 823 310 monastieis

217 427 289 489 dem
309 433 459 508 tempore,
481 427 525 488 ite
546 445 604 489 neu
625 427 735 489 eodem
759 426 846 507 luoo,
868 444 927 488 nee
946 425 1029 488 idem
1051 444 1143 508 opus,

218 528 277 572 neo
298 529 403 572 eorum
426 509 541 571 eisdem
563 511 703 592 personis
734 518 879 591 operatur
899 509 1065 592 perillus,
1087 510 1144 571 sed

219 595 328 656 transit
349 613 404 676 per
425 600 579 676 tempore,
600 593 684 669 loos,
707 612 817 675 opere,
853 613 1003 676 personas
1031 594 1145 674 verine,

215 696 341 760 semper
362 676 472 740 eodem
494 679 601 758 spiritu
623 684 655 738 et
675 676 736 738 fids
759 696 814 739 eos
835 696 969 758 regens,
1006 684 1039 737 ut
1067 675 1145 737 flent

219 763 288 824 viee
318 763 383 823 eins
411 760 611 823 absconditae
642 766 674 822 et
715 761 848 842 vestigia
880 762 945 821 eius
972 760 1146 841 ineogniteu

220 845 293 908 dum
315 862 563 926 unumquemque
584 843 646 906 elio
669 862 774 926 opere,
796 845 858 906 elio
881 845 961 925 loeo,
984 844 1047 904 elio
1069 850 1146 905 tem·

219 948 307 1013 pore,
331 929 400 990 eliis
422 930 562 1009 personis
585 935 725 1007 exsudet,
751 947 842 1010 quem
873 929 905 988 in
932 929 1000 990 eliis
1023 927 1147 989 Sanctis

220 1012 299 1075 vidit
331 1019 362 1074 et
383 1013 499 1074 audivit
527 1013 707 1094 cogiturque
737 1030 847 1094 opere,
875 1011 965 1090 loon,
993 1018 1147 1092 tempore,

220 1097 379 1178 personis,
403 1095 525 1157 ossibus
548 1097 605 1155 sibi
626 1097 709 1176 prius
733 1097 898 1176 incognitis
925 1103 1085 1177 regentem
1109 1114 1147 1156 eo

220 1182 381 1243 dueentem
404 1180 503 1241 Deum
526 1179 622 1259 sequi.

302 1263 387 1324 Haeo
409 1269 456 1323 est
477 1261 608 1323 eruditio
631 1261 720 1343 fidei,
749 1264 780 1322 in
809 1281 871 1343 que
905 1279 1014 1323 omnes
1038 1263 1146 1324 Senoti

221 1346 331 1410 eruditi
352 1356 441 1423 sunt,
478 1346 686 1426 unusquisque
713 1365 768 1406 sus
789 1347 963 1409 voeetioue.
1016 1346 1149 1409 Proinde

220 1430 413 1512 impossibile
436 1437 497 1507 est,
520 1437 553 1489 ut
573 1430 780 1510 intempestivi
813 1429 856 1490 illi
878 1428 1061 1491 Senotorum
1084 1433 1146 1493 imi·

223 1522 339 1575 tutores
379 1533 441 1573 non
476 1519 578 1574 errent
606 1513 885 1593 perniciosissime,
924 1512 995 1574 dnm
1023 1515 1147 1576 Petrum

222 1616 318 1679 opera
339 1599 431 1657 etiem
454 1598 571 1677 optima
603 1603 760 1656 sententur
795 1597 897 1677 potius
925 1614 1019 1676 quem
1053 1596 1147 1659 fldem

222 1690 252 1742 et
274 1681 423 1762 spiritum,
445 1680 557 1740 nedum
575 1678 627 1741 ubi
649 1686 816 1741 sterteres
838 1685 870 1740 et
890 1686 1019 1759 pescate
1041 1700 1148 1743 eorum

224 1762 468 1846 apprehendunt.
499 1763 614 1827 Omnes
636 1765 717 1824 enim
740 1763 819 1824 teles
834 1768 917 1823 stent
937 1764 969 1824 in
992 1766 1074 1826 ostio
1098 1783 1150 1846 pe-

223 1848 349 1930 pilionis
371 1847 436 1925 sui,
463 1851 493 1906 et
515 1847 619 1907 vident
642 1846 765 1908 dorsum
790 1846 868 1907 Mosi
888 1847 1028 1908 intrantis
1050 1849 1083 1909 in
1107 1856 1150 1911 te·

223 1931 420 1993 bemuoulum
443 1929 590 2012 foederis,
621 1931 832 1991 existimantes
854 1948 923 1991 sese
945 1929 1046 1990 Deum
1069 1933 1151 1994 inve-

223 2017 290 2076 nire
313 2015 343 2075 in
365 2015 431 2075 istis
453 2014 608 2094 propatuli
631 2020 663 2074 et
682 2015 750 2075 etrii
781 2011 941 2095 operibus,
964 2031 1033 2074 oum
1056 2017 1150 2098 setin

224 2108 287 2159 tum
311 2099 366 2158 sit:
390 2097 538 2157 Dominus
561 2101 593 2158 iu
614 2097 687 2159 loeo
703 2104 811 2158 senoto
833 2115 907 2176 suo;
930 2104 976 2159 et:
999 2098 1151 2160 Dominus

223 2181 377 2262 pollioitns
406 2187 453 2240 est
480 2187 513 2240 ut
539 2179 691 2242 habitaret
725 2183 755 2241 in
785 2181 905 2242 nebule.
948 2181 1031 2262 Lege
1053 2189 1151 2245 totum

224 2263 412 2344 scripturam
425 2312 434 2344 ,
464 2274 495 2324 et
517 2264 611 2342 vide,
640 2285 678 2326 en
706 2273 880 2326 senotorum
912 2266 1047 2327 virorum
1070 2267 1151 2329 idem

224 2349 315 2409 luerit
336 2365 424 2428 opus.

225 2464 260 2529 In
283 2465 364 2527 hene
386 2485 448 2527 rem
472 2465 547 2527 mihi
568 2465 707 2528 Pselmus
728 2465 806 2549 62²)
832 2467 951 2528 videtur
974 2487 1043 2528 esse
1067 2488 1151 2531 reve·

286 2550 382 2625 lutus,
405 2568 496 2630 quem
519 2568 581 2610 non
604 2549 696 2612 fuerit
717 2550 823 2612 inutile
845 2551 895 2612 hio
915 2570 1089 2617 recensere.

226 2675 254 2736 l.
299 2671 340 2731 Au
361 2670 400 2730 ed
423 2669 521 2729 Deum
544 2668 697 2729 silentium
720 2670 841 2731 enimse
863 2689 962 2749 mese,

351 2751 398 2813 Ab
421 2754 488 2833 ipso
511 2753 592 2813 euim
616 2753 699 2813 sulus
722 2773 800 2816 meu.

225 2841 254 2902 2.
297 2837 339 2897 Au
361 2837 427 2917 ipse
448 2855 541 2916 rupes
564 2855 632 2896 mee
654 2843 685 2897 et
706 2839 788 2897 sulus
811 2857 890 2916 mee,

350 2920 505 2981 Proteotio
529 2939 608 2998 mee,
632 2940 694 2982 non
717 2921 867 2982 movebor
886 2920 1025 2986 multum.

226 3008 255 3070 3.
300 2998 467 3084 Usquequo
499 3004 612 3064 irruitis
651 3024 741 3085 snper
778 3007 893 3085 virum,
926 3003 1151 3066 interficiemini

393 3105 501 3148 omnes
524 3087 601 3148 vos?

350 3171 433 3232 Siout
444 3173 545 3250 peries
562 3171 725 3232 inoliuutus
743 3179 774 3232 et
789 3173 937 3232 maceries
951 3172 1153 3252 expulsionis.

226 3256 255 3322 4.
298 3254 340 3315 At
352 3254 556 3316 elevationem
565 3256 630 3315 eius
643 3257 864 3334 cogitaverunt,
876 3255 915 3316 ed
923 3254 1155 3336 expellendum,

351 3338 519 3399 Pleoebnnt
529 3337 587 3398 sibi
598 3339 630 3397 in
642 3337 812 3418 mendacio,
822 3358 875 3400 ore
888 3357 945 3400 suo
959 3337 1155 3415 benedicent,

351 3422 390 3482 Et
410 3423 517 3483 intimo
540 3440 597 3483 suo
620 3421 814 3503 maledicent,
837 3422 918 3488 Sele.

226 3510 255 3573 5.
299 3506 340 3567 At
360 3506 427 3567 Deo
449 3506 506 3567 sile
527 3507 630 3568 enims
652 3525 730 3586 mee,

351 3588 505 3665 Quoniam
527 3589 565 3650 ab
587 3591 655 3672 ipso
678 3609 750 3673 spes
774 3610 851 3656 mee.

231 3712 582 3725 ...a———u-—o—————-o——--—-

236 3752 241 3759 ¹
298 3769 330 3842 1)
350 3769 381 3826 ln
400 3769 566 3843 emptione:
586 3774 630 3833 61.
