2392 4170
136 231 200 301 nos
270 236 352 306 neap.
371 235 400 290 n.
419 233 454 290 ro
472 235 500 290 u.
521 235 558 288 n
576 235 638 291 uus
659 234 755 291 ιιιιιι.
773 236 851 290 ou.
871 252 896 290 ι.
918 236 994 324 uu.

134 397 230 452 tutem
252 389 430 451 inaudiens.
474 391 575 471 Atque
595 392 711 452 utinum
733 391 784 452 hio
805 391 915 453 nauem
943 391 1073 471 legisset

138 493 227 536 sunm
239 475 433 554 Aquinatem.

219 557 287 618 Hoo
309 576 379 619 meo
402 556 480 619 libro
500 557 616 618 hebent
636 558 719 638 quod
742 564 838 638 egunt
860 557 1003 618 homiues
1025 557 1069 618 io-

139 659 253 720 qunses
275 647 308 701 et
327 640 496 717 roribuoes,
524 639 583 701 nisi
603 641 703 722 folior,
725 643 864 720 quumvis
886 658 1008 721 sperem
1031 659 1071 702 eo
1098 708 1104 728 ¹

110 800 113 803 ,
140 743 237 804 nsque
258 740 323 784 rem
345 723 418 785 mihi
440 724 634 806 perdueiam,
665 732 697 784 ut
719 727 853 804 superati
877 743 947 784 men
969 743 1070 805 perse·

140 809 288 888 verentis,
310 808 384 869 solis
407 807 609 886 elamoribus,
629 809 730 889 furiis,
753 807 920 885 frondibus,
943 807 1071 887 viribus,

141 889 287 971 doinoeps
310 893 341 950 in
364 911 414 952 me
443 892 504 951 sini
532 892 699 973 grussturi
741 895 774 951 ut
808 893 839 952 in
869 890 1071 971 haeretienur,

140 975 263 1054 qualern
285 976 389 1035 omnio
412 975 517 1034 reeulu
538 993 600 1035 non
620 974 759 1035 viderint.
802 973 998 1036 Obtursirunt
1019 994 1070 1036 ou·

138 1064 200 1118 tem
223 1077 312 1119 sures
337 1077 419 1136 suos,
442 1058 521 1118 sient
542 1058 624 1138 nspis
645 1058 708 1136 iile,
731 1077 811 1137 quoe
832 1076 942 1119 vooem
965 1059 1070 1119 inons-

138 1142 231 1202 tantia
253 1159 315 1200 nou
328 1141 424 1203 audit.
457 1141 524 1201 Neo
540 1141 717 1222 inungunt,
740 1147 773 1200 ut
784 1140 947 1221 seripturis
960 1147 1071 1202 ooutre

139 1244 190 1285 me
213 1231 360 1304 pugnent,
383 1224 438 1284 sed
460 1224 645 1285 abolendum
670 1223 822 1285 duntaxat
844 1225 881 1284 de
903 1231 986 1285 ism
1007 1224 1069 1286 ole-

139 1307 277 1370 mubunt.
326 1308 439 1368 Verum
469 1327 529 1386 ego
559 1309 642 1385 soio,
676 1313 707 1367 et
741 1314 842 1368 certus
858 1325 938 1367 *sum
968 1309 1069 1368 Iesum

137 1390 290 1452 Cirtistum
314 1392 480 1452 Dominum
503 1398 640 1451 nostrum
663 1392 766 1450 vivere
788 1397 820 1450 et
839 1409 983 1470 regnare,
1008 1406 1070 1470 qus

136 1475 264 1535 seientia
287 1481 318 1534 et
338 1473 451 1534 tioueia
466 1473 594 1534 inflatus
623 1492 684 1535 nou
719 1472 835 1534 timebo
857 1475 949 1534 etium
974 1474 1071 1535 muita

138 1557 222 1618 milis
249 1574 406 1637 poparum.
451 1556 608 1618 Meierest
629 1558 721 1634 enim,
744 1557 795 1636 qui
809 1555 952 1634 innubis,
975 1572 1070 1637 quum

141 1641 244 1721 quiin
268 1639 382 1701 mundo
406 1646 463 1701 est.

168 1759 170 1764 ·
220 1723 351 1784 Oremns
371 1724 478 1802 igitur,
501 1728 533 1782 ut
555 1724 635 1782 Deus
658 1727 689 1782 et
710 1727 798 1801 poter
822 1721 946 1784 Domini
969 1725 1066 1784 nostri

137 1807 207 1868 lesu
229 1805 342 1868 Christi
362 1805 530 1884 aliquando
553 1821 611 1866 nos
633 1807 747 1864 reviset
769 1805 938 1865 seeundum
964 1807 1070 1867 omniu

137 1889 289 1950 mirabilia
303 1909 368 1968 sue,
392 1897 422 1949 et
436 1889 580 1950 ostendet
591 1888 687 1967 ilium,
709 1888 801 1968 quern
813 1888 963 1969 promisit,
986 1889 1069 1950 diens

138 1972 287 2034 adventus
318 1973 436 2053 glories
457 1972 522 2032 Fiiii
553 1971 615 2049 sui,
650 1990 712 2050 quo
739 1969 915 2031 destruatur
945 1973 1070 2051 iniquus

97 2090 102 2100 ·
138 2057 197 2116 iste
219 2056 313 2116 homo
336 2056 456 2136 pennati
478 2061 509 2113 et
522 2053 600 2113 fliius
614 2054 805 2134 perditionis,
828 2054 982 2134 iuoietque
1005 2063 1070 2116 tsn-

140 2138 208 2198 dem
233 2137 324 2197 tinem
348 2136 578 2216 operationibus
607 2140 746 2197 erroneis
767 2145 909 2208 estense,
948 2138 1069 2217 quibus,

139 2221 217 2302 proh
241 2220 340 2293 dolor,
364 2221 446 2279 omni
470 2226 627 2280 momento
650 2219 747 2280 multe
775 2219 870 2280 millio
897 2223 1069 2282 animorum

139 2309 305 2375 sustentur,
328 2309 359 2363 et
383 2303 422 2363 nd
444 2303 594 2363 infernum
617 2305 788 2382 rapiuntur,
822 2311 947 2384 propter
969 2305 1068 2366 solum

138 2386 322 2448 servsndsm
344 2386 583 2451 ebominotionis
606 2395 636 2444 et
650 2388 842 2466 apostoticae
865 2386 945 2447 sedis
968 2395 1070 2470 tyrsu-

139 2470 250 2532 nidem.
294 2467 388 2530 Dioni
409 2471 508 2532 omnis
532 2469 674 2549 populus,
701 2471 809 2545 Amen,
833 2469 944 2533 Amen.
989 2471 1068 2533 Vale

138 2554 169 2614 in
193 2553 325 2630 Christo,
349 2554 389 2613 mi
413 2552 561 2612 Vinoiioe.

215 2652 476 2733 Vnittembergoe,
499 2653 537 2716 M.
561 2652 597 2713 D.
623 2651 701 2715 xxi.
746 2649 847 2712 Primo
870 2652 992 2733 Aprilis.
