<?xml version="1.0" encoding="UTF-8"?>
<!DOCTYPE html PUBLIC "-//W3C//DTD XHTML 1.0 Transitional//EN"
    "http://www.w3.org/TR/xhtml1/DTD/xhtml1-transitional.dtd">
<html xmlns="http://www.w3.org/1999/xhtml" xml:lang="en" lang="en">
 <head>
  <title>
</title>
<meta http-equiv="Content-Type" content="text/html;charset=utf-8" />
  <meta name='ocr-system' content='tesseract 3.04.00' />
  <meta name='ocr-capabilities' content='ocr_page ocr_carea ocr_par ocr_line ocrx_word'/>
</head>
<body>
  <div class='ocr_page' id='page_1' title='image "./dmartinilutheri03luthgoog_0068.png"; bbox 0 0 2340 4162; ppageno 0'>
   <div class='ocr_carea' id='block_1_1' title="bbox 335 230 1000 298">
    <p class='ocr_par' dir='ltr' id='par_1_1' title="bbox 335 230 1000 298">
     <span class='ocr_line' id='line_1_1' title="bbox 335 230 1000 298; baseline -0.011 -5"><span class='ocrx_word' id='word_1_1' title='bbox 335 237 374 294; x_wconf 78' lang='lat' dir='ltr'><strong>b.</strong></span> <span class='ocrx_word' id='word_1_2' title='bbox 392 236 428 293; x_wconf 88' lang='grc' dir='ltr'><strong>Ι.</strong></span> <span class='ocrx_word' id='word_1_3' title='bbox 444 236 529 292; x_wconf 78' lang='lat' dir='ltr'><strong>Loth.</strong></span> <span class='ocrx_word' id='word_1_4' title='bbox 546 233 732 291; x_wconf 68' lang='lat' dir='ltr'><strong>nne-uun.</strong></span> <span class='ocrx_word' id='word_1_5' title='bbox 958 230 1000 298; x_wconf 67' lang='grc'><strong>57</strong></span> 
     </span>
    </p>
   </div>
   <div class='ocr_carea' id='block_1_2' title="bbox 69 389 1094 3215">
    <p class='ocr_par' dir='ltr' id='par_1_2' title="bbox 69 389 1094 557">
     <span class='ocr_line' id='line_1_2' title="bbox 70 389 1094 475; baseline -0.005 -21"><span class='ocrx_word' id='word_1_6' title='bbox 70 400 221 455; x_wconf 73' lang='lat' dir='ltr'><strong>ruerunt</strong></span> <span class='ocrx_word' id='word_1_7' title='bbox 239 392 484 475; x_wconf 76' lang='lat' dir='ltr'><strong>intelligentiam,</strong></span> <span class='ocrx_word' id='word_1_8' title='bbox 506 409 614 453; x_wconf 86' lang='lat' dir='ltr'><strong>omnes</strong></span> <span class='ocrx_word' id='word_1_9' title='bbox 625 389 856 451; x_wconf 82' lang='lat' dir='ltr'><strong>declinaverunt</strong></span> <span class='ocrx_word' id='word_1_10' title='bbox 876 391 907 450; x_wconf 92' lang='lat' dir='ltr'><strong>in</strong></span> <span class='ocrx_word' id='word_1_11' title='bbox 919 390 1000 450; x_wconf 83' lang='lat' dir='ltr'><strong>viam</strong></span> <span class='ocrx_word' id='word_1_12' title='bbox 1090 413 1094 420; x_wconf 94' lang='lat'>·</span> 
     </span>
     <span class='ocr_line' id='line_1_3' title="bbox 69 476 841 557; baseline -0.003 -21"><span class='ocrx_word' id='word_1_13' title='bbox 69 495 176 553; x_wconf 79' lang='lat' dir='ltr'><strong>suam,</strong></span> <span class='ocrx_word' id='word_1_14' title='bbox 199 479 410 557; x_wconf 83' lang='lat' dir='ltr'><strong>unusquisqne</strong></span> <span class='ocrx_word' id='word_1_15' title='bbox 430 476 469 537; x_wconf 90' lang='lat' dir='ltr'><strong>ad</strong></span> <span class='ocrx_word' id='word_1_16' title='bbox 491 476 650 537; x_wconf 86' lang='lat' dir='ltr'><strong>avaritiam</strong></span> <span class='ocrx_word' id='word_1_17' title='bbox 672 493 759 534; x_wconf 90' lang='lat' dir='ltr'><strong>suam</strong></span> <span class='ocrx_word' id='word_1_18' title='bbox 782 480 841 534; x_wconf 89' lang='lat' dir='ltr'><strong>etc.</strong></span> 
     </span>
    </p>

    <p class='ocr_par' dir='ltr' id='par_1_3' title="bbox 69 556 1008 2220">
     <span class='ocr_line' id='line_1_4' title="bbox 153 556 1003 639; baseline -0.004 -19"><span class='ocrx_word' id='word_1_19' title='bbox 153 560 289 621; x_wconf 86' lang='lat' dir='ltr'><strong>Primum</strong></span> <span class='ocrx_word' id='word_1_20' title='bbox 311 561 416 639; x_wconf 87' lang='lat' dir='ltr'><strong>itaque</strong></span> <span class='ocrx_word' id='word_1_21' title='bbox 440 561 472 620; x_wconf 91' lang='lat' dir='ltr'><strong>iu</strong></span> <span class='ocrx_word' id='word_1_22' title='bbox 501 560 654 638; x_wconf 88' lang='lat' dir='ltr'><strong>baptismo</strong></span> <span class='ocrx_word' id='word_1_23' title='bbox 675 557 870 618; x_wconf 84' lang='lat' dir='ltr'><strong>observanda</strong></span> <span class='ocrx_word' id='word_1_24' title='bbox 891 567 938 617; x_wconf 87' lang='lat' dir='ltr'><strong>est</strong></span> <span class='ocrx_word' id='word_1_25' title='bbox 958 556 1003 617; x_wconf 94' lang='lat' dir='ltr'><strong>di·</strong></span> 
     </span>
     <span class='ocr_line' id='line_1_5' title="bbox 70 641 1002 724; baseline -0.003 -21"><span class='ocrx_word' id='word_1_26' title='bbox 70 644 143 703; x_wconf 81' lang='lat' dir='ltr'><strong>vina</strong></span> <span class='ocrx_word' id='word_1_27' title='bbox 165 645 341 724; x_wconf 75' lang='lat' dir='ltr'>promissio,</span> <span class='ocrx_word' id='word_1_28' title='bbox 363 662 443 722; x_wconf 84' lang='lat' dir='ltr'><strong>quae</strong></span> <span class='ocrx_word' id='word_1_29' title='bbox 464 643 552 704; x_wconf 87' lang='lat' dir='ltr'><strong>dicit:</strong></span> <span class='ocrx_word' id='word_1_30' title='bbox 581 641 639 718; x_wconf 76' lang='lat' dir='ltr'><strong>Qui</strong></span> <span class='ocrx_word' id='word_1_31' title='bbox 662 641 826 702; x_wconf 76' lang='lat' dir='ltr'><strong>crediderit</strong></span> <span class='ocrx_word' id='word_1_32' title='bbox 853 647 885 701; x_wconf 89' lang='lat' dir='ltr'><strong>et</strong></span> <span class='ocrx_word' id='word_1_33' title='bbox 895 641 1002 720; x_wconf 84' lang='lat' dir='ltr'><strong>bapti·</strong></span> 
     </span>
     <span class='ocr_line' id='line_1_6' title="bbox 69 723 1002 806; baseline -0.003 -19"><span class='ocrx_word' id='word_1_34' title='bbox 69 733 157 787; x_wconf 72' lang='lat' dir='ltr'><strong>satis</strong></span> <span class='ocrx_word' id='word_1_35' title='bbox 178 726 280 803; x_wconf 86' lang='lat' dir='ltr'><strong>suerit,</strong></span> <span class='ocrx_word' id='word_1_36' title='bbox 301 726 405 786; x_wconf 84' lang='lat' dir='ltr'><strong>salvus</strong></span> <span class='ocrx_word' id='word_1_37' title='bbox 428 725 495 789; x_wconf 84' lang='lat' dir='ltr'><strong>erit.</strong></span> <span class='ocrx_word' id='word_1_38' title='bbox 526 725 614 801; x_wconf 81' lang='lat' dir='ltr'><strong>Quae</strong></span> <span class='ocrx_word' id='word_1_39' title='bbox 624 726 788 806; x_wconf 91' lang='lat' dir='ltr'><strong>promissio</strong></span> <span class='ocrx_word' id='word_1_40' title='bbox 801 723 1002 804; x_wconf 82' lang='lat' dir='ltr'><strong>praeterendo</strong></span> 
     </span>
     <span class='ocr_line' id='line_1_7' title="bbox 70 809 1000 890; baseline -0.002 -20"><span class='ocrx_word' id='word_1_41' title='bbox 70 819 120 870; x_wconf 88' lang='lat' dir='ltr'><strong>est</strong></span> <span class='ocrx_word' id='word_1_42' title='bbox 139 809 424 890; x_wconf 78' lang='lat' dir='ltr'><strong>incomparabiliter</strong></span> <span class='ocrx_word' id='word_1_43' title='bbox 444 812 594 870; x_wconf 85' lang='lat' dir='ltr'><strong>universis</strong></span> <span class='ocrx_word' id='word_1_44' title='bbox 615 811 738 890; x_wconf 90' lang='lat' dir='ltr'><strong>pompis</strong></span> <span class='ocrx_word' id='word_1_45' title='bbox 754 828 892 888; x_wconf 86' lang='lat' dir='ltr'><strong>operum,</strong></span> <span class='ocrx_word' id='word_1_46' title='bbox 914 819 1000 868; x_wconf 85' lang='lat' dir='ltr'><strong>voto·</strong></span> 
     </span>
     <span class='ocr_line' id='line_1_8' title="bbox 69 892 1001 974; baseline -0.004 -20"><span class='ocrx_word' id='word_1_47' title='bbox 69 912 153 964; x_wconf 89' lang='lat' dir='ltr'><strong>rum,</strong></span> <span class='ocrx_word' id='word_1_48' title='bbox 186 893 387 974; x_wconf 80' lang='lat' dir='ltr'><strong>religionum,</strong></span> <span class='ocrx_word' id='word_1_49' title='bbox 418 900 447 953; x_wconf 87' lang='lat' dir='ltr'><strong>et</strong></span> <span class='ocrx_word' id='word_1_50' title='bbox 470 892 614 972; x_wconf 87' lang='lat' dir='ltr'><strong>quioquid</strong></span> <span class='ocrx_word' id='word_1_51' title='bbox 635 892 810 954; x_wconf 83' lang='lat' dir='ltr'><strong>humanitus</strong></span> <span class='ocrx_word' id='word_1_52' title='bbox 839 900 885 952; x_wconf 88' lang='lat' dir='ltr'><strong>est</strong></span> <span class='ocrx_word' id='word_1_53' title='bbox 906 893 1001 951; x_wconf 87' lang='lat' dir='ltr'><strong>intro-</strong></span> 
     </span>
     <span class='ocr_line' id='line_1_9' title="bbox 70 975 1002 1056; baseline -0.004 -19"><span class='ocrx_word' id='word_1_54' title='bbox 70 976 209 1039; x_wconf 83' lang='lat' dir='ltr'><strong>ductum.</strong></span> <span class='ocrx_word' id='word_1_55' title='bbox 255 975 334 1036; x_wconf 80' lang='lat' dir='ltr'><strong>Nam</strong></span> <span class='ocrx_word' id='word_1_56' title='bbox 355 977 387 1036; x_wconf 92' lang='lat' dir='ltr'><strong>in</strong></span> <span class='ocrx_word' id='word_1_57' title='bbox 408 977 466 1036; x_wconf 87' lang='lat' dir='ltr'><strong>heo</strong></span> <span class='ocrx_word' id='word_1_58' title='bbox 485 977 600 1056; x_wconf 83' lang='lat' dir='ltr'>pendet</span> <span class='ocrx_word' id='word_1_59' title='bbox 621 978 764 1037; x_wconf 86' lang='lat' dir='ltr'><strong>universa</strong></span> <span class='ocrx_word' id='word_1_60' title='bbox 784 975 867 1036; x_wconf 87' lang='lat' dir='ltr'><strong>salua</strong></span> <span class='ocrx_word' id='word_1_61' title='bbox 886 983 1002 1049; x_wconf 86' lang='lat' dir='ltr'><strong>nostra,</strong></span> 
     </span>
     <span class='ocr_line' id='line_1_10' title="bbox 71 1057 1001 1135; baseline -0.004 -15"><span class='ocrx_word' id='word_1_62' title='bbox 71 1061 118 1120; x_wconf 88' lang='lat' dir='ltr'><strong>sic</strong></span> <span class='ocrx_word' id='word_1_63' title='bbox 138 1068 245 1121; x_wconf 88' lang='lat' dir='ltr'><strong>antem</strong></span> <span class='ocrx_word' id='word_1_64' title='bbox 267 1068 315 1120; x_wconf 88' lang='lat' dir='ltr'><strong>est</strong></span> <span class='ocrx_word' id='word_1_65' title='bbox 336 1058 546 1135; x_wconf 86' lang='lat' dir='ltr'><strong>observanda,</strong></span> <span class='ocrx_word' id='word_1_66' title='bbox 575 1066 609 1121; x_wconf 88' lang='lat' dir='ltr'><strong>ut</strong></span> <span class='ocrx_word' id='word_1_67' title='bbox 636 1059 728 1120; x_wconf 83' lang='lat' dir='ltr'><strong>fidem</strong></span> <span class='ocrx_word' id='word_1_68' title='bbox 751 1077 949 1120; x_wconf 86' lang='lat' dir='ltr'><strong>exerceamus</strong></span> <span class='ocrx_word' id='word_1_69' title='bbox 970 1057 1001 1117; x_wconf 92' lang='lat' dir='ltr'><strong>in</strong></span> 
     </span>
     <span class='ocr_line' id='line_1_11' title="bbox 69 1143 1004 1222; baseline -0.004 -18"><span class='ocrx_word' id='word_1_70' title='bbox 69 1163 124 1217; x_wconf 86' lang='lat' dir='ltr'><strong>ea,</strong></span> <span class='ocrx_word' id='word_1_71' title='bbox 157 1161 286 1222; x_wconf 88' lang='lat' dir='ltr'><strong>prorsus</strong></span> <span class='ocrx_word' id='word_1_72' title='bbox 308 1162 372 1203; x_wconf 91' lang='lat' dir='ltr'><strong>non</strong></span> <span class='ocrx_word' id='word_1_73' title='bbox 394 1143 568 1204; x_wconf 74' lang='lat' dir='ltr'><strong>dubitantes</strong></span> <span class='ocrx_word' id='word_1_74' title='bbox 595 1162 654 1204; x_wconf 92' lang='lat' dir='ltr'><strong>nos</strong></span> <span class='ocrx_word' id='word_1_75' title='bbox 682 1162 751 1204; x_wconf 87' lang='lat' dir='ltr'><strong>esse</strong></span> <span class='ocrx_word' id='word_1_76' title='bbox 772 1143 892 1216; x_wconf 83' lang='lat' dir='ltr'><strong>salvos,</strong></span> <span class='ocrx_word' id='word_1_77' title='bbox 920 1148 1004 1221; x_wconf 87' lang='lat' dir='ltr'><strong>post·</strong></span> 
     </span>
     <span class='ocr_line' id='line_1_12' title="bbox 70 1225 1004 1306; baseline -0.004 -19"><span class='ocrx_word' id='word_1_78' title='bbox 70 1246 165 1306; x_wconf 87' lang='lat' dir='ltr'><strong>quam</strong></span> <span class='ocrx_word' id='word_1_79' title='bbox 199 1245 307 1286; x_wconf 93' lang='lat' dir='ltr'><strong>sumus</strong></span> <span class='ocrx_word' id='word_1_80' title='bbox 337 1225 491 1306; x_wconf 79' lang='lat' dir='ltr'><strong>baptisati.</strong></span> <span class='ocrx_word' id='word_1_81' title='bbox 539 1227 619 1287; x_wconf 88' lang='lat' dir='ltr'><strong>Nam</strong></span> <span class='ocrx_word' id='word_1_82' title='bbox 649 1228 706 1286; x_wconf 87' lang='lat' dir='ltr'><strong>nisi</strong></span> <span class='ocrx_word' id='word_1_83' title='bbox 737 1227 816 1286; x_wconf 89' lang='lat' dir='ltr'><strong>baec</strong></span> <span class='ocrx_word' id='word_1_84' title='bbox 850 1225 931 1287; x_wconf 86' lang='lat' dir='ltr'><strong>adsit</strong></span> <span class='ocrx_word' id='word_1_85' title='bbox 950 1230 1004 1284; x_wconf 85' lang='lat' dir='ltr'><strong>aut</strong></span> 
     </span>
     <span class='ocr_line' id='line_1_13' title="bbox 70 1306 1003 1390; baseline -0.005 -20"><span class='ocrx_word' id='word_1_86' title='bbox 70 1317 198 1390; x_wconf 81' lang='lat' dir='ltr'><strong>peretur</strong></span> <span class='ocrx_word' id='word_1_87' title='bbox 219 1307 315 1384; x_wconf 83' lang='lat' dir='ltr'><strong>fides,</strong></span> <span class='ocrx_word' id='word_1_88' title='bbox 345 1309 418 1369; x_wconf 87' lang='lat' dir='ltr'><strong>nihil</strong></span> <span class='ocrx_word' id='word_1_89' title='bbox 447 1309 575 1389; x_wconf 90' lang='lat' dir='ltr'><strong>prodest</strong></span> <span class='ocrx_word' id='word_1_90' title='bbox 599 1309 783 1390; x_wconf 72' lang='lat' dir='ltr'><strong>baptismus,</strong></span> <span class='ocrx_word' id='word_1_91' title='bbox 815 1311 878 1369; x_wconf 93' lang='lat' dir='ltr'><strong>imo</strong></span> <span class='ocrx_word' id='word_1_92' title='bbox 904 1306 1003 1384; x_wconf 80' lang='lat' dir='ltr'><strong>obest,</strong></span> 
     </span>
     <span class='ocr_line' id='line_1_14' title="bbox 70 1392 1002 1473; baseline -0.002 -20"><span class='ocrx_word' id='word_1_93' title='bbox 70 1411 134 1453; x_wconf 90' lang='lat' dir='ltr'><strong>non</strong></span> <span class='ocrx_word' id='word_1_94' title='bbox 157 1392 259 1454; x_wconf 86' lang='lat' dir='ltr'><strong>solum</strong></span> <span class='ocrx_word' id='word_1_95' title='bbox 282 1399 362 1470; x_wconf 87' lang='lat' dir='ltr'><strong>tum,</strong></span> <span class='ocrx_word' id='word_1_96' title='bbox 384 1411 452 1453; x_wconf 91' lang='lat' dir='ltr'><strong>cum</strong></span> <span class='ocrx_word' id='word_1_97' title='bbox 475 1394 647 1473; x_wconf 86' lang='lat' dir='ltr'><strong>suscipitur,</strong></span> <span class='ocrx_word' id='word_1_98' title='bbox 671 1393 725 1453; x_wconf 89' lang='lat' dir='ltr'><strong>sed</strong></span> <span class='ocrx_word' id='word_1_99' title='bbox 748 1400 814 1453; x_wconf 89' lang='lat' dir='ltr'><strong>toto</strong></span> <span class='ocrx_word' id='word_1_100' title='bbox 835 1399 907 1472; x_wconf 88' lang='lat' dir='ltr'><strong>post</strong></span> <span class='ocrx_word' id='word_1_101' title='bbox 927 1399 1002 1452; x_wconf 88' lang='lat' dir='ltr'><strong>tem·</strong></span> 
     </span>
     <span class='ocr_line' id='line_1_15' title="bbox 72 1475 1000 1555; baseline -0.002 -19"><span class='ocrx_word' id='word_1_102' title='bbox 72 1495 148 1555; x_wconf 85' lang='lat' dir='ltr'><strong>pore</strong></span> <span class='ocrx_word' id='word_1_103' title='bbox 171 1477 262 1536; x_wconf 82' lang='lat' dir='ltr'><strong>vitae.</strong></span> <span class='ocrx_word' id='word_1_104' title='bbox 306 1475 506 1537; x_wconf 83' lang='lat' dir='ltr'><strong>Incredulitas</strong></span> <span class='ocrx_word' id='word_1_105' title='bbox 534 1477 615 1536; x_wconf 89' lang='lat' dir='ltr'><strong>enim</strong></span> <span class='ocrx_word' id='word_1_106' title='bbox 646 1477 797 1537; x_wconf 87' lang='lat' dir='ltr'><strong>eiusmodi</strong></span> <span class='ocrx_word' id='word_1_107' title='bbox 821 1475 1000 1536; x_wconf 84' lang='lat' dir='ltr'><strong>mendaeem</strong></span> 
     </span>
     <span class='ocr_line' id='line_1_16' title="bbox 74 1558 1003 1639; baseline -0.001 -21"><span class='ocrx_word' id='word_1_108' title='bbox 74 1561 175 1639; x_wconf 83' lang='lat' dir='ltr'><strong>arguit</strong></span> <span class='ocrx_word' id='word_1_109' title='bbox 193 1558 432 1638; x_wconf 87' lang='lat' dir='ltr'><strong>promissionem</strong></span> <span class='ocrx_word' id='word_1_110' title='bbox 466 1559 618 1633; x_wconf 87' lang='lat' dir='ltr'><strong>divinam,</strong></span> <span class='ocrx_word' id='word_1_111' title='bbox 657 1560 739 1638; x_wconf 85' lang='lat' dir='ltr'><strong>quod</strong></span> <span class='ocrx_word' id='word_1_112' title='bbox 772 1566 820 1620; x_wconf 87' lang='lat' dir='ltr'><strong>est</strong></span> <span class='ocrx_word' id='word_1_113' title='bbox 851 1577 1003 1619; x_wconf 84' lang='lat' dir='ltr'><strong>summum</strong></span> 
     </span>
     <span class='ocr_line' id='line_1_17' title="bbox 76 1641 1004 1721; baseline 0 -20"><span class='ocrx_word' id='word_1_114' title='bbox 76 1643 209 1702; x_wconf 89' lang='lat' dir='ltr'><strong>omnium</strong></span> <span class='ocrx_word' id='word_1_115' title='bbox 232 1650 444 1721; x_wconf 85' lang='lat' dir='ltr'><strong>peccatorum.</strong></span> <span class='ocrx_word' id='word_1_116' title='bbox 478 1642 547 1703; x_wconf 86' lang='lat' dir='ltr'><strong>Hoc</strong></span> <span class='ocrx_word' id='word_1_117' title='bbox 559 1645 737 1704; x_wconf 85' lang='lat' dir='ltr'><strong>exercitium</strong></span> <span class='ocrx_word' id='word_1_118' title='bbox 760 1641 832 1702; x_wconf 86' lang='lat' dir='ltr'><strong>fidei</strong></span> <span class='ocrx_word' id='word_1_119' title='bbox 854 1644 879 1702; x_wconf 86' lang='lat' dir='ltr'><strong>ei</strong></span> <span class='ocrx_word' id='word_1_120' title='bbox 898 1660 1004 1721; x_wconf 78' lang='lat' dir='ltr'><strong>eppre</strong></span> 
     </span>
     <span class='ocr_line' id='line_1_18' title="bbox 79 1723 1006 1805; baseline 0.001 -22"><span class='ocrx_word' id='word_1_121' title='bbox 79 1723 287 1802; x_wconf 83' lang='lat' dir='ltr'><strong>benderimus,</strong></span> <span class='ocrx_word' id='word_1_122' title='bbox 318 1727 420 1784; x_wconf 87' lang='lat' dir='ltr'><strong>statim</strong></span> <span class='ocrx_word' id='word_1_123' title='bbox 449 1725 664 1805; x_wconf 78' lang='lat' dir='ltr'><strong>intelligemus,</strong></span> <span class='ocrx_word' id='word_1_124' title='bbox 687 1745 778 1805; x_wconf 86' lang='lat' dir='ltr'><strong>quam</strong></span> <span class='ocrx_word' id='word_1_125' title='bbox 808 1725 936 1786; x_wconf 89' lang='lat' dir='ltr'><strong>arduum</strong></span> <span class='ocrx_word' id='word_1_126' title='bbox 967 1726 1006 1785; x_wconf 90' lang='lat' dir='ltr'><strong>sit</strong></span> 
     </span>
     <span class='ocr_line' id='line_1_19' title="bbox 80 1806 1004 1888; baseline 0.001 -22"><span class='ocrx_word' id='word_1_127' title='bbox 80 1806 198 1868; x_wconf 88' lang='lat' dir='ltr'><strong>credere</strong></span> <span class='ocrx_word' id='word_1_128' title='bbox 233 1809 431 1888; x_wconf 87' lang='lat' dir='ltr'><strong>promissioni</strong></span> <span class='ocrx_word' id='word_1_129' title='bbox 462 1807 533 1868; x_wconf 89' lang='lat' dir='ltr'><strong>huic</strong></span> <span class='ocrx_word' id='word_1_130' title='bbox 567 1808 699 1869; x_wconf 85' lang='lat' dir='ltr'><strong>divinae.</strong></span> <span class='ocrx_word' id='word_1_131' title='bbox 748 1808 890 1868; x_wconf 84' lang='lat' dir='ltr'><strong>Humane</strong></span> <span class='ocrx_word' id='word_1_132' title='bbox 923 1810 1004 1867; x_wconf 88' lang='lat' dir='ltr'><strong>enim</strong></span> 
     </span>
     <span class='ocr_line' id='line_1_20' title="bbox 75 1889 1008 1970; baseline 0 -21"><span class='ocrx_word' id='word_1_133' title='bbox 75 1890 286 1968; x_wconf 76' lang='lat' dir='ltr'><strong>imbecillitas,</strong></span> <span class='ocrx_word' id='word_1_134' title='bbox 308 1897 507 1970; x_wconf 87' lang='lat' dir='ltr'><strong>peccatorum</strong></span> <span class='ocrx_word' id='word_1_135' title='bbox 533 1911 657 1952; x_wconf 90' lang='lat' dir='ltr'><strong>suorum</strong></span> <span class='ocrx_word' id='word_1_136' title='bbox 679 1892 737 1952; x_wconf 94' lang='lat' dir='ltr'><strong>sibi</strong></span> <span class='ocrx_word' id='word_1_137' title='bbox 760 1893 902 1965; x_wconf 87' lang='lat' dir='ltr'><strong>conscia,</strong></span> <span class='ocrx_word' id='word_1_138' title='bbox 931 1889 1008 1950; x_wconf 80' lang='lat' dir='ltr'><strong>diffr-</strong></span> 
     </span>
     <span class='ocr_line' id='line_1_21' title="bbox 73 1973 1007 2043; baseline 0 -10"><span class='ocrx_word' id='word_1_139' title='bbox 73 1973 186 2034; x_wconf 83' lang='lat' dir='ltr'><strong>cillime</strong></span> <span class='ocrx_word' id='word_1_140' title='bbox 209 1976 347 2034; x_wconf 91' lang='lat' dir='ltr'><strong>omnium</strong></span> <span class='ocrx_word' id='word_1_141' title='bbox 377 1973 474 2043; x_wconf 85' lang='lat' dir='ltr'><strong>credit</strong></span> <span class='ocrx_word' id='word_1_142' title='bbox 501 1994 535 2036; x_wconf 92' lang='lat' dir='ltr'><strong>se</strong></span> <span class='ocrx_word' id='word_1_143' title='bbox 563 1994 632 2036; x_wconf 89' lang='lat' dir='ltr'><strong>esse</strong></span> <span class='ocrx_word' id='word_1_144' title='bbox 660 1975 777 2036; x_wconf 85' lang='lat' dir='ltr'><strong>selvam</strong></span> <span class='ocrx_word' id='word_1_145' title='bbox 806 1981 859 2035; x_wconf 84' lang='lat' dir='ltr'><strong>eut</strong></span> <span class='ocrx_word' id='word_1_146' title='bbox 887 1973 1007 2034; x_wconf 84' lang='lat' dir='ltr'><strong>salven·</strong></span> 
     </span>
     <span class='ocr_line' id='line_1_22' title="bbox 72 2056 1007 2136; baseline -0.001 -20"><span class='ocrx_word' id='word_1_147' title='bbox 72 2056 162 2132; x_wconf 90' lang='lat' dir='ltr'><strong>dam,</strong></span> <span class='ocrx_word' id='word_1_148' title='bbox 180 2064 228 2117; x_wconf 84' lang='lat' dir='ltr'><strong>et</strong></span> <span class='ocrx_word' id='word_1_149' title='bbox 249 2064 362 2129; x_wconf 83' lang='lat' dir='ltr'><strong>tamen,</strong></span> <span class='ocrx_word' id='word_1_150' title='bbox 384 2058 443 2117; x_wconf 93' lang='lat' dir='ltr'><strong>nisi</strong></span> <span class='ocrx_word' id='word_1_151' title='bbox 464 2057 495 2117; x_wconf 91' lang='lat' dir='ltr'><strong>id</strong></span> <span class='ocrx_word' id='word_1_152' title='bbox 517 2058 637 2136; x_wconf 86' lang='lat' dir='ltr'><strong>credat,</strong></span> <span class='ocrx_word' id='word_1_153' title='bbox 665 2058 776 2118; x_wconf 82' lang='lat' dir='ltr'><strong>saivari</strong></span> <span class='ocrx_word' id='word_1_154' title='bbox 799 2075 861 2118; x_wconf 91' lang='lat' dir='ltr'><strong>nou</strong></span> <span class='ocrx_word' id='word_1_155' title='bbox 884 2057 1007 2136; x_wconf 81' lang='lat' dir='ltr'><strong>poterit,</strong></span> 
     </span>
     <span class='ocr_line' id='line_1_23' title="bbox 72 2139 1005 2220; baseline 0.002 -21"><span class='ocrx_word' id='word_1_156' title='bbox 72 2141 144 2218; x_wconf 88' lang='lat' dir='ltr'><strong>quia</strong></span> <span class='ocrx_word' id='word_1_157' title='bbox 167 2159 231 2200; x_wconf 89' lang='lat' dir='ltr'><strong>non</strong></span> <span class='ocrx_word' id='word_1_158' title='bbox 254 2139 351 2200; x_wconf 87' lang='lat' dir='ltr'><strong>credit</strong></span> <span class='ocrx_word' id='word_1_159' title='bbox 374 2142 491 2200; x_wconf 88' lang='lat' dir='ltr'><strong>veritati</strong></span> <span class='ocrx_word' id='word_1_160' title='bbox 515 2142 636 2201; x_wconf 87' lang='lat' dir='ltr'><strong>divinae</strong></span> <span class='ocrx_word' id='word_1_161' title='bbox 659 2142 846 2220; x_wconf 79' lang='lat' dir='ltr'><strong>promittenti</strong></span> <span class='ocrx_word' id='word_1_162' title='bbox 864 2141 1005 2201; x_wconf 87' lang='lat' dir='ltr'><strong>salutem.</strong></span> 
     </span>
    </p>

    <p class='ocr_par' dir='ltr' id='par_1_4' title="bbox 70 2223 1007 3215">
     <span class='ocr_line' id='line_1_24' title="bbox 160 2223 1006 2302; baseline 0 -21"><span class='ocrx_word' id='word_1_163' title='bbox 160 2223 247 2283; x_wconf 86' lang='lat' dir='ltr'><strong>Haec</strong></span> <span class='ocrx_word' id='word_1_164' title='bbox 270 2230 336 2281; x_wconf 84' lang='lat' dir='ltr'><strong>eret</strong></span> <span class='ocrx_word' id='word_1_165' title='bbox 350 2224 537 2301; x_wconf 86' lang='lat' dir='ltr'><strong>praedicatio</strong></span> <span class='ocrx_word' id='word_1_166' title='bbox 561 2224 667 2285; x_wconf 85' lang='lat' dir='ltr'><strong>sedulo</strong></span> <span class='ocrx_word' id='word_1_167' title='bbox 682 2225 864 2284; x_wconf 87' lang='lat' dir='ltr'><strong>inculcanda</strong></span> <span class='ocrx_word' id='word_1_168' title='bbox 878 2223 1006 2302; x_wconf 85' lang='lat' dir='ltr'><strong>populo,</strong></span> 
     </span>
     <span class='ocr_line' id='line_1_25' title="bbox 71 2305 1004 2387; baseline -0.002 -21"><span class='ocrx_word' id='word_1_169' title='bbox 71 2305 197 2366; x_wconf 85' lang='lat' dir='ltr'><strong>assidue</strong></span> <span class='ocrx_word' id='word_1_170' title='bbox 208 2305 397 2365; x_wconf 81' lang='lat' dir='ltr'><strong>recantanda</strong></span> <span class='ocrx_word' id='word_1_171' title='bbox 408 2309 466 2366; x_wconf 85' lang='lat' dir='ltr'><strong>ieta</strong></span> <span class='ocrx_word' id='word_1_172' title='bbox 479 2309 652 2385; x_wconf 83' lang='lat' dir='ltr'><strong>promissio,</strong></span> <span class='ocrx_word' id='word_1_173' title='bbox 675 2327 795 2387; x_wconf 87' lang='lat' dir='ltr'><strong>semper</strong></span> <span class='ocrx_word' id='word_1_174' title='bbox 819 2306 1004 2385; x_wconf 86' lang='lat' dir='ltr'><strong>repetendus</strong></span> 
     </span>
     <span class='ocr_line' id='line_1_26' title="bbox 70 2389 1004 2468; baseline -0.003 -19"><span class='ocrx_word' id='word_1_175' title='bbox 70 2389 256 2468; x_wconf 87' lang='lat' dir='ltr'><strong>baptismus,</strong></span> <span class='ocrx_word' id='word_1_176' title='bbox 279 2390 389 2467; x_wconf 84' lang='lat' dir='ltr'><strong>iugiter</strong></span> <span class='ocrx_word' id='word_1_177' title='bbox 402 2389 567 2449; x_wconf 86' lang='lat' dir='ltr'><strong>excitanda</strong></span> <span class='ocrx_word' id='word_1_178' title='bbox 582 2390 775 2468; x_wconf 85' lang='lat' dir='ltr'><strong>fovendaque</strong></span> <span class='ocrx_word' id='word_1_179' title='bbox 797 2390 882 2449; x_wconf 85' lang='lat' dir='ltr'><strong>fides.</strong></span> <span class='ocrx_word' id='word_1_180' title='bbox 919 2390 1004 2448; x_wconf 87' lang='lat' dir='ltr'><strong>Sicut</strong></span> 
     </span>
     <span class='ocr_line' id='line_1_27' title="bbox 70 2471 1004 2551; baseline -0.001 -19"><span class='ocrx_word' id='word_1_181' title='bbox 70 2475 154 2532; x_wconf 91' lang='lat' dir='ltr'><strong>enim</strong></span> <span class='ocrx_word' id='word_1_182' title='bbox 178 2471 274 2531; x_wconf 87' lang='lat' dir='ltr'><strong>semel</strong></span> <span class='ocrx_word' id='word_1_183' title='bbox 296 2491 389 2551; x_wconf 87' lang='lat' dir='ltr'><strong>super</strong></span> <span class='ocrx_word' id='word_1_184' title='bbox 410 2491 466 2532; x_wconf 90' lang='lat' dir='ltr'><strong>nos</strong></span> <span class='ocrx_word' id='word_1_185' title='bbox 499 2472 560 2532; x_wconf 82' lang='lat' dir='ltr'><strong>ieta</strong></span> <span class='ocrx_word' id='word_1_186' title='bbox 583 2473 687 2533; x_wconf 85' lang='lat' dir='ltr'><strong>divina</strong></span> <span class='ocrx_word' id='word_1_187' title='bbox 708 2474 767 2532; x_wconf 88' lang='lat' dir='ltr'><strong>hac</strong></span> <span class='ocrx_word' id='word_1_188' title='bbox 801 2474 1004 2551; x_wconf 89' lang='lat' dir='ltr'><strong>promissione</strong></span> 
     </span>
     <span class='ocr_line' id='line_1_28' title="bbox 73 2553 1004 2635; baseline -0.003 -21"><span class='ocrx_word' id='word_1_189' title='bbox 73 2574 172 2633; x_wconf 83' lang='lat' dir='ltr'><strong>neque</strong></span> <span class='ocrx_word' id='word_1_190' title='bbox 192 2553 233 2613; x_wconf 84' lang='lat' dir='ltr'><strong>ad</strong></span> <span class='ocrx_word' id='word_1_191' title='bbox 261 2562 388 2614; x_wconf 89' lang='lat' dir='ltr'><strong>mortem</strong></span> <span class='ocrx_word' id='word_1_192' title='bbox 413 2557 525 2615; x_wconf 86' lang='lat' dir='ltr'><strong>veritas</strong></span> <span class='ocrx_word' id='word_1_193' title='bbox 556 2558 620 2615; x_wconf 89' lang='lat' dir='ltr'><strong>eius</strong></span> <span class='ocrx_word' id='word_1_194' title='bbox 643 2565 834 2635; x_wconf 85' lang='lat' dir='ltr'><strong>perseverat,</strong></span> <span class='ocrx_word' id='word_1_195' title='bbox 864 2558 905 2614; x_wconf 82' lang='lat' dir='ltr'><strong>ite</strong></span> <span class='ocrx_word' id='word_1_196' title='bbox 929 2554 1004 2612; x_wconf 76' lang='lat' dir='ltr'><strong>fides</strong></span> 
     </span>
     <span class='ocr_line' id='line_1_29' title="bbox 72 2637 1004 2716; baseline -0.001 -20"><span class='ocrx_word' id='word_1_197' title='bbox 72 2640 103 2698; x_wconf 93' lang='lat' dir='ltr'><strong>in</strong></span> <span class='ocrx_word' id='word_1_198' title='bbox 127 2637 259 2697; x_wconf 91' lang='lat' dir='ltr'><strong>eandem</strong></span> <span class='ocrx_word' id='word_1_199' title='bbox 283 2657 437 2716; x_wconf 89' lang='lat' dir='ltr'><strong>nunquam</strong></span> <span class='ocrx_word' id='word_1_200' title='bbox 463 2638 554 2699; x_wconf 91' lang='lat' dir='ltr'><strong>debet</strong></span> <span class='ocrx_word' id='word_1_201' title='bbox 575 2640 747 2713; x_wconf 72' lang='lat' dir='ltr'><strong>intermitti,</strong></span> <span class='ocrx_word' id='word_1_202' title='bbox 770 2638 823 2698; x_wconf 88' lang='lat' dir='ltr'><strong>sed</strong></span> <span class='ocrx_word' id='word_1_203' title='bbox 847 2657 943 2716; x_wconf 89' lang='lat' dir='ltr'><strong>usque</strong></span> <span class='ocrx_word' id='word_1_204' title='bbox 966 2637 1004 2697; x_wconf 89' lang='lat' dir='ltr'><strong>ed</strong></span> 
     </span>
     <span class='ocr_line' id='line_1_30' title="bbox 74 2719 1006 2801; baseline -0.005 -20"><span class='ocrx_word' id='word_1_205' title='bbox 74 2727 205 2781; x_wconf 91' lang='lat' dir='ltr'><strong>mortem</strong></span> <span class='ocrx_word' id='word_1_206' title='bbox 229 2719 269 2779; x_wconf 81' lang='lat' dir='ltr'><strong>aii</strong></span> <span class='ocrx_word' id='word_1_207' title='bbox 298 2727 328 2778; x_wconf 88' lang='lat' dir='ltr'><strong>et</strong></span> <span class='ocrx_word' id='word_1_208' title='bbox 349 2720 503 2801; x_wconf 79' lang='lat' dir='ltr'><strong>roboreti,</strong></span> <span class='ocrx_word' id='word_1_209' title='bbox 533 2727 682 2801; x_wconf 87' lang='lat' dir='ltr'><strong>perpetua</strong></span> <span class='ocrx_word' id='word_1_210' title='bbox 704 2723 852 2781; x_wconf 87' lang='lat' dir='ltr'><strong>memoria</strong></span> <span class='ocrx_word' id='word_1_211' title='bbox 878 2720 1006 2798; x_wconf 88' lang='lat' dir='ltr'><strong>promis·</strong></span> 
     </span>
     <span class='ocr_line' id='line_1_31' title="bbox 73 2802 1007 2883; baseline -0.003 -20"><span class='ocrx_word' id='word_1_212' title='bbox 73 2805 170 2863; x_wconf 88' lang='lat' dir='ltr'><strong>sionis</strong></span> <span class='ocrx_word' id='word_1_213' title='bbox 200 2802 336 2862; x_wconf 86' lang='lat' dir='ltr'><strong>eiusdem</strong></span> <span class='ocrx_word' id='word_1_214' title='bbox 365 2805 394 2862; x_wconf 90' lang='lat' dir='ltr'><strong>in</strong></span> <span class='ocrx_word' id='word_1_215' title='bbox 430 2803 584 2883; x_wconf 85' lang='lat' dir='ltr'><strong>baptismo</strong></span> <span class='ocrx_word' id='word_1_216' title='bbox 612 2804 699 2865; x_wconf 88' lang='lat' dir='ltr'><strong>nobis</strong></span> <span class='ocrx_word' id='word_1_217' title='bbox 733 2806 843 2865; x_wconf 83' lang='lat' dir='ltr'><strong>factae.</strong></span> <span class='ocrx_word' id='word_1_218' title='bbox 893 2802 1007 2878; x_wconf 83' lang='lat' dir='ltr'><strong>Quare,</strong></span> 
     </span>
     <span class='ocr_line' id='line_1_32' title="bbox 72 2886 1006 2966; baseline -0.003 -20"><span class='ocrx_word' id='word_1_219' title='bbox 72 2886 145 2946; x_wconf 94' lang='lat' dir='ltr'><strong>dum</strong></span> <span class='ocrx_word' id='word_1_220' title='bbox 160 2888 326 2966; x_wconf 86' lang='lat' dir='ltr'><strong>apecoetis</strong></span> <span class='ocrx_word' id='word_1_221' title='bbox 349 2889 535 2966; x_wconf 84' lang='lat' dir='ltr'><strong>resurgimus</strong></span> <span class='ocrx_word' id='word_1_222' title='bbox 557 2890 622 2947; x_wconf 87' lang='lat' dir='ltr'><strong>sive</strong></span> <span class='ocrx_word' id='word_1_223' title='bbox 635 2889 838 2966; x_wconf 81' lang='lat' dir='ltr'><strong>poenitemus,</strong></span> <span class='ocrx_word' id='word_1_224' title='bbox 860 2905 921 2945; x_wconf 91' lang='lat' dir='ltr'><strong>non</strong></span> <span class='ocrx_word' id='word_1_225' title='bbox 934 2886 1006 2944; x_wconf 84' lang='lat' dir='ltr'><strong>faoi·</strong></span> 
     </span>
     <span class='ocr_line' id='line_1_33' title="bbox 74 2968 1005 3049; baseline -0.004 -20"><span class='ocrx_word' id='word_1_226' title='bbox 74 2989 141 3029; x_wconf 87' lang='lat' dir='ltr'><strong>mue</strong></span> <span class='ocrx_word' id='word_1_227' title='bbox 172 2968 271 3045; x_wconf 85' lang='lat' dir='ltr'><strong>eliud,</strong></span> <span class='ocrx_word' id='word_1_228' title='bbox 306 2989 396 3047; x_wconf 87' lang='lat' dir='ltr'><strong>quem</strong></span> <span class='ocrx_word' id='word_1_229' title='bbox 430 2969 512 3047; x_wconf 89' lang='lat' dir='ltr'><strong>quod</strong></span> <span class='ocrx_word' id='word_1_230' title='bbox 549 2971 587 3030; x_wconf 87' lang='lat' dir='ltr'><strong>sd</strong></span> <span class='ocrx_word' id='word_1_231' title='bbox 625 2969 767 3049; x_wconf 83' lang='lat' dir='ltr'><strong>baptismi</strong></span> <span class='ocrx_word' id='word_1_232' title='bbox 799 2971 937 3029; x_wconf 87' lang='lat' dir='ltr'><strong>virtutem</strong></span> <span class='ocrx_word' id='word_1_233' title='bbox 975 2975 1005 3026; x_wconf 87' lang='lat' dir='ltr'><strong>et</strong></span> 
     </span>
     <span class='ocr_line' id='line_1_34' title="bbox 74 3052 1005 3130; baseline -0.004 -19"><span class='ocrx_word' id='word_1_234' title='bbox 74 3052 176 3130; x_wconf 87' lang='lat' dir='ltr'><strong>fidem,</strong></span> <span class='ocrx_word' id='word_1_235' title='bbox 199 3052 280 3111; x_wconf 91' lang='lat' dir='ltr'><strong>unde</strong></span> <span class='ocrx_word' id='word_1_236' title='bbox 303 3052 522 3123; x_wconf 79' lang='lat' dir='ltr'><strong>cecideramus,</strong></span> <span class='ocrx_word' id='word_1_237' title='bbox 545 3055 740 3125; x_wconf 86' lang='lat' dir='ltr'><strong>revertimur,</strong></span> <span class='ocrx_word' id='word_1_238' title='bbox 763 3052 853 3112; x_wconf 81' lang='lat' dir='ltr'><strong>etad</strong></span> <span class='ocrx_word' id='word_1_239' title='bbox 877 3052 1005 3129; x_wconf 90' lang='lat' dir='ltr'><strong>promis-</strong></span> 
     </span>
     <span class='ocr_line' id='line_1_35' title="bbox 75 3134 1005 3215; baseline -0.005 -21"><span class='ocrx_word' id='word_1_240' title='bbox 75 3137 194 3195; x_wconf 89' lang='lat' dir='ltr'><strong>sionem</strong></span> <span class='ocrx_word' id='word_1_241' title='bbox 220 3142 293 3194; x_wconf 89' lang='lat' dir='ltr'><strong>tunc</strong></span> <span class='ocrx_word' id='word_1_242' title='bbox 321 3134 431 3194; x_wconf 85' lang='lat' dir='ltr'><strong>factam</strong></span> <span class='ocrx_word' id='word_1_243' title='bbox 461 3136 609 3210; x_wconf 84' lang='lat' dir='ltr'><strong>redimus,</strong></span> <span class='ocrx_word' id='word_1_244' title='bbox 640 3155 730 3215; x_wconf 90' lang='lat' dir='ltr'><strong>quam</strong></span> <span class='ocrx_word' id='word_1_245' title='bbox 762 3155 815 3215; x_wconf 89' lang='lat' dir='ltr'><strong>per</strong></span> <span class='ocrx_word' id='word_1_246' title='bbox 843 3141 1005 3213; x_wconf 81' lang='lat' dir='ltr'><strong>peccat-um</strong></span> 
     </span>
    </p>
   </div>
   <div class='ocr_carea' id='block_1_3' title="bbox 76 3216 1103 3797">
    <p class='ocr_par' dir='ltr' id='par_1_5' title="bbox 76 3216 1103 3797">
     <span class='ocr_line' id='line_1_36' title="bbox 76 3216 1005 3298; baseline -0.005 -22"><span class='ocrx_word' id='word_1_247' title='bbox 76 3217 319 3277; x_wconf 82' lang='lat' dir='ltr'><strong>deserueramus.</strong></span> <span class='ocrx_word' id='word_1_248' title='bbox 363 3217 490 3298; x_wconf 86' lang='lat' dir='ltr'><strong>Semper</strong></span> <span class='ocrx_word' id='word_1_249' title='bbox 512 3220 592 3278; x_wconf 92' lang='lat' dir='ltr'><strong>enim</strong></span> <span class='ocrx_word' id='word_1_250' title='bbox 616 3226 720 3278; x_wconf 89' lang='lat' dir='ltr'><strong>manet</strong></span> <span class='ocrx_word' id='word_1_251' title='bbox 741 3220 853 3277; x_wconf 85' lang='lat' dir='ltr'><strong>veritas</strong></span> <span class='ocrx_word' id='word_1_252' title='bbox 878 3216 1005 3294; x_wconf 89' lang='lat' dir='ltr'><strong>promie-</strong></span> 
     </span>
     <span class='ocr_line' id='line_1_37' title="bbox 76 3299 1005 3379; baseline -0.006 -20"><span class='ocrx_word' id='word_1_253' title='bbox 76 3302 169 3360; x_wconf 86' lang='lat' dir='ltr'><strong>sionis</strong></span> <span class='ocrx_word' id='word_1_254' title='bbox 194 3299 289 3360; x_wconf 80' lang='lat' dir='ltr'><strong>semei</strong></span> <span class='ocrx_word' id='word_1_255' title='bbox 313 3301 426 3379; x_wconf 79' lang='lat' dir='ltr'><strong>sectae,</strong></span> <span class='ocrx_word' id='word_1_256' title='bbox 462 3320 519 3360; x_wconf 88' lang='lat' dir='ltr'><strong>nos</strong></span> <span class='ocrx_word' id='word_1_257' title='bbox 549 3309 673 3361; x_wconf 83' lang='lat' dir='ltr'><strong>extenta</strong></span> <span class='ocrx_word' id='word_1_258' title='bbox 704 3320 796 3360; x_wconf 86' lang='lat' dir='ltr'><strong>manu</strong></span> <span class='ocrx_word' id='word_1_259' title='bbox 825 3306 1005 3375; x_wconf 87' lang='lat' dir='ltr'><strong>susceptura</strong></span> 
     </span>
     <span class='ocr_line' id='line_1_38' title="bbox 76 3380 1005 3461; baseline -0.006 -20"><span class='ocrx_word' id='word_1_260' title='bbox 76 3403 224 3443; x_wconf 87' lang='lat' dir='ltr'><strong>reversos.</strong></span> <span class='ocrx_word' id='word_1_261' title='bbox 270 3383 373 3461; x_wconf 88' lang='lat' dir='ltr'><strong>Atque</strong></span> <span class='ocrx_word' id='word_1_262' title='bbox 399 3384 446 3460; x_wconf 91' lang='lat' dir='ltr'><strong>id,</strong></span> <span class='ocrx_word' id='word_1_263' title='bbox 477 3386 506 3443; x_wconf 91' lang='lat' dir='ltr'><strong>ni</strong></span> <span class='ocrx_word' id='word_1_264' title='bbox 528 3384 632 3460; x_wconf 79' lang='lat' dir='ltr'><strong>fallor,</strong></span> <span class='ocrx_word' id='word_1_265' title='bbox 656 3385 777 3459; x_wconf 87' lang='lat' dir='ltr'><strong>volunt,</strong></span> <span class='ocrx_word' id='word_1_266' title='bbox 802 3384 851 3460; x_wconf 90' lang='lat' dir='ltr'><strong>qui</strong></span> <span class='ocrx_word' id='word_1_267' title='bbox 875 3380 1005 3440; x_wconf 87' lang='lat' dir='ltr'><strong>obscure</strong></span> 
     </span>
     <span class='ocr_line' id='line_1_39' title="bbox 76 3464 1005 3546; baseline -0.008 -21"><span class='ocrx_word' id='word_1_268' title='bbox 76 3466 195 3542; x_wconf 79' lang='lat' dir='ltr'><strong>dieunt,</strong></span> <span class='ocrx_word' id='word_1_269' title='bbox 233 3465 418 3545; x_wconf 87' lang='lat' dir='ltr'><strong>baptismum</strong></span> <span class='ocrx_word' id='word_1_270' title='bbox 455 3486 523 3527; x_wconf 89' lang='lat' dir='ltr'><strong>esse</strong></span> <span class='ocrx_word' id='word_1_271' title='bbox 551 3468 681 3546; x_wconf 91' lang='lat' dir='ltr'><strong>primum</strong></span> <span class='ocrx_word' id='word_1_272' title='bbox 715 3474 747 3526; x_wconf 91' lang='lat' dir='ltr'><strong>et</strong></span> <span class='ocrx_word' id='word_1_273' title='bbox 774 3464 1005 3524; x_wconf 80' lang='lat' dir='ltr'><strong>fundamentum</strong></span> 
     </span>
     <span class='ocr_line' id='line_1_40' title="bbox 77 3547 1009 3627; baseline -0.012 -17"><span class='ocrx_word' id='word_1_274' title='bbox 77 3551 212 3610; x_wconf 91' lang='lat' dir='ltr'><strong>omnium</strong></span> <span class='ocrx_word' id='word_1_275' title='bbox 247 3556 528 3625; x_wconf 83' lang='lat' dir='ltr'><strong>sacramentorum,</strong></span> <span class='ocrx_word' id='word_1_276' title='bbox 564 3552 629 3609; x_wconf 88' lang='lat' dir='ltr'><strong>sine</strong></span> <span class='ocrx_word' id='word_1_277' title='bbox 664 3568 726 3627; x_wconf 87' lang='lat' dir='ltr'><strong>quo</strong></span> <span class='ocrx_word' id='word_1_278' title='bbox 762 3547 876 3607; x_wconf 78' lang='lat' dir='ltr'><strong>nullum</strong></span> <span class='ocrx_word' id='word_1_279' title='bbox 916 3548 1009 3620; x_wconf 83' lang='lat' dir='ltr'><strong>queat</strong></span> 
     </span>
     <span class='ocr_line' id='line_1_41' title="bbox 77 3632 1103 3694; baseline -0.003 -3"><span class='ocrx_word' id='word_1_280' title='bbox 77 3632 204 3693; x_wconf 83' lang='lat' dir='ltr'><strong>eliorum</strong></span> <span class='ocrx_word' id='word_1_281' title='bbox 229 3632 371 3694; x_wconf 89' lang='lat' dir='ltr'><strong>obtineri.</strong></span> <span class='ocrx_word' id='word_1_282' title='bbox 1100 3632 1103 3639; x_wconf 89' lang='lat'>&#39;</span> 
     </span>
     <span class='ocr_line' id='line_1_42' title="bbox 161 3709 1007 3797; baseline -0.015 -21"><span class='ocrx_word' id='word_1_283' title='bbox 161 3716 295 3776; x_wconf 89' lang='lat' dir='ltr'><strong>Proinde</strong></span> <span class='ocrx_word' id='word_1_284' title='bbox 316 3735 378 3776; x_wconf 94' lang='lat' dir='ltr'><strong>non</strong></span> <span class='ocrx_word' id='word_1_285' title='bbox 391 3736 498 3797; x_wconf 83' lang='lat' dir='ltr'><strong>parum</strong></span> <span class='ocrx_word' id='word_1_286' title='bbox 512 3714 668 3796; x_wconf 76' lang='lat' dir='ltr'><strong>profuerit,</strong></span> <span class='ocrx_word' id='word_1_287' title='bbox 691 3716 716 3774; x_wconf 87' lang='lat' dir='ltr'><strong>si</strong></span> <span class='ocrx_word' id='word_1_288' title='bbox 729 3713 892 3794; x_wconf 86' lang='lat' dir='ltr'><strong>poenitens</strong></span> <span class='ocrx_word' id='word_1_289' title='bbox 908 3709 1007 3789; x_wconf 89' lang='lat' dir='ltr'><strong>primo</strong></span> 
     </span>
    </p>
   </div>
   <div class='ocr_carea' id='block_1_4' title="bbox 0 0 1182 4162">
    <p class='ocr_par' dir='ltr' id='par_1_6' title="bbox 0 0 1182 4162">
     <span class='ocr_line' id='line_1_43' title="bbox 0 0 1182 4162; baseline 0 0"><span class='ocrx_word' id='word_1_290' title='bbox 0 0 1182 4162; x_wconf 95' lang='lat' dir='ltr'><strong> </strong></span> 
     </span>
    </p>
   </div>
  </div>
 </body>
</html>
