2392 4170
399 244 434 302 D.
453 244 487 302 tt.
503 246 586 304 Lutlr.
604 245 791 305 Prasludlmri.
1005 241 1065 311 lOb

154 399 218 482 quod
237 400 373 463 nolimus
388 420 445 464 eos
467 422 535 464 esse
548 401 663 465 liberos
685 403 724 463 ad
739 402 926 485 lingendum,
949 402 1065 464 discen-

153 484 217 561 dnm,
237 484 439 547 asserendum
453 485 597 566 quidquid
621 486 669 548 vel
692 487 829 564 libuerit,
852 486 905 548 sed
928 496 1063 547 nostram

153 586 257 648 qunque
279 566 452 631 libertatem
474 572 656 646 asserimus,
679 590 717 631 ne
739 572 786 631 ius
807 569 864 631 sibi
887 571 961 650 ipsis
984 589 1064 630 arro·

153 656 210 731 geni
230 671 272 713 ex
296 651 536 733 cogitationibus
567 655 630 714 suis
657 654 803 715 articulos
831 654 904 715 fidei
925 652 1064 719 faciendi.

152 735 214 797 ricut
234 734 385 796 hactenus
409 744 691 820 praesumpserunt.
736 737 816 799 Setis
845 744 906 816 eet,
928 755 984 796 nos
1009 755 1064 817 pro

153 818 301 880 nncordia
323 836 430 880 eorum
453 820 560 880 ritibus
583 830 614 881 et
636 821 744 881 studiie
764 827 982 901 attemperare,
1010 822 1063 880 sed

153 902 206 980 rogi
226 907 371 981 tauquam
405 904 586 964 necessariis
616 903 823 981 adsalutem,
860 924 939 984 quae
962 921 1064 963 neces·

153 984 299 1045 adanon
323 989 409 1062 suut,
433 987 585 1047 nolumus.
627 987 788 1048 Dimittaut
809 988 866 1067 ipsi
896 987 1064 1066 tyrannidis

153 1084 210 1127 sate
229 1070 437 1147 exactionem,
460 1078 490 1130 et
513 1089 569 1130 uos
582 1070 794 1131 exhibebimus
819 1070 944 1131 liberum
959 1088 1063 1129 eorum

154 1153 236 1210 ausui
267 1149 466 1231 obsequium,
495 1161 527 1212 ut
557 1154 602 1213 sic
631 1154 660 1213 in
690 1173 766 1234 pace
794 1160 899 1213 mutue
931 1154 1062 1213 invicem

154 1251 271 1313 rqsrnus.
314 1235 418 1315 Turpe
441 1237 520 1297 enim
543 1246 591 1296 est
613 1241 643 1297 et
666 1238 808 1316 iniquiter
829 1236 955 1313 servile,
979 1236 1064 1296 Chri-

154 1315 265 1377 stianum
288 1316 455 1395 hominem,
477 1321 528 1398 qui
551 1319 627 1380 liber
649 1327 705 1398 est,
728 1320 794 1380 aliis
818 1339 908 1399 quern
926 1318 1065 1379 coelesti-

154 1394 197 1459 lus
213 1418 249 1459 ac
270 1399 382 1461 divinis
404 1400 575 1462 subiectum
597 1421 666 1463 esse
688 1402 912 1465 traditionibus.

219 1483 292 1544 Post
312 1483 374 1545 hoo
401 1485 635 1565 apprehendunt
663 1496 834 1546 extremum
863 1484 983 1548 roboris
1007 1485 1063 1559 sui,

155 1582 245 1647 nempe
265 1567 349 1647 quod
369 1566 506 1628 Christus
529 1570 559 1629 in
583 1587 682 1630 coena
710 1569 801 1630 dixit:
830 1568 899 1630 Hoc
919 1568 1010 1629 facite
1034 1570 1063 1627 in

155 1666 234 1709 uram
256 1653 593 1714 commemorationem.
638 1652 721 1712 Eone
741 1652 957 1731 hicinquiunt:
981 1649 1064 1711 Chri-

98 1736 100 1761 '
156 1736 205 1791 stus
223 1751 276 1793 eos
300 1733 455 1794 ordinavit
475 1735 505 1794 iu
529 1735 715 1797 sacerdotes.
760 1735 839 1794 Hinc
861 1736 939 1795 iuter
961 1742 1065 1803 cetera

154 1814 247 1876 etboc
274 1815 432 1895 dixerunt,
464 1817 538 1878 solis
568 1817 780 1879 sacerdotibus
809 1825 970 1897 utramque
997 1836 1064 1896 spe·

153 1895 213 1957 ciem
234 1918 304 1961 ease
326 1898 468 1962 dandam.
511 1901 653 1980 Denique
675 1901 796 1980 quidvis
813 1901 884 1960 hinc
906 1906 1062 1972 suxerunt,

154 1985 179 2039 rt
194 1982 239 2060 qui
271 1982 399 2043 liberum
428 1982 585 2045 arbitrium
612 1982 668 2044 sibi
698 1986 890 2064 arrogarint,
923 1981 1063 2043 everbis

153 2060 243 2125 (bristi
267 2065 394 2127 ubilibet
424 2066 513 2128 dictis
543 2065 702 2147 quodlibet
732 2086 880 2127 asserere.
930 2065 990 2127 Sed
1019 2075 1065 2125 est

153 2142 197 2207 loc
215 2147 307 2209 rerba
324 2149 381 2209 Dei
394 2149 608 2229 interpretari?
631 2150 806 2229 Responde,
829 2168 957 2228 quaeso,
980 2149 1063 2210 Chri-

151 2234 198 2289 slus
217 2231 266 2292 hic
298 2232 372 2292 nibil
395 2233 558 2312 promittit,
587 2231 642 2292 sed
664 2240 781 2293 tanturn
805 2234 969 2313 praecipit,
998 2231 1062 2292 iieri

150 2309 212 2373 'ctod
233 2315 263 2374 iu
287 2316 334 2375 sui
359 2317 548 2377 memoriam.
593 2315 725 2375 Ournon
749 2315 947 2395 concludunt,
970 2323 1000 2374 et
1022 2313 1062 2374 ibi

150 2411 209 2456 esre·
227 2398 388 2459 ordinatos
417 2399 615 2472 sacerdotes,
646 2397 696 2458 ubi
733 2399 896 2477 imponens
926 2398 1063 2459 odicium

151 2478 212 2542 serbi
235 2487 267 2542 et
290 2479 481 2561 baptismatis
501 2481 593 2542 dixit:
622 2480 667 2541 lte
693 2482 723 2541 iu
747 2481 852 2542 orbem
876 2482 1064 2559 universum,

147 2563 362 2644 elpraedioate
384 2565 577 2645 evangelium
602 2564 685 2624 onrni
708 2572 884 2640 creaturae,
907 2562 1062 2644 baptisan-

144 2650 178 2707 les
195 2665 253 2709 eoa
277 2648 307 2707 in
321 2648 445 2709 nomine
459 2656 528 2725 etc,
552 2666 621 2708 cum
635 2647 829 2707 sacerdotum
844 2649 884 2707 sit
906 2647 1062 2726 proprium

141 2729 311 2807 praedicare
333 2736 365 2791 et
386 2729 562 2810 baptisare?
583 2730 720 2807 Deinde,
751 2749 819 2790 cum
848 2729 941 2790 hodie
963 2748 1063 2789 secer·

140 2808 209 2873 dotis
232 2813 283 2872 vel
308 2815 484 2892 primarium
514 2832 592 2894 opus
614 2814 668 2889 sit,
696 2820 726 2874 et
751 2818 804 2887 (ut
825 2811 946 2885 dicunt)
972 2811 1063 2871 indis·

138 2895 290 2973 peusebile
314 2894 416 2976 legere
438 2897 529 2958 horas
552 2897 736 2974 canonicas,
758 2915 812 2956 cur
835 2915 897 2956 non
920 2894 960 2954 ibi
985 2894 1093 2954 ordi-'

136 2978 176 3037 nis
204 2987 434 3040 sacramentum
463 2984 689 3059 conceperunt,
720 2979 771 3039 ubi
807 2979 944 3041 Christus
975 2995 1064 3036 orare

137 3063 301 3142 praecepit,
324 3072 356 3121 ut
379 3063 445 3122 eliis
460 3062 539 3123 locis
553 3063 664 3135 multis,
687 3063 730 3121 ita
742 3063 908 3141 praecipue
921 3061 951 3119 in
964 3060 1054 3119 horto

136 3160 169 3203 re
188 3145 341 3205 iutrarent
357 3144 387 3204 in
401 3145 623 3206 tentationem?
645 3145 708 3205 Nisi
722 3145 772 3204 hic
790 3144 959 3220 elabantur,
982 3107 1064 3220 quod

135 3244 191 3287 non
214 3229 256 3287 eit
277 3236 477 3308 praeceptum
501 3248 600 3303 orare,
623 3227 828 3288 sufficitenim
851 3227 954 3305 legere
971 3225 1064 3284 boras

133 3310 311 3386 canonicas,
334 3317 368 3369 ut
390 3311 437 3371 sic
457 3310 653 3372 sacerdotale
674 3309 748 3370 illud
771 3328 850 3388 opus
874 3327 1025 3386 nusquam
1048 3327 1065 3366 e

132 3390 296 3473 seripturis
323 3392 487 3474 probetur,
516 3413 554 3454 ao
581 3414 636 3473 per
660 3394 722 3453 hoo
749 3391 828 3452 istud
857 3391 1061 3451 sacerdotium

131 3475 304 3537 orationale
328 3495 389 3536 nou
413 3478 453 3536 sit
474 3497 514 3539 ex
535 3477 614 3550 Deo,
636 3477 716 3537 sicut
737 3494 807 3535 rere
831 3494 891 3535 uon
915 3480 969 3535 est.

214 3556 291 3634 Quis
316 3579 390 3621 vero
413 3560 535 3620 Petrum
558 3560 751 3638 antiquorum
774 3558 914 3630 asseruit,
936 3556 982 3615 his
999 3576 1061 3615 ver·

130 3641 155 3701 is
178 3641 342 3702 ordinatos
365 3662 435 3703 esse
458 3642 658 3704 sacerdotes?
689 3641 776 3703 Unde
807 3659 882 3720 ergo
930 3640 989 3698 ista
1017 3640 1063 3696 in·

131 3723 303 3806 telligeutia
326 3725 431 3787 nova?
450 3726 586 3805 scilicet,
618 3723 700 3805 quod
722 3723 781 3787 hac
807 3729 872 3787 arte
894 3723 1063 3802 quaesitum
