2392 4170
439 275 521 332 Dect.
540 273 620 334 Mart.
638 270 719 331 Luth.
991 270 1054 340 337

131 440 211 500 inter
233 439 406 500 vovendum
435 438 558 500 solvunt
589 443 786 519 praeceptum
810 438 946 498 divinum
960 484 969 518 ‚
1000 455 1053 498 ne·

132 529 242 604 gantas
264 525 363 602 ipsum
385 541 453 582 esse
477 528 691 601 praeceptum,
723 522 879 599 secundo,
909 520 992 601 quod
1015 522 1053 580 si-

135 606 251 667 mulant
278 625 346 666 sese
369 624 483 665 vovere
512 604 594 665 aliud
605 623 727 685 ,quam
757 606 787 664 in
821 605 973 685 baptismo
1003 623 1054 666 vo·

135 696 243 749 vertuu
244 706 335 767 ,qua
356 688 512 768 hypocrisi
536 653 684 748 revdcant
705 696 757 747 aut
778 695 979 748 contemnunt
1000 706 1054 749 vo·

134 780 195 832 turn
221 735 382 852 bdptisrni‚
414 781 446 830 ιιι
474 770 557 850 qnod
586 791 692 850 parum
723 777 776 830 aut
798 770 872 831 nibil
901 772 955 850 sit,
984 770 1056 830 huic

134 863 208 915 voto
232 864 454 951 comparatum
497 853 540 915 At
568 854 628 914 hoc
660 860 708 913 εει
739 839 953 933 blasphemare
984 853 1055 933 bap·

135 940 267 1015 tismum,
292 940 343 1016 qui
365 946 411 997 est
433 938 538 998 omnia
560 938 590 997 in
625 936 766 997 omnibus
789 936 978 1001 Christianis
1023 937 1054 996 si

133 1041 208 1101 ergo
231 1027 336 1081 votnm
359 1039 420 1080 non
445 1019 535 1080 debet
558 1040 627 1080 esse
648 1021 792 1099 impium,
820 1020 1002 1100 sacrilegum
1026 1028 1056 1080 at

135 1103 346 1184 blasphemum
370 1122 473 1163 coram
497 1105 581 1182 Deo,
604 1110 728 1184 oportet
761 1110 793 1163 ut
819 1103 899 1163 banc
928 1122 1058 1183 pauper-

135 1195 228 1247 tatem
253 1205 313 1246 nou
337 1195 479 1249 voveant.
523 1186 628 1246 Altera
652 1194 699 1246 est
720 1187 905 1265 corporalis,
928 1206 964 1246 ea
987 1205 1057 1245 esse

135 1277 236 1350 potest
267 1270 397 1349 triplex,
427 1270 518 1328 liceat
552 1270 594 1329 ita
627 1271 735 1349 nugari
765 1288 832 1329 curn
867 1269 1055 1350 nugacibus:

136 1352 185 1412 vel
215 1352 297 1431 qu'od
332 1352 413 1412 nulla
443 1372 476 1410 re
509 1353 622 1431 utaris,
658 1371 737 1430 quae
773 1361 818 1413 est
846 1351 1056 1432 impossibilis,

137 1442 261 1516 oportet
294 1436 374 1495 enim
399 1436 479 1495 victu
509 1444 538 1494 et
561 1437 674 1495 amictu
698 1442 818 1496 utentes
852 1437 945 1495 vitam
977 1435 1057 1494 hano

135 1538 335 1597 conservare,
373 1518 419 1578 vel
448 1518 529 1597 quod
563 1517 662 1578 nullas
697 1537 746 1578 res
780 1517 973 1578 administres
1006 1525 1058 1577 aut

137 1621 243 1679 cures,
274 1602 352 1662 baec
379 1608 426 1661 εει
446 1602 625 1676 infantium,
649 1620 832 1681 puerorum,
856 1600 1057 1679 infirmorum,

136 1687 288 1745 fatuorum
326 1693 356 1745 ει
388 1684 545 1759 similium,
575 1685 626 1762 qui
648 1684 703 1743 sub
732 1685 804 1763 ingo
827 1692 878 1743 aut
900 1704 991 1744 manu
1016 1684 1059 1742 al-

137 1770 230 1829 terius
253 1774 345 1848 sunt;
375 1768 423 1826 vel
454 1767 536 1846 quod
570 1767 642 1826 nihil
667 1769 780 1846 proprii
803 1767 984 1846 possideas,
1007 1767 1058 1826 ad·

138 1853 290 1911 ministres
321 1859 421 1911 autem
447 1851 632 1910 communia.
677 1849 716 1909 lat
743 1849 798 1909 iras
843 1850 919 1911 duaa
954 1851 1058 1910 voveri

139 1952 265 1994 necesse
288 1941 351 2013 est,
378 1936 403 1993 si
427 1943 590 2014 paupertas
615 1939 743 1993 vovetur
764 1952 783 1992 a
807 1935 1001 2015 monasticis,
1029 1945 1059 1994 et

138 2018 317 2098 praesertim
348 2016 525 2091 secundam.
576 2018 716 2077 Ceterum
753 2023 916 2095 paupertas
951 2035 1063 2097 corpo⁴

137 2100 209 2160 ralis
232 2101 354 2179 proprie
379 2112 426 2160 εει
461 2102 588 2180 penuria
609 2101 639 2160 iu
664 2101 743 2159 victu
769 2109 798 2160 et
820 2101 952 2178 amictu,
980 2119 1059 2180 quae

137 2184 245 2242 alienis
280 2181 398 2260 indiget
426 2183 594 2258 subsidiis,
625 2202 687 2242 non
720 2191 830 2262 potans
862 2203 896 2243 εε
928 2185 1059 2264 propriis

139 2283 254 2325 iuvare.

222 2345 267 2405 Tu
290 2352 371 2404 nunc
399 2345 468 2405 vida
491 2346 607 2406 ludicra
638 2348 696 2408 ista
720 2348 863 2411 Satanae.
907 2350 1006 2410 Lucas
1029 2351 1059 2408 in

144 2426 275 2504 Actis*)
302 2427 628 2507 laudatapostolornrn
642 2429 765 2504 factum,
788 2432 870 2509 qnod
887 2434 1062 2492 eommunia

142 2513 303 2574 habuerint
333 2521 363 2571 et
397 2530 461 2590 ρει
473 2509 533 2571 hoc
554 2512 793 2591 abundaverint,
816 2532 878 2574 non
901 2515 1061 2595 appellans

142 2601 353 2692 paupertatem
385 2604 437 2654 aut
458 2612 628 2691 pauperes,
658 2596 719 2654 imo
745 2559 878 2678 (idquit)
913 2615 974 2658 uon
998 2603 1064 2657 erat

142 2681 302 2759 qnisquam
332 2696 426 2756 egens
457 2679 534 2737 iuter
565 2677 645 2738 illos.
688 2678 815 2737 Prorsus
848 2698 905 2738 nec
933 2686 980 2738 εει
1007 2697 1064 2738 nec

143 2761 202 2822 dici
225 2760 316 2822 debet
330 2769 506 2839 paupertas,
530 2759 579 2820 obi
595 2759 718 2820 sodales
740 2760 835 2839 aliqui
857 2780 913 2820 sua
935 2764 965 2821 in
982 2779 1071 2820 coms

144 2863 235 2905 mnne
252 2844 410 2904 conterunt
432 2853 462 2903 et
484 2844 522 2903 de
537 2845 691 2903 communi
715 2846 829 2918 vivunt,
854 2843 907 2903 sed
927 2846 1063 2904 omnium

143 2929 321 3024 plenissima
343 2927 540 2988 abnndantia.
584 2925 668 2986 Haec
691 2929 772 2988 enim
796 2937 861 2986 erat
883 2927 984 3008 gloria
1006 2929 1067 3025 pri-

144 3012 268 3071 mitivae
290 3009 449 3086 ecelesiae,
473 3011 623 3070 referente
644 3009 739 3089 Luca,
772 3010 853 3089 quod
885 3029 954 3070 oum
978 3011 1064 3091 spiri·

144 3094 216 3176 tnali
240 3102 271 3154 et
293 3094 472 3172 evangeliea
494 3099 675 3173 paupertate
698 3112 804 3153 omues
829 3093 997 3190 pollerent,
1019 3102 1065 3154 ta-

146 3172 215 3237 men
239 3177 459 3255 temporalibus
481 3175 687 3250 abundabant,
712 3195 769 3256 pro
793 3179 938 3256 cuiusque
961 3196 1066 3237 neces

144 3263 243 3322 sitate.
287 3259 399 3319 Postea
421 3279 495 3320 vero
519 3259 708 3338 consumptis
729 3259 906 3320 substantiis
930 3269 959 3321 et
980 3279 1066 3340 prae·

145 3344 267 3403 valente
294 3341 375 3401 fame
400 3352 568 3422 coeperunt
594 3361 689 3423 egere
715 3351 745 3402 et
775 3343 806 3402 in
837 3343 1067 3424 temporalibus,

146 3435 218 3487 tnnc
238 3434 269 3486 ει
290 3443 420 3505 corpore
443 3445 593 3507 pauperes
622 3425 693 3486 facti
714 3436 806 3504 sunt,
836 3427 879 3486 ita
902 3435 934 3486 ut
955 3427 1068 3487 Paulus

146 3517 176 3570 et
199 3508 353 3570 Barnabas
387 3508 499 3588 ubique
528 3528 583 3588 pro
607 3509 651 3568 eis
679 3509 860 3589 colligerent
882 3510 1067 3576 collationes

146 3592 292 3653 fidelium.
352 3593 391 3651 At
424 3592 503 3651 hano
533 3599 743 3672 paupertatem
781 3610 842 3652 non
876 3594 1071 3654 instituerunt

358 3716 567 3725 ——---—-

221 3773 253 3839 *)
274 3772 371 3828 Actor.
390 3775 416 3832 2.
435 3774 461 3828 4.
910 3812 912 3817 -

173 3873 264 3913 aaaron
275 3884 326 3923 opp.
344 3875 367 3917 r.
379 3875 410 3916 ι.
425 3875 454 3916 ar
466 3877 509 3920 rer.
520 3877 574 3921 ιιιι.
588 3879 603 3920 ι.
618 3889 643 3930 p.
659 3879 714 3929 vor,
728 3879 771 3923 ιι.
881 3848 929 3912 “22
