2392 4170
458 253 538 308 Doct.
557 252 636 309 Mart
655 249 734 308 Lutb.
990 249 1052 316 425

132 417 162 476 in
186 413 281 475 verbo
305 415 389 476 Penii
419 415 457 477 de
480 432 560 496 pane
583 415 772 495 Sacramenti
794 415 961 494 loquentis,
990 415 1052 475 imo

134 499 239 559 omnia
271 506 379 578 urgent
411 497 539 560 Paulum
577 498 615 559 de
649 517 729 578 pane
763 499 881 558 triticeo
914 497 1052 577 intelligi.

90 588 92 593 '
132 581 242 641 Adhuc
272 583 364 641 audet
392 591 515 642 truncus
545 578 602 641 iste
630 581 794 642 immobilis
825 579 1052 641 similitudinem

133 664 252 806 phrasis
274 664 324 723 hic
347 685 496 740 asserere,
520 684 610 745 quarn
633 663 733 725 nullus
757 666 854 725 morio
877 664 927 724 hic
949 670 1055 744 posset

156 767 276 890 ngebiid
300 837 401 891 tamen
427 850 482 911 pro
511 798 660 911 dignitate
681 829 870 891 Themistica
900 830 959 890 hoc
983 829 1056 890 facit
1089 810 1092 814 Δ

134 914 217 989 Rex,
247 933 375 992 quorum
400 922 460 994 est,
491 917 631 974 omittere
658 932 808 974 canonem
837 912 1055 993 intelligendae
1144 986 1146 991 Ι

135 996 310 1075 scripturae
335 999 403 1077 (qui
427 1004 482 1076 est,
508 998 770 1075 consequentiam,
795 997 1054 1057 circumstantiam

135 1088 163 1140 et
187 1081 384 1159 pugnantiam
410 1080 593 1154 observare)
623 1087 654 1139 et
676 1081 784 1155 quovis
806 1087 927 1158 arrepto
951 1088 981 1138 et
1003 1079 1054 1138 de-

134 1169 214 1223 torto
240 1162 333 1223 verbo
357 1163 486 1242 quodvis
500 1181 647 1223 asserere.
682 1162 784 1237 Quare
802 1160 944 1239 hicvide,
967 1179 1055 1241 rogo,

135 1245 241 1321 lector,
266 1246 336 1324 quid
361 1248 473 1306 sentire
490 1244 604 1305 debeas
621 1245 660 1304 de
677 1245 736 1305 boc
753 1245 956 1304 insulsissimo
972 1246 1055 1323 inep-

136 1330 316 1407 tissimcque
339 1328 442 1390 libello
467 1338 527 1389 tam
546 1328 658 1408 stupidi
677 1332 708 1389 at
724 1328 826 1388 stolidi
841 1328 944 1406 Regis,
967 1327 1054 1388 simul

136 1431 226 1489 quam
250 1411 322 1471 nihil
346 1412 458 1491 iudicii,
480 1411 553 1471 nihil
577 1411 812 1487 observationis,
836 1411 907 1470 nibil
931 1410 1056 1490 diligen·

136 1496 196 1553 tiae
218 1497 308 1554 sitin
333 1502 398 1556 toto
428 1513 557 1575 corpore
578 1495 783 1573 Thomistico,
812 1493 866 1554 sed
890 1494 993 1554 omnia
1016 1499 1056 1552 te-

136 1580 274 1638 meritate
302 1585 333 1638 et
354 1578 603 1658 praesumptione
637 1584 667 1639 et
696 1578 859 1638 oscitantia
887 1575 1056 1636 incredibili

136 1661 194 1720 dici
218 1670 249 1720 et
270 1662 334 1740 geri
357 1671 387 1720 et
409 1663 491 1742 fieri,
521 1667 553 1721 ut
575 1660 677 1720 taedio
700 1661 821 1741 possint
842 1678 973 1720 enecare
995 1666 1055 1717 tam

136 1745 267 1803 lectores
289 1763 379 1823 quam
403 1753 593 1823 spectatores
615 1762 697 1806 suos.

220 1825 285 1885 Stet
307 1845 380 1906 ergo
411 1845 496 1886 meus
518 1825 630 1886 Paulus
658 1825 805 1885 adversus
835 1823 1058 1886 transsubstan-

138 1915 262 1969 tiatores
285 1911 361 1970 istos
384 1909 484 1969 futiles
503 1910 635 1968 invictus
651 1917 681 1969 et
694 1909 766 1968 dicit
780 1911 832 1981 *iz
856 1909 945 1969 Panis
968 1926 1057 1987 quem

135 1993 313 2072 frangimus,
335 2000 365 2051 et
382 1992 495 2070 duplici
510 2011 603 2052 cornu
624 1992 694 2052 illos
712 1992 790 2066 ferit,
813 1993 953 2072 primurn,
976 1989 1058 2070 quod

137 2096 193 2135 sua
214 2096 350 2136 asserere
373 2077 455 2136 nulla
479 2076 598 2136 ratione
619 2095 719 2155 neque
736 2075 900 2137 autoritate
918 2080 1059 2154 possunt,

137 2157 257 2237 deinde,
281 2159 362 2238 quod
385 2159 501 2240 frigidis
519 2161 582 2217 suis
600 2159 804 2219 solutionibus
827 2156 908 2218 aliud
933 2176 994 2217 non
1017 2156 1031 2215 f
1052 2188 1059 2198 ·

138 2241 230 2311 ciunt,
254 2261 344 2318 quam
366 2242 448 2320 quod
469 2242 649 2322 principium
667 2243 862 2303 vitiosissime
885 2246 1000 2320 petunt,
1022 2257 1060 2298 ac

138 2341 305 2398 summum,
329 2323 410 2400 quod
434 2324 585 2402 efficiunt,
608 2332 668 2402 est,
692 2325 773 2404 quod
797 2326 896 2403 possit
917 2321 962 2383 sic
981 2341 1059 2398 esse,

139 2407 217 2465 sicut
238 2405 371 2485 lingunt,
403 2424 477 2465 cum⁴
495 2406 627 2485 probare
654 2405 814 2467 debuerint
841 2413 873 2467 et
893 2406 1005 2466 factum
1030 2412 1058 2466 et

140 2490 197 2562 ius,
220 2488 303 2568 quod
327 2490 369 2548 ita
393 2490 432 2548 sit
454 2499 484 2547 et
506 2496 648 2568 oporteat
669 2490 714 2548 sic
736 2509 814 2552 esse.
858 2489 956 2549 Nemo
979 2489 1058 2549 enim

139 2571 270 2651 dubitat,
302 2572 372 2649 quin
396 2572 479 2631 Deus
502 2573 600 2651 possit
625 2572 917 2632 transsubstantiare
939 2589 1060 2650 panem,

139 2654 193 2714 sed
218 2653 353 2732 quodid
377 2654 481 2727 iaciat,
504 2671 564 2714 non
588 2661 718 2734 possunt
740 2654 912 2715 ostendere.

221 2738 260 2797 Et
283 2739 375 2796 miror
397 2738 654 2816 sapientissimum
679 2737 760 2796 hunc
780 2737 985 2814 immistam,
1007 2754 1060 2795 cur

140 2839 200 2878 non
224 2831 253 2878 et
276 2820 447 2879 accidentia
475 2819 756 2896 transsubstantiet,
788 2839 856 2878 oum
881 2817 975 2878 verba
1002 2819 1060 2877 ista

140 2903 489 2962 transsubstantiationis
528 2904 614 2963 iuxta
648 2921 734 2962 snum
770 2901 926 2962 cerebrum
961 2900 1059 2961 solum

140 3005 250 3064 corpus
266 2985 375 3045 Christi
398 2993 526 3046 sonent:
550 2985 619 3045 Hoc
640 2994 688 3044 est
704 3003 817 3065 corpus
831 3003 940 3045 meum.
977 2984 1059 3062 Ergo

140 3068 212 3127 nihil
235 3068 275 3127 ibi
298 3071 355 3128 nisi
373 3087 484 3147 corpus
498 3069 608 3130 Christi
631 3068 697 3146 erit,
719 3074 796 3129 teste
814 3087 870 3127 suo
886 3064 1061 3142 Ambrosio,

139 3169 234 3227 quare
265 3170 323 3210 nec
352 3151 463 3212 albedo
490 3151 532 3211 ibi
562 3151 619 3210 erit
646 3169 714 3210 curn
742 3152 809 3210 aliis
839 3148 1060 3210 accidentibus.

142 3237 203 3292 Aut
224 3254 278 3294 cnr
299 3253 361 3294 nou
385 3235 520 3312 disserit,
545 3234 687 3312 quidnam
712 3233 826 3308 obstet,
850 3253 889 3293 ne
910 3233 999 3312 panis
1019 3232 1060 3292 ibi

141 3325 277 3396 maneat,
302 3316 458 3394 quomodo
481 3317 653 3377 accidentia
674 3316 817 3376 manent?
848 3315 934 3391 Quae
956 3333 1060 3375 nenes-

139 3401 213 3458 sitas
242 3398 439 3478 perimendae
467 3400 657 3460 substantiae
685 3406 716 3460 et
737 3399 958 3460 servandorum
982 3398 1060 3458 acci·

140 3481 298 3543 dentium?
336 3484 383 3542 An
413 3483 513 3543 solum
540 3483 595 3543 illa
621 3481 830 3544 Themisticn:
863 3481 995 3562 Oportet
1017 3481 1062 3540 sic

139 3565 230 3626 esse?

212 3749 243 3818 ·)
266 3750 290 3805 1.
309 3746 372 3804 cor.
390 3748 434 3806 10.
