2392 4170
28 3840 83 3926 Ι,

142 238 208 313 w
454 238 768 298 neroum

147 416 213 471 lu
233 406 378 488 padua,
397 406 468 485 quis
487 405 610 483 ignorat
630 412 794 484 tyrannam
813 402 903 463 illu
923 400 1068 463 donari-

146 488 932 554 aumetinlrinaeoaminmembrisnoatrianna
967 487 1068 565 magis

144 592 216 637 ua
235 574 266 634 ia
287 578 443 652 potants
463 580 586 645 nostra,
613 589 708 650 qnam
734 578 783 631 est
808 570 893 631 nala
924 568 1068 629 voluntas

143 653 1067 736 memitynnnflounblmduverbammumynmn

146 742 288 822 mitigare
301 741 474 820 poteselin
484 746 569 798 tuam
577 739 761 798 sententiam
777 737 910 815 trabere,
920 735 1067 797 buado

146 826 305 886 uriam
328 821 420 883 nullia
440 820 558 899 auidiis,
570 821 684 881 nedum
700 820 803 881 verbis
820 828 912 901 potas
928 819 1068 882 domare⁸

231 903 313 981 Quid
334 904 375 965 ad
394 903 524 966 Paulum
545 903 631 965 dines
650 904 742 968 Rom.
762 903 794 981 Ἰ,
824 922 888 964 non
915 912 982 964 arat
1001 905 1068 964 dns

146 990 291 1052 voluntas
310 989 405 1070 plena
434 996 466 1048 et
493 985 623 1068 ellim,
651 986 777 1066 quando
806 987 943 1047 disent:
974 985 1067 1061 Quod

148 1072 224 1135 volo
242 1071 371 1152 bonum,
391 1089 455 1131 non
476 1071 568 1147 lanio,
588 1070 672 1150 qnod
693 1071 769 1131 nolo
790 1072 921 1148 malum,
941 1069 1007 1140 hoa,
1025 1069 1068 1131 la

146 1153 1068 1317 fffflffgssbroatussoquffoglffifflffl

144 1321 397 1405 impedimentum
418 1340 480 1382 non
502 1283 636 1401 obsnio,
657 1339 717 1380 neo
744 1321 935 1400 impossibile
955 1321 1068 1402 none,

149 1405 234 1487 qnod
255 1406 348 1486 plena
379 1404 523 1466 voluntas
552 1403 759 1484 disposuerit?
790 1404 922 1479 ow)
956 1420 1068 1465 onnu-

147 1491 240 1571 pisoit
260 1489 408 1550 adversus
429 1488 585 1567 spiritum,
613 1496 644 1548 et
670 1489 795 1568 spiritns
822 1486 972 1548 adversus
1005 1506 1067 1549 nr

147 1592 231 1636 nem.
272 1571 358 1633 Haeo
378 1569 438 1631 sibi
458 1573 591 1631 inrioem
612 1570 829 1647 adversantur,
863 1578 897 1630 nt
923 1590 988 1632 non
1020 1590 1067 1649 sa,

145 1655 353 1800 mille
366 1653 1068 1815 {zlffltultlltlsslmlllffllll

148 1819 277 1885 ooolsbs
293 1840 386 1900 qnam
403 1823 539 1881 ooninnx
560 1822 680 1898 vivere,
700 1820 757 1881 sed
778 1821 970 1901 impossibile
1005 1839 1067 1882 aar·

148 1910 550 2061 tlrltllltlltil
565 1923 668 2067 loz?
687 1904 1071 2069 molal

149 2078 182 2134 st
203 2080 338 2152 &nono
359 2070 540 2132 indomabili
560 2069 735 2151 impeditus.
777 2070 889 2132 Nonne
916 2079 950 2131 et
979 2071 1068 2133 dero

149 2156 248 2217 tarius
269 2154 321 2214 ille
342 2152 373 2217 Β.
395 2152 501 2217 laoobi
525 2155 633 2215 morbo
655 2153 801 2215 laborans
822 2156 991 2216 intrinseco
1018 2156 1068 2216 im·

171 2237 524 2318 sdimsnloimpediturl
559 2238 601 2299 At
623 2245 738 2317 quanto
760 2246 808 2299 est
827 2238 1068 2301 furentiormor·

149 2259 207 2383 gua
228 2330 258 2382 sl
287 2323 411 2382 saevior
432 2330 579 2401 tyrannus
614 2321 837 2401 membrorum,
869 2341 963 2402 quam
992 2323 1068 2384 ullus

149 2404 274 2467 morbus
294 2404 483 2486 oorporalisl
506 2405 648 2485 Aooipiet
669 2412 700 2466 et
712 2405 762 2466 hio
774 2406 857 2466 Deus
868 2407 1069 2483 voluntatem,

150 2488 202 2550 rbi
224 2508 286 2550 non
308 2490 426 2549 invenit
448 2488 622 2549 facultatem
634 2536 644 2568 ‚
678 2488 749 2548 dum
778 2489 878 2550 adhue
899 2491 931 2550 in
954 2490 1068 2552 nullum

151 2575 216 2635 eius
238 2579 436 2653 praeceptum
459 2577 621 2652 pensatur,
650 2591 750 2652 neque
777 2574 939 2634 voluntate
970 2593 1069 2655 neque

149 2674 255 2737 opere,
276 2655 436 2717 voluntate
456 2663 558 2715 autem
581 2663 611 2716 et
632 2657 732 2736 ipsum
756 2664 860 2717 votnm
883 2658 963 2718 ultra
984 2677 1070 2739 prae·

149 2748 271 2819 septum
295 2740 451 2820 impletur,
473 2738 574 2799 solum
596 2758 675 2820 opus
697 2741 764 2800 eius
795 2749 958 2801 externum
985 2743 1068 2804 omit

152 2824 235 2901 titur,
258 2830 389 2902 cogente
410 2823 591 2902 impotentia
611 2822 819 2904 insuperabili.

232 2905 273 2966 At
293 2906 402 2966 iterum
434 2906 577 2968 obiicias:
611 2905 679 2967 Han
704 2909 824 2968 ratione
854 2908 935 2967 viam
967 2908 1070 2981 faties,

152 2999 184 3050 ut
207 2990 300 3051 lineat
321 2996 351 3049 et
373 2988 479 3049 divina
500 2989 644 3051 mandata
666 2998 793 3050 externo
816 3008 911 3072 opere
945 2991 1069 3067 violare,

151 3071 246 3134 modo
269 3071 414 3132 voluntas
436 3072 522 3134 nolit.
564 3070 662 3154 Igitur
683 3075 733 3153 qui
756 3074 863 3135 mallet
891 3082 995 3135 castus
1027 3075 1068 3135 ri·

150 3174 232 3238 vore,
253 3155 467 3231 excusabitur,
488 3157 514 3216 si
536 3165 700 3233 annitatur,
728 3176 797 3218 oum
831 3160 893 3218 siut
925 3158 1070 3221 mandata

151 3237 210 3300 Dei
233 3238 436 3320 impossibilia
457 3239 564 3318 nobis,
587 3248 618 3300 nt
640 3249 671 3301 tu
693 3242 760 3321 ipse
782 3240 915 3302 dosuisti
937 3243 1068 3323 saepius.

231 3321 433 3404 Respondes:
465 3322 532 3383 Huo
555 3323 690 3384 debebas
718 3324 997 3386 dissimilitudinem
1030 3325 1068 3386 al·

151 3403 242 3485 loris,
263 3423 357 3486 quam
379 3424 472 3487 supra
494 3406 669 3468 moliebaris
692 3408 771 3468 inter
791 3407 924 3470 Sanotos
945 3407 1068 3490 impedi·

149 3495 198 3549 toa
220 3496 252 3551 st
277 3488 428 3551 eoslibom
458 3490 720 3553 suooumbentem.
770 3489 954 3572 Quanquam
988 3493 1066 3554 enim

149 3590 254 3635 rerum
284 3580 346 3649 est,
379 3571 525 3635 mandata
545 3573 603 3635 Dei
634 3575 836 3656 impossibilia
867 3596 938 3638 esse
971 3576 1067 3653 nobis,

149 3663 251 3716 tamen
274 3655 334 3716 boo
357 3673 419 3716 uon
443 3664 490 3718 est
511 3675 627 3737 verum,
650 3659 730 3720 velle
751 3659 884 3740 aliquem
912 3668 998 3725 oasls
1030 3661 1068 3723 ri·

150 3765 366 3873 'Touo
384 3797 411 3856 s.
