2392 4170
442 255 575 321 ministris
592 255 736 319 molesios.
990 254 1055 329 499

135 420 257 505 popuii,
291 423 339 485 oui
361 421 558 504 praefiniendi
585 429 671 506 sunt,
703 441 803 503 nsque
824 423 971 504 requisito
993 443 1053 486 noo
1123 436 1126 442 '

135 506 278 586 obtento,
302 509 387 567 ouius
410 514 522 586 tamen,
545 526 614 567 oum
632 510 693 568 sint
714 506 846 587 populus
871 507 944 586 Dei,
968 526 1052 569 max·

134 591 195 651 ime
215 591 373 670 intererat,
401 596 434 652 ιιι
461 611 523 651 non
545 593 611 653 sine
632 590 784 671 suffragiis
807 591 869 651 suis
892 591 1053 670 quisquam

136 675 181 734 eis
202 670 430 755 imponeretur,
452 675 507 735 sed
529 693 619 753 qnam
642 675 701 754 ipsi
723 682 850 735 nossent
873 683 903 735 et
924 675 1054 754 probas·

135 764 204 817 sent
231 756 397 836 idoneum,
427 757 601 838 Episcopus
634 755 817 819 confirmare
848 756 969 820 debent.
1013 759 1055 819 At

134 858 217 900 nuno
237 840 269 899 in
290 841 443 905 inuentum
465 841 528 900 iere
551 841 745 919 ordinantur,
779 841 951 920 quicunque
974 841 1054 905 ordi·

135 931 263 1002 uantur,
294 930 327 983 ut
348 924 447 985 nullus
469 925 564 989 ferme
586 927 678 1003 sciat,
711 942 839 1003 quorum
868 927 906 986 sit
937 926 1052 985 futurus

135 1005 289 1072 saoerdos.
332 1007 472 1086 Denique
501 1009 598 1068 maior
623 1026 694 1087 pars
717 1006 817 1067 solum
840 1006 879 1068 ad
903 1005 1055 1070 benefioia

139 1098 190 1167 (ιιι
212 1090 344 1172 vooaut)
374 1092 547 1169 ordinatur,
580 1091 664 1150 solas
702 1091 810 1151 missas
844 1089 1054 1172 sacrificaturi,

135 1179 252 1239 tantum
276 1173 374 1254 abest,
397 1179 429 1234 ut
447 1173 579 1254 populus
601 1180 725 1251 nosoat,
748 1192 825 1253 qnos
848 1172 905 1233 sibi
926 1173 1053 1254 Episoo·

135 1275 193 1337 pus
215 1261 320 1336 ungat.
362 1257 506 1335 Donabo,
527 1257 667 1336 inquam,
698 1256 758 1317 boo
779 1257 946 1337 pessimum
968 1276 1052 1318 mon-

135 1346 230 1401 strum
252 1339 408 1401 ordinibus
431 1341 588 1421 papistiois
612 1341 759 1419 usquein
782 1359 869 1400 sunm
893 1347 1022 1420 ternpus.

217 1422 286 1483 Hoo
308 1424 417 1483 merito
440 1424 605 1484 exhorrere
628 1423 729 1501 debet,
751 1424 887 1502 quisquis
900 1422 1052 1487 Christum

135 1512 229 1586 amat,
251 1513 281 1567 et
302 1505 423 1585 quidvis
444 1507 547 1586 potius
577 1508 641 1587 pati
664 1526 754 1586 quam
784 1508 916 1579 ordinari
943 1525 1054 1568 sesso

135 1588 288 1668 Papistis„
317 1587 400 1668 qnod
432 1590 537 1649 omnia
561 1591 680 1650 inistis
703 1589 858 1651 ordinibus
881 1608 1001 1651 summo
1023 1597 1055 1652 et

134 1672 317 1750 impiissime
336 1673 534 1752 perversitate
545 1679 693 1753 geruntur
713 1678 744 1734 et
765 1682 904 1755 aguntur,
928 1679 971 1749 ut,
994 1674 1052 1735 nisi

134 1755 284 1815 oaeoitote
305 1763 336 1817 et
357 1756 493 1816 amentia
515 1757 652 1836 persuasi
677 1764 796 1837 essent,
818 1757 992 1819 viderentur
1015 1756 1054 1819 de

133 1837 284 1897 industria
303 1834 405 1901 Deum
426 1837 458 1898 iu
479 1838 588 1899 faeiem
609 1838 735 1900 irridere
757 1839 846 1903 veile.
881 1839 960 1900 Nam
983 1859 1052 1903 oum

133 1921 193 1981 ista
213 1920 365 1983 ordinatio
387 1924 553 1984 autoritate
570 1921 803 2003 seripturarum,
824 1922 937 1983 deinde
950 1941 1053 1985 exem·
1147 1916 1152 1931 ’

134 2004 186 2085 plo
209 2013 240 2066 et
261 2005 392 2069 deoretis
412 2006 624 2085 apostolorum
647 2007 678 2065 in
700 2005 761 2066 hoo
782 2006 822 2066 sit
843 2000 996 2086 instituta,
1021 2010 1054 2067 ut

134 2089 288 2157 ministros
311 2089 395 2153 verbi
416 2091 448 2150 in
468 2089 585 2171 populo
602 2088 827 2170 institueret1),
853 2089 1052 2153 ministerium

134 2171 299 2252 publioum,
320 2175 456 2252 inquam,
477 2173 572 2256 verbi,
596 2191 658 2253 quo
680 2172 895 2254 dispensantur
909 2174 1054 2254 mysterio

134 2253 209 2335 Dei,
240 2272 296 2334 per
324 2273 444 2317 saonam
466 2255 690 2318 ordinationem
719 2258 833 2319 institui
855 2256 964 2336 debet,
995 2275 1052 2317 oen

135 2355 193 2415 res,
215 2354 295 2418 quae
316 2339 452 2400 omnium
474 2339 505 2399 in
527 2341 660 2401 eooiesia
682 2344 714 2401 et
733 2358 854 2403 summa
867 2348 899 2401 et
917 2341 1053 2403 maxima
1160 2348 1164 2355 '

135 2426 195 2493 est,
229 2422 261 2481 iu
295 2437 356 2499 qua
385 2427 453 2481 tota
476 2422 522 2481 vis
548 2421 750 2485 eoolesiastioi
777 2430 874 2484 status
902 2424 1053 2503 consistit,

135 2523 204 2565 onm
239 2504 306 2566 sine
337 2504 431 2565 verbo
461 2504 535 2564 nibil
568 2512 689 2566 oonstet
716 2506 746 2565 in
773 2506 909 2577 ecelesia
937 2516 968 2567 ot
999 2525 1054 2586 per

133 2590 234 2651 solum
256 2585 381 2649 verbum
404 2589 508 2649 omnia
529 2595 680 2652 constent.
708 2586 853 2669 Papistae
867 2596 969 2651 antem
994 2589 1053 2651 mai

134 2672 174 2734 de
194 2671 255 2733 hoo
276 2671 444 2733 ministerio
472 2689 512 2731 ne
541 2672 698 2733 somniant
724 2674 847 2753 quidem
868 2673 899 2732 in
922 2675 984 2734 suis
1006 2690 1053 2734 or·

134 2756 263 2818 dinibus.
307 2753 388 2830 Quid
409 2760 512 2817 autem
533 2754 667 2816 iaoiunt?

215 2839 347 2908 Primum
389 2841 540 2901 sassinate
573 2840 711 2921 peronssi
743 2857 853 2901 omnes
887 2837 980 2901 simul
1013 2857 1053 2900 ne

134 2929 247 2987 norunt
267 2921 404 3001 quidem,
438 2922 509 3004 quid
538 2923 578 2983 sit
609 2920 736 2984 verbum
769 2932 822 2984 aut
849 2923 1054 2985 ministerium

134 3004 232 3084 verbi,
265 3007 446 3086 praesertim
468 3005 616 3088 Episoopi
639 3006 699 3088 ipsi
722 3007 925 3071 ordinatores.
969 3004 1052 3081 Quo·

134 3087 227 3150 modo
250 3108 325 3170 ergo
347 3086 412 3150 fieri
433 3098 555 3171 posset,
587 3099 619 3150 ιιι
641 3092 796 3151 ministros
818 3091 902 3151 vorbi
925 3090 984 3170 ipsi
1007 3090 1051 3149 in-

132 3172 292 3235 stituerent
312 3173 375 3234 suis
398 3171 576 3234 ordinibus?
608 3174 729 3235 Deinde
752 3174 822 3235 loeo
845 3175 1054 3236 ministrorum

133 3255 216 3315 verbi
250 3257 393 3317 ordinant
418 3253 625 3337 saoriflonios,
656 3259 707 3336 qui
734 3256 844 3317 Missas
879 3255 1055 3317 sacrificent

133 3350 164 3398 et
186 3341 397 3400 confessiones
420 3340 555 3401 audiant.
588 3340 656 3402 Hoo
678 3342 758 3401 enim
781 3340 846 3401 vult
868 3341 1053 3421 Episcopus,

133 3420 208 3484 dum
230 3422 357 3483 oalioem
381 3423 433 3483 dat
460 3425 490 3484 in
520 3443 644 3485 manum
674 3431 706 3485 et
728 3423 847 3485 confert
867 3431 1055 3505 potestatem

133 3504 215 3567 illam
239 3504 439 3569 consecrandi
462 3514 494 3568 et
515 3506 707 3570 saorifioandi
736 3525 793 3588 pro
821 3509 900 3570 vivis
922 3514 954 3570 ot
976 3525 1054 3567 mor·

132 3590 206 3670 tuis,
249 3609 362 3671 nempe
391 3595 577 3673 potestatem
613 3591 713 3670 iliam,
756 3608 849 3672 quam
886 3591 1055 3672 gloriantur

135 3720 556 3737 -vup—-n—-n-——n—-t-n—-n—n-

113 3847 117 3855 Ι
186 3773 218 3845 1)
238 3773 269 3829 iu
288 3772 332 3831 ed.
352 3773 423 3832 Ioum
441 3773 577 3831 instituat.
777 3842 842 3915 32*
