2392 4170
428 272 512 341 Missa
529 220 639 354 privata
656 280 691 342 D.
710 272 745 342 lt
763 271 794 341 L.
1012 232 1074 352 llll)

153 449 329 515 libidinetur
350 455 435 534 Papa
469 475 536 515 oum
560 458 631 521 suis.
675 456 799 537 speeies
823 458 888 516 eius
919 462 981 534 est,
1004 456 1075 516 dum

152 537 235 614 dicit,
258 539 433 617 parentibus
456 559 525 599 esse
549 540 763 620 obediendum,
787 541 841 601 sed
863 558 911 599 res
934 541 998 600 eius
1021 553 1077 617 est,

152 621 331 701 parentibus
354 641 417 682 non
441 641 509 683 esse
532 623 752 700 obediendum,
775 624 846 682 dum
871 622 1076 682 obedientiam

153 705 255 782 Papae
283 712 314 764 et
346 706 506 765 Romanae
535 707 686 766 eeclesiae
719 706 873 765 adversari
904 713 935 765 et
969 706 1076 765 extolli

152 788 234 864 facit,
257 806 319 848 non
334 788 433 848 solum
446 807 539 868 super
552 798 722 870 parentum,
745 788 800 849 sed
814 794 846 849 et
857 807 948 866 super
968 807 1076 867 regum

153 879 185 930 et
211 872 396 951 principum,
426 873 488 931 imo
512 888 602 951 super
625 872 680 932 Dei
710 872 925 933 obedientiam.
977 869 1075 946 Quam

152 972 282 1030 secure,
306 972 396 1033 quarn
419 954 613 1033 impudenter
635 956 751 1031 docet,
783 963 912 1034 quantas
935 954 1076 1014 aureolas

152 1037 183 1095 in
207 1037 296 1097 eoelo
319 1038 477 1118 promittit,
500 1039 524 1097 si
547 1039 614 1116 quis
638 1040 800 1100 autoritate
822 1039 951 1098 Romani
975 1037 1075 1097 Ponti·

129 1117 219 1179 oliois
241 1122 331 1180 etiam
355 1130 498 1200 parentes
521 1121 676 1199 ooeiderit,
700 1128 732 1181 ut
752 1122 956 1182 obedientiam
979 1127 1011 1180 et
1031 1139 1075 1180 re·

152 1205 318 1264 verentiam
342 1213 471 1266 taceam.
503 1203 616 1266 Nonne
633 1205 829 1284 Imperatoris
843 1205 967 1264 Henrioi
988 1200 1032 1263 IV
1043 1202 1073 1284 ¹)

152 1284 248 1347 filiurn
271 1288 331 1348 hoo
352 1287 510 1366 prineipio·
524 1286 594 1347 lidei
617 1287 721 1348 doouit
744 1296 775 1347 et
806 1289 939 1348 armavit
970 1288 999 1345 in
1022 1305 1076 1366 pa-

153 1370 254 1430 trem?
284 1370 383 1431 donee
406 1378 436 1429 et
457 1371 585 1449 imperio
607 1377 638 1431 et
661 1373 723 1431 vita
744 1377 861 1450 patrem
884 1371 963 1429 filius
985 1369 1076 1448 apoli-

152 1459 229 1530 aret,
257 1453 549 1532 ignominiosissime
572 1452 720 1514 obediens
742 1454 794 1514 ille
816 1453 895 1513 lilius
918 1453 1077 1514 Romanae

155 1536 306 1596 eeclesiae
329 1544 359 1597 et
376 1537 570 1596 sanctissimo
589 1536 711 1598 Vieerio
731 1537 798 1598 Dei.
833 1535 961 1612 Quoties
974 1543 1075 1595 autem

152 1620 285 1698 populos
306 1619 411 1679 doonil
432 1639 451 1678 a
473 1621 536 1679 suis
558 1620 681 1699 regibus
704 1619 893 1696 desoiseem,
915 1619 1075 1697 rebellare,

153 1710 183 1762 et
204 1703 277 1762 nibil
302 1705 399 1762 minus
421 1702 532 1779 faeere,
555 1721 646 1781 quarn
671 1703 817 1762 obedire?
1112 1705 1115 1711 '

234 1787 401 1865 Receptum
424 1787 527 1863 itaque
555 1791 602 1846 est
622 1786 683 1846 boo
709 1787 889 1866 principium
912 1785 994 1862 fidei,
1017 1784 1073 1843 Pa·

151 1869 328 1929 risiensibus
352 1869 508 1948 prinoipiis
530 1887 621 1947 quam
639 1869 835 1949 simillimum,
858 1877 891 1929 ut
912 1869 937 1928 is
952 1886 1073 1927 summo

152 1954 261 2012 merito
289 1955 356 2032 pius
385 1953 440 2027 sit,
464 1953 515 2031 qui
535 1949 712 2032 parentibus
743 1954 805 2019 suis
834 1950 1015 2012 inobediens
1045 1962 1077 2011 et

153 2035 333 2095 adversatus
355 2036 444 2094 fuerit
465 2038 628 2096 autoritate
650 2037 782 2096 Romani
800 2033 967 2096 Pontifieis.
996 2031 1076 2108 Quia

154 2116 287 2201 (inquil)
319 2114 481 2198 spiritualis
503 2128 591 2198 pater
619 2124 649 2180 et
676 2127 773 2181 mater
795 2121 894 2201 maior
916 2124 963 2178 est
984 2135 1075 2195 quam

152 2201 305 2279 earnalis,
336 2220 403 2261 oum
439 2201 617 2263 maledictus
645 2202 697 2262 ille
732 2209 763 2263 et
791 2200 1015 2263 abominandus
1042 2201 1073 2260 in

151 2286 211 2347 boo
232 2285 395 2365 spiritualis
418 2304 486 2344 esse
509 2292 595 2364 pater
630 2287 773 2362 deberet,
794 2293 825 2346 ut
849 2288 975 2346 dooeret
994 2283 1074 2344 filios

149 2368 275 2430 obedire
299 2367 494 2449 parentibus,
519 2375 549 2428 et
573 2387 666 2429 nosse
689 2368 835 2428 mandata
853 2370 919 2448 Dei,
942 2369 998 2428 nisi
1022 2367 1072 2427 ubi

147 2460 291 2533 parentes
314 2452 460 2512 adversus
483 2452 578 2511 Deum
613 2450 725 2531 aliquid
754 2452 942 2512 mandarent.
986 2450 1075 2510 Nune

148 2544 251 2596 autem
274 2535 332 2595 soli
355 2554 430 2595 suae
458 2534 574 2594 libidini
608 2543 638 2594 at
664 2535 890 2596 abominandae
920 2533 1072 2593 voluntati

150 2619 262 2680 oedere
284 2618 375 2679 dooet
397 2617 604 2678 obedientiam
631 2624 800 2696 parentum.
835 2617 920 2677 Haeo
932 2622 1074 2695 portenta

149 2703 278 2763 audiunt
302 2701 461 2781 lupanaria
489 2700 543 2761 illa
576 2699 774 2780 Sobolarum,
804 2707 834 2760 et
861 2699 969 2760 sedent
996 2700 1075 2759 sieut

147 2795 251 2846 soorta
298 2786 565 2865 prostitutissimae
616 2783 770 2861 libidinis,
804 2791 834 2844 et
871 2784 918 2842 sui
955 2781 1073 2841 lenonis

149 2869 242 2929 verba
268 2887 336 2928 eum
361 2867 473 2927 devota
495 2867 671 2928 obedientia
693 2874 724 2927 et
746 2868 918 2927 reverentia
939 2863 1074 2943 amplee·

150 2960 255 3013 tunlur
277 2959 307 3011 et
329 2957 506 3030 sequuntur,
529 2952 608 3010 sieut
635 2951 814 3011 obedientes
837 2949 888 3010 lilii
912 2948 1072 3027 ecelesiae,

147 3038 314 3113 sinuntque
345 3035 430 3095 illu-m
460 3033 586 3094 fulmine
612 3034 664 3094 illo
687 3052 743 3093 suo
771 3035 855 3113 pioto
886 3041 916 3093 et
944 3030 1072 3107 ludiero,

149 3117 368 3199 quotieslibet,
390 3136 531 3197 rumpere
549 3116 754 3178 obedientiam
768 3123 937 3197 parentum,
959 3132 1075 3194 regum,

150 3203 333 3282 prinoipum,
352 3207 456 3280 pasta,
471 3200 605 3280 foedera,
629 3209 659 3261 et
672 3202 776 3260 omnia
789 3208 850 3260 tam
867 3200 970 3259 divina
983 3216 1074 3277 quam

151 3285 297 3363 humana,
320 3286 367 3344 oui
391 3284 526 3363 oportuit
553 3302 802 3363 unumquemque
832 3289 969 3343 nostrum
992 3281 1074 3341 mille

147 3371 284 3429 eervioes
299 3367 465 3445 obiectare,
488 3368 512 3425 si
529 3366 664 3445 haberet,
689 3366 761 3426 dum
776 3366 915 3426 videmus
932 3367 1073 3425 miserum

147 3451 271 3533 vulgum
301 3452 380 3510 illius
409 3448 586 3510 lutilissimis
620 3450 714 3510 Bullis
737 3451 873 3510 territum
903 3448 976 3509 nibil
1011 3465 1074 3507 non

146 3535 249 3596 faeere
273 3542 302 3594 et
324 3535 474 3609 omittere,
497 3533 579 3611 quod
602 3533 654 3594 ille
675 3532 883 3595 exseorandus
907 3551 962 3613 per
984 3531 1073 3594 Sata·

147 3637 218 3679 nam
242 3620 378 3698 <rogitare
400 3622 513 3696 polest.

222 3801 251 3870 l)
274 3801 303 3854 ln
321 3800 365 3856 ad.
386 3801 471 3872 arip:
491 3796 598 3854 Hinrioi
619 3796 665 3855 IV.
798 3867 864 3941 13*
