2392 4170
179 238 244 303 320
411 243 566 310 Resppnno
584 241 619 295 D.
631 241 670 301 l
687 241 716 295 L.
736 240 771 293 sd
789 240 892 295 librum

181 404 296 474 negant
307 393 473 455 Dominum
495 393 739 471 essechristum,
760 412 801 454 ex
811 412 874 472 quo
895 392 986 455 nobis
996 393 1106 453 usses

181 477 333 558 quendam
358 477 508 552 lecerunt,
536 496 606 538 oum
627 477 679 537 ille
700 477 769 539 luso
790 479 940 557 sangnine
961 495 1020 537 sno
1041 495 1105 535 non

181 561 213 621 iu
233 560 294 620 hoo
316 568 467 620 mercatus
489 562 544 638 sit,
579 570 612 621 ut
632 560 734 619 solum
755 558 868 621 doceat
895 560 973 621 bene
992 561 1106 636 vivere,

181 643 235 704 sed
247 645 313 722 ipse
322 644 406 703 vivat
418 651 564 723 etregnet
574 645 604 702 in
613 643 713 722 nobis,
727 644 827 722 sitque
838 643 988 704 Dominus
1001 649 1108 703 nosoer

182 745 314 806 operans
336 727 368 785 in
390 726 479 787 nobis
502 727 605 786 omnia
627 744 723 806 opera
743 738 864 803 nostra,
890 726 974 806 quod
995 724 1030 785 lit
1052 744 1107 804 per

180 809 279 871 solam
301 807 393 868 fidem
415 811 445 869 in
467 828 547 869 eum.
588 810 702 888 Atqui
725 829 806 869 nuno
827 810 1029 890 Evangelium
1052 826 1108 889 op·

181 895 255 955 time
276 891 399 971 docent,
421 892 598 972 Magistrum
621 911 677 951 seu
689 893 858 952 ministrum
871 901 1008 954 nostrum
1022 891 1108 953 obri

181 984 261 1036 stum
283 975 414 1057 faciunt,
441 977 493 1054 qui
520 976 593 1037 foris
623 994 751 1034 manens
778 976 891 1037 doceat
911 975 1010 1052 bona,
1043 992 1106 1035 uos

183 1061 263 1118 intus
287 1057 458 1118 dominetur
481 1077 613 1139 operans
636 1058 726 1120 bona.

265 1141 327 1201 Sed
348 1142 436 1221 bene,
457 1141 541 1220 quod
563 1141 695 1201 ualerem
717 1160 810 1220 super
830 1140 1020 1200 seiuduoeut
1040 1158 1107 1220 per-

183 1225 339 1302 ditionem,
361 1227 432 1303 quia
454 1224 711 1285 abbreviabuntur
732 1225 797 1284 dies
818 1224 878 1301 illi,
905 1224 1020 1303 alioqui
1042 1241 1107 1283 uon

182 1308 270 1368 lieret
291 1308 378 1369 salva
399 1311 498 1369 omnis
521 1326 603 1367 earo.
645 1308 679 1366 ld
702 1308 785 1386 quod
807 1327 890 1366 nouo
910 1309 975 1367 tore
996 1325 1108 1386 props-

183 1391 264 1453 diem
286 1410 455 1470 speramus.
497 1391 584 1450 Multi
607 1399 709 1450 autem
723 1401 890 1469 sequentur
911 1408 1016 1451 eorum
1040 1408 1108 1470 per·

183 1475 304 1551 nioiem,
325 1474 441 1533 indicet
461 1492 578 1553 pauoos
600 1475 715 1533 servari
736 1473 777 1533 ab
799 1493 904 1533 eorum
926 1471 1109 1552 perditione,

183 1557 265 1618 unde
287 1565 318 1616 et
338 1556 476 1616 Christus
497 1557 604 1617 lliatth.
628 1557 677 1619 24.
700 1557 848 1635 consulit,
875 1566 908 1616 ut
929 1536 1048 1636 tugiunt
1067 1555 1109 1617 sd

183 1649 321 1722 montes,
352 1645 384 1698 et
417 1659 478 1699 non
513 1649 703 1699 revertantur
735 1640 870 1700 domum.
924 1639 963 1699 Et
996 1638 1109 1699 Paulus

183 1723 358 1804 periculosa
375 1730 467 1782 voest
488 1731 627 1802 tempora
647 1738 772 1802 propter
786 1723 866 1781 bano
888 1723 1023 1802 speeiem
1045 1722 1110 1802 pie·

185 1811 266 1870 tatis.
308 1806 351 1865 At
373 1805 479 1865 dieunt
499 1806 558 1865 illi:
591 1807 672 1867 bona
693 1812 765 1865 sunt
785 1815 910 1883 statuta,
931 1806 1030 1865 asueti
1052 1804 1108 1864 viri

185 1909 223 1949 ea
244 1887 442 1966 tradiderunt,
463 1890 663 1969 Augustinus,
685 1888 878 1965 Benedictus,
903 1889 1109 1967 Bernhardns,

185 1973 383 2051 Francisaus,
423 1972 602 2033 Dominious
646 1982 676 2032 et
718 1971 843 2034 similes.
905 1970 1109 2051 Respondent

184 2056 253 2116 Hoa
274 2064 330 2133 est,
353 2056 437 2135 quod
460 2056 568 2116 volunt
584 2054 720 2114 Christus
742 2063 774 2114 et
793 2055 927 2135 apostoli
950 2055 1057 2114 Petrus
1077 2063 1111 2114 st

183 2138 306 2213 Paulus,
328 2136 411 2217 quod
422 2156 517 2217 opera
538 2140 599 2197 sint
611 2140 720 2198 similia
743 2139 859 2198 traditis
881 2140 910 2196 io
927 2137 1109 2216 Evangelio.

183 2221 251 2281 Hoa
273 2222 355 2282 enim
380 2230 506 2300 vocant,
534 2224 620 2281 iuxta
643 2221 813 2281 doctrinam
842 2232 873 2281 et
898 2222 985 2280 iuxta
1012 2225 1109 2280 intro·

184 2304 378 2380 ductionem,
400 2304 482 2383 quod
505 2304 649 2383 exempla
677 2324 804 2384 operum
832 2325 849 2364 e
871 2304 1010 2364 Patribus
1038 2303 1111 2365 sola

185 2390 327 2468 capiunt,
358 2386 451 2447 fidem
473 2406 536 2447 non
566 2390 701 2466 capiunt.
719 2460 722 2465 Ι
743 2388 790 2448 lta
816 2390 967 2467 contingit
988 2388 1049 2465 eis,
1075 2396 1110 2447 ut

185 2489 232 2551 ea,
255 2490 334 2550 qnae
356 2470 461 2530 Patres
485 2470 532 2530 vel
555 2480 691 2530 errantes
714 2471 934 2548 condiderunt,
966 2471 1057 2551 (quia
1077 2479 1111 2530 et

186 2553 275 2614 electi
298 2555 347 2613 liio
368 2556 399 2613 in
420 2573 552 2615 errorem
577 2553 708 2614 duoendi
730 2556 961 2635 praedicuntur)
986 2555 1044 2634 ipsi
1065 2555 1111 2615 in·

185 2639 298 2697 sensati
320 2639 452 2715 irruunt,
483 2646 514 2696 et
540 2657 674 2697 errorem
703 2638 752 2696 vel
774 2648 943 2698 extremam
971 2638 1109 2718 speeiem

185 2721 410 2801 amplectuntur
438 2739 494 2799 pro
516 2722 566 2781 via
587 2721 684 2798 bona,
707 2730 738 2780 et
759 2723 804 2781 sio
825 2722 863 2782 ab
886 2722 1057 2802 Evangelio
1078 2730 1111 2783 ol

184 2801 246 2864 flde
266 2804 433 2864 insensibili
460 2804 584 2865 lallaoia
612 2804 819 2881 abducuntur,
850 2810 1029 2885 praesertim
1057 2805 1110 2866 ubi

185 2887 338 2948 accedens
361 2884 515 2968 pontificis
536 2888 625 2949 Rom.
646 2891 794 2948 autoritas
823 2909 876 2949 aas
904 2891 970 2949 vias
997 2908 1110 2970 appro-

185 2969 239 3030 bat
259 2980 289 3031 et
310 2970 454 3030 fiduciam
475 2971 594 3031 illarum
616 2970 786 3048 confirmat,
809 2991 846 3032 aa
867 2975 928 3032 iam
951 2973 1035 3053 leges
1058 2992 1111 3033 ne·

186 3057 336 3114 oessarias
359 3073 399 3114 ex
421 3055 465 3113 eis
487 3055 569 3133 lacit,
592 3072 668 3133 quas
681 3056 787 3114 Patres
810 3075 872 3116 non
897 3057 955 3116 nisi
969 3057 1110 3119 libertate

185 3139 307 3216 spiritus
329 3147 359 3197 et
373 3137 575 3199 condiderunt
595 3149 626 3199 et
643 3149 851 3218 servaverunt,
875 3142 1028 3201 neminem
1048 3139 1109 3201 illie

184 3230 335 3301 perpetuo
358 3221 530 3300 alligantes,
553 3231 606 3283 aut
627 3223 652 3280 si
674 3222 735 3282 hoo
756 3223 903 3301 iecerunt,
925 3226 993 3285 sina
1015 3223 1109 3289 dubio

186 3312 322 3365 errantes
344 3323 399 3384 pro
422 3307 556 3366 bumana
574 3305 747 3385 fragilitate.

268 3388 326 3447 Per
355 3406 432 3467 quos
461 3392 510 3448 via
538 3391 672 3448 veritatis
703 3389 970 3475 blasphemabitur.
1021 3388 1110 3467 Quas

186 3480 233 3533 est
254 3472 307 3533 ills
327 3475 378 3532 via
400 3472 556 3532 veritatis?
580 3472 690 3533 Nonne
712 3491 791 3552 quae
808 3476 973 3553 opponitur
994 3474 1110 3554 speoiei

186 3564 217 3614 et
239 3555 394 3636 hypocrisi
417 3555 566 3636 opernm?
599 3556 706 3635 Neque
738 3559 818 3616 enim
851 3556 984 3637 apostoli
1014 3556 1108 3616 ullam

185 3637 342 3718 religionis
364 3647 481 3700 sentam
502 3641 711 3716 instituerunt,
734 3640 788 3700 sed
811 3639 907 3700 solam
932 3639 1002 3700 fldei
1025 3638 1109 3700 Obri-

187 3723 305 3782 stianae
325 3722 407 3782 viam
430 3722 571 3785 omnibus
595 3741 789 3785 communem
812 3723 1009 3787 tradiderunt
1037 3718 1110 3787 (lra-
