2392 4170
409 287 463 342 fide
480 290 573 344 iulnss
592 295 619 344 et
637 289 781 359 acquisita.
992 285 1053 353 ‘281

130 451 194 521 tur,
236 444 367 525 aliquem
400 444 520 524 operari
551 464 605 525 per
639 445 896 508 iustificationem.
952 444 1056 525 Opera

131 529 212 590 eninr
225 547 286 590 uon
301 528 416 589 iaciunt
434 528 557 602 bocum,
581 531 657 590 sicut
677 549 734 591 nsc
748 530 862 591 fructus
877 529 990 590 faciunt
1001 527 1055 589 bo·

130 630 200 672 nam
216 610 367 688 arborem,
383 610 437 672 sed
449 612 577 672 fructum
589 613 662 672 lacit
682 612 765 676 bona
776 612 877 687 arbor,
899 619 928 672 et
940 612 1053 674 bonnm

131 713 211 793 opus
223 695 296 755 lacit
308 696 354 754 vir
366 693 471 755 bonus.
499 696 550 755 Vir
562 704 663 757 eutem
676 696 776 757 bonus
787 703 816 755 et
829 695 920 756 orbor
931 694 1013 754 bona
1024 693 1058 754 tlt

130 797 197 839 erne
209 777 352 856 operibus
374 797 428 858 per
439 778 535 839 solam
548 777 638 839 fidem
661 781 691 840 in
706 781 840 840 veritatis
853 777 977 838 verbum
989 777 1057 851 Dei,

131 861 179 927 cui
201 860 364 939 adhaeret,
388 870 418 920 et
441 860 610 922 adhaerens
632 864 795 944 participat
815 863 953 940 veritate,
973 860 1057 920 iusti-

131 944 183 1020 tis,
205 944 373 1024 sapientia,
397 943 534 1005 bonitate
559 945 642 1006 verbi
665 953 722 1008 etc.

370 1073 497 1134 Decima
521 1074 626 1152 quinta
644 1072 820 1135 Conclusio.

215 1189 339 1249 Recte
383 1210 481 1271 ergo
517 1191 662 1251 dictum
700 1196 775 1252 est:
818 1189 932 1250 Fides
972 1190 1057 1249 sine

131 1271 321 1352 operibns
359 1280 612 1347 mortuaest,
646 1275 722 1334 imo
757 1292 831 1334 non
866 1268 1056 1333 estlides.

132 1354 220 1415 Petet
242 1373 282 1415 ex
305 1354 412 1436 dictis,
435 1358 507 1436 quio
530 1377 570 1417 ex
590 1356 736 1416 fructibus
760 1374 820 1416 non
841 1355 886 1431 tlt,
911 1353 964 1414 scd
986 1372 1058 1434 ocg-

132 1439 270 1498 ooenitur
293 1439 392 1502 arbor.
436 1439 604 1519 Sicutergo
619 1439 710 1501 arbor
731 1458 794 1499 non
816 1439 916 1498 ferens
927 1437 1058 1497 fructum

133 1539 193 1579 non
219 1520 325 1600 arbor,
344 1522 397 1582 sed
421 1523 535 1604 lignum
559 1529 615 1596 est,
638 1523 800 1602 hypocrita
818 1521 924 1582 similis
947 1518 1058 1598 arbori,

134 1621 201 1663 cum
224 1621 286 1663 non
310 1605 365 1682 sit3
392 1607 434 1666 ita
461 1605 538 1666 fides
561 1614 607 1665 est
629 1606 810 1686 hypocrita,
833 1604 857 1663 si
879 1622 975 1683 opere
996 1620 1057 1662 nco

133 1685 284 1766 producit.
329 1688 368 1748 Et
389 1688 482 1749 carbo
506 1707 574 1749 curn
598 1707 659 1748 non
691 1689 749 1748 urit
770 1706 828 1748 nec
849 1686 947 1759 lucet,
980 1704 1059 1746 mor-

133 1777 200 1828 tuus
224 1777 281 1843 est,
304 1770 410 1830 similis
433 1771 559 1831 carboni
580 1772 689 1851 ignito,
710 1768 763 1830 scd
787 1788 849 1830 non
872 1767 976 1843 corbo,
1000 1768 1057 1827 nisi

132 1852 294 1930 analogice
318 1860 349 1913 et
376 1853 455 1916 ficte.
500 1853 602 1930 Quare
630 1855 777 1913 autoritas
806 1850 910 1912 lacobi
939 1849 977 1910 de
998 1851 1057 1912 iste

131 1933 191 1994 ilde
216 1941 335 1996 mortue
355 1936 546 2017 intelligitur,
566 1935 604 1996 de
625 1936 777 2014 acquisito
798 1934 875 2006 lide,
909 1951 989 2012 quae
1011 1939 1057 1994 est

132 2018 310 2099 hypocrita,
333 2025 364 2078 et
385 2020 504 2098 species
526 2019 596 2080 fidei
619 2018 738 2079 inlusae
758 2020 825 2078 sine
846 2019 958 2077 virtute
979 2016 1057 2076 eins-

133 2098 213 2163 dem.
256 2099 335 2160 Nam
367 2101 442 2163 tides
475 2102 575 2162 inluso
603 2109 650 2162 est
671 2103 793 2181 spiritus
815 2101 939 2176 vivens,
977 2116 1057 2177 quse

134 2200 194 2241 non
217 2182 370 2260 aufertur,
400 2186 456 2244 nisi
479 2203 550 2263 spes
572 2188 605 2246 et
626 2185 738 2244 caritas
761 2182 849 2244 simul
873 2182 1056 2243 auferantur.

132 2265 201 2326 Non
233 2284 307 2345 ergo
338 2267 400 2326 vult
423 2266 569 2342 lacobus,
602 2266 684 2346 quod
718 2266 794 2327 fides
829 2265 929 2326 inlusa
959 2264 1058 2345 possit

132 2367 203 2408 csse
232 2349 298 2408 sine
332 2349 492 2428 operibus,
524 2358 558 2409 ut
586 2350 630 2409 illi
653 2355 777 2428 putent,
809 2346 862 2408 scd
898 2347 963 2408 vult
984 2345 1055 2406 fidei

132 2429 344 2511 probationem
368 2450 408 2491 ex
429 2432 573 2511 operibns
587 2431 753 2505 iustificari,
776 2450 837 2491 non
851 2429 933 2509 qnod
956 2429 1058 2508 operi·

133 2513 189 2572 bus
212 2531 316 2574 coram
340 2514 407 2574 Deo
429 2513 608 2574 iustificetur
635 2514 746 2588 homo,
780 2513 834 2573 sed
864 2513 945 2591 quod
976 2512 1058 2570 testi-

132 2596 238 2656 monio
270 2615 396 2676 operum
430 2598 627 2677 cognoscitur
659 2595 751 2671 fldes,
786 2614 845 2674 qua
878 2593 1058 2654 iustificetur

132 2676 214 2757 apud
237 2679 346 2741 Deum.
389 2678 520 2759 Oportet
541 2697 615 2759 crgo
637 2678 801 2758 prudenter
814 2677 951 2756 intelligi,
974 2674 1056 2753 quod

132 2760 256 2820 dicitnr:
285 2761 396 2823 Nonne
417 2762 573 2822 Abraham
602 2768 689 2840 pater
718 2768 822 2821 noster
850 2757 1056 2838 exoperibus

131 2841 314 2904 iustificatos
349 2851 412 2916 est,
443 2845 516 2924 qnia
538 2862 684 2923 expresse
706 2842 887 2904 contradicit
909 2841 998 2902 Rom.
1020 2839 1057 2902 4:

133 2925 164 2986 Si
187 2926 342 2986 Abraham
367 2946 406 2986 ex
429 2926 574 3005 operibus
595 2925 777 2986 iustificatos
800 2934 856 3000 est,
878 2923 970 2984 habet
993 2923 1057 3000 glo·

132 3009 226 3083 nam,
249 3009 303 3068 sed
327 3028 387 3068 non
412 3009 493 3089 apud
516 3010 623 3069 Deum.
666 3009 762 3089 Loqui
786 3016 889 3068 nutem
910 3005 1056 3067 Iacobum

134 3090 172 3151 de
195 3091 338 3170 operibus
362 3091 447 3171 fidei,
480 3099 511 3152 nt
538 3091 614 3153 fides
647 3091 793 3171 probetur
814 3098 844 3150 et
866 3088 1057 3165 ostendetur,

133 3192 194 3233 non
220 3181 321 3234 sutem
345 3182 376 3234 ut
398 3195 453 3253 per
474 3194 512 3234 eu
535 3178 580 3235 vel
604 3173 680 3234 lides
703 3173 1058 3250 fiat‚ve1a1iquisiasti·

133 3255 250 3331 ficetur,
274 3255 393 3316 videtur
413 3259 442 3316 in
467 3265 562 3334 textu,
586 3260 657 3336 quia
679 3256 770 3317 docet
792 3255 882 3315 fidem
896 3253 1057 3315 ostenden·

135 3337 204 3399 dem
229 3339 373 3418 operibus
396 3339 484 3399 bonis
507 3359 579 3418 erga
604 3340 724 3401 tratrem
748 3345 800 3399 sut
821 3357 974 3408 sororem,
1006 3337 1057 3415 qui

134 3422 194 3481 sint
216 3421 288 3481 nudi
311 3426 368 3482 etc.
404 3421 493 3481 Aliud
505 3441 580 3500 ergo
607 3430 654 3482 est
669 3422 750 3500 loqui
774 3419 883 3481 deiide
905 3421 1057 3479 etvirtnts

135 3505 209 3584 eius,
233 3504 314 3582 quod
338 3503 410 3565 lacit
432 3505 559 3575 Paulus,
593 3510 625 3565 ct
646 3503 727 3564 eliud
756 3503 793 3564 de
820 3502 880 3563 lide
910 3510 940 3562 et
962 3503 1056 3574 meni-

134 3586 296 3646 testctione
329 3587 377 3645 vel
401 3588 578 3647 ostensione
599 3587 680 3662 eius,
712 3587 794 3667 quod
822 3587 895 3645 facit
916 3584 1058 3644 Iacobus.

135 3667 220 3732 Sicut
242 3668 324 3730 aliud
345 3676 392 3727 est
414 3669 515 3729 dicere
538 3669 576 3728 de
597 3669 748 3750 reliquiis,
777 3668 858 3731 eliud
881 3667 921 3728 de
941 3686 1057 3747 pompa

136 3759 167 3814 ct
188 3752 366 3814 ostensione
380 3752 582 3832 reliquiorum.
