2392 4170
358 260 520 316 enecuere
538 260 574 318 n.
592 260 626 314 u.
644 261 793 317 nurum.
984 261 1047 345 149

135 433 162 476 ua
183 416 223 476 sit
253 436 292 476 an
323 434 486 494 erroneus,
521 415 644 497 etquid
667 417 799 477 mirum?
833 437 901 478 uum
928 438 987 480 neo
1014 420 1045 481 id

135 496 313 560 dmuetores
336 501 530 560 eius‘aoiant.
574 500 689 561 Asaero
720 520 794 581 ergo
821 508 853 562 et
873 501 955 562 buno
976 506 1045 563 arti·

134 581 216 642 tulum
250 602 308 662 per
341 584 515 664 apostolum
551 583 642 644 Rom.
675 588 710 646 7:
751 584 817 664 Ego
846 586 914 664 ipse
943 594 1044 647 mente

134 666 216 726 servio
237 666 300 746 legi
323 666 397 744 Dei,
425 675 456 727 et
478 685 570 727 earne
592 666 653 744 legi
678 669 807 746 peooati.
851 667 909 727 Hio
937 676 1044 749 aperte

134 749 276 827 spostolus
299 751 430 829 ipsemet
453 749 491 810 de
513 748 731 826 seounfltetur,
752 768 884 831 peooare
904 752 936 810 in
951 770 1044 812 earne

135 848 176 890 aaa
199 836 332 912 peceato
362 834 491 909 servire;
520 840 549 892 et
578 835 599 892 l.
623 833 692 893 Gor.
718 837 750 895 1:
779 832 916 894 Christus
944 839 1043 895 faetus

136 922 171 973 eat
188 914 276 975 nobis
299 935 318 976 a
341 917 408 978 Deo
430 917 559 998 iustitia,
592 917 760 995 sapientia,
783 915 986 978 aanotifloatio
1014 925 1046 978 et

138 996 296 1072 redemptio.
332 999 498 1076 Quomodo
513 1005 614 1060 autem
628 999 802 1059 aanotifieat
813 998 1044 1061 sanetilloatos?

140 1078 180 1141 uisi
197 1081 279 1161 quod
300 1083 389 1143 iuxta
401 1082 544 1164 Apoeal:
567 1081 625 1158 Qui
649 1090 772 1142 sanutus
795 1091 851 1158 est,
875 1081 1044 1143 sanotilioe·

139 1170 174 1223 tur
188 1164 297 1228 adhue.
342 1167 383 1226 At
410 1165 594 1227 sanctificari
624 1172 671 1226 est
692 1185 715 1225 a.
732 1167 868 1246 pauentis
893 1166 1042 1229 mundari.

138 1244 247 1326 ioum,
273 1248 347 1329 quid
375 1248 594 1331 reapaotivistis
622 1248 749 1309 Bullatis
788 1256 820 1308 et
840 1248 935 1310 Paulo
970 1268 1043 1329 apo-

100 1328 103 1371 t
140 1330 221 1392 aaut
257 1333 318 1413 ipsi
346 1341 417 1393 suut
444 1341 510 1394 tota
531 1332 663 1393 ecelesia
684 1331 880 1411 universalis,
912 1350 1043 1412 quorum
1099 1362 1102 1367 ·

141 1415 279 1475 ouante
300 1415 413 1476 Paulus
436 1424 490 1477 aut
511 1422 572 1476 stat
593 1422 645 1473 aut
666 1414 764 1494 eadit,
793 1433 862 1475 oum
891 1417 929 1474 sit
950 1435 1043 1489 mem<

141 1492 206 1556 brun
233 1506 264 1559 et
293 1518 365 1578 pars
400 1501 561 1560 ecelesiae.
606 1499 745 1577 Increpet
767 1497 919 1559 Dominus
948 1500 979 1558 in
1001 1505 1042 1577 te,

143 1586 217 1659 aen,
237 1589 267 1641 et
287 1583 318 1641 in
339 1585 495 1644 satanioos
517 1584 593 1642 istos
616 1590 685 1641 tuos
706 1582 855 1661 papistas.

498 1747 666 1808 Tertius:

185 1870 287 1934 Fames
309 1876 441 1954 peceati,
463 1877 583 1935 etiamsi
606 1842 721 1935 nullum
735 1874 816 1935 adsit
839 1873 958 1935 actuale
974 1893 1043 1954 peu·

186 1963 294 2037 satum,
328 1965 467 2018 moretur
496 1966 660 2018 exeuntem
691 1978 710 2018 a
737 1976 868 2037 corpore
909 1959 1042 2019 animam

186 2037 219 2100 eb
238 2041 380 2120 ingressu
403 2040 493 2102 coeli.

201 2156 243 2218 De
264 2158 325 2217 hae
347 2157 468 2237 quidem
493 2177 525 2217 re
552 2157 626 2217 nihil
647 2157 796 2219 haetenus
819 2156 960 2233 definivi,
989 2155 1043 2216 sed

100 2292 102 2299 .
146 2238 240 2316 tupiose
261 2242 338 2301 satis
367 2249 397 2301 et
426 2239 627 2319 probabiliter
659 2241 829 2321 disputavi,
863 2258 920 2299 neo
952 2237 1044 2299 hodie

148 2328 215 2383 tutus
234 2343 313 2401 sum,
337 2323 409 2402 quid
432 2342 500 2382 oum
525 2323 577 2383 tali
600 2325 702 2383 anima
725 2331 843 2404 agatur.
889 2324 929 2382 At
942 2323 1044 2401 talpae

150 2412 237 2467 semaa
257 2405 399 2486 papales,
423 2424 491 2465 oum
515 2406 646 2466 neudum
669 2407 809 2484 videant,
833 2425 894 2484 quo
918 2406 1044 2465 nomine

149 2478 331 2550 buticulas
354 2491 399 2548 eis
420 2491 459 2548 sit
487 2487 597 2569 dignus
627 2490 772 2550 damnato
801 2490 900 2564 visus,
929 2487 1045 2547 audent

103 2572 111 2649 ζ’
148 2567 206 2631 tl'un
225 2591 382 2648 asserere,
405 2571 487 2651 quod
511 2580 575 2633 tota
599 2573 732 2632 eeclesia
754 2571 934 2633 universalis
956 2571 1043 2648 igno·

100 2676 105 2719 ι·
144 2656 179 2715 dl
211 2654 282 2736 lugo
312 2662 415 2715 tamen
438 2654 540 2714 adhue
560 2656 723 2716 ieta'futili
752 2663 783 2715 et
805 2654 898 2713 stulta
920 2652 1043 2714 damna-

142 2731 201 2797 l'due
227 2744 408 2818 oontempta
441 2745 531 2799 teneo
561 2739 721 2798 articulum
751 2736 949 2819 probabiliter
976 2756 1045 2797 esse

138 2832 226 2882 tuum.
271 2821 350 2882 Cum
374 2822 454 2881 enim
476 2821 574 2882 fumes
596 2823 635 2881 sit
657 2829 816 2902 pensatum
839 2840 927 2900 vere,
950 2828 982 2880 ut
1004 2839 1044 2880 ex

139 2895 205 2969 Rern
226 2907 254 2968 7.
278 2910 310 2964 et
332 2903 401 2967 Gal.
423 2908 452 2969 5.
476 2903 620 2984 probari,
643 2911 673 2964 et
694 2912 855 2984 peooatuur
879 2923 940 2965 uon
965 2905 1045 2964 sinat

137 2979 226 3048 intrare
248 2986 384 3062 eoelum,
406 2988 484 3047 siout
506 2989 651 3067 seriptum
674 2994 734 3048 est:
756 2988 837 3049 Nihil
851 2988 1042 3066 inquinatum

135 3062 246 3148 intrabit,
268 3069 401 3131 arbitror
422 3070 688 3150 lomitempeooati
711 3071 858 3132 remorari
870 3072 1042 3152 ingressum

134 3151 205 3215 aueli.
257 3153 368 3234 Neque
398 3154 477 3214 enim
509 3153 558 3214 bio
578 3153 632 3233 pili
664 3154 743 3215 iaoio
771 3155 893 3217 somnia
926 3175 1042 3234 eorum,

133 3234 223 3310 quibua
244 3243 406 3317 peceatum
435 3236 548 3297 fomitis
581 3245 784 3298 extenuantes
818 3258 950 3319 poenam
973 3259 1043 3320 peo-

132 3318 176 3377 uti
196 3328 226 3379 et
248 3319 424 3380 defectuum
448 3328 569 3399 vocant,
593 3330 700 3380 eontra
720 3327 842 3401 apertas
860 3321 1042 3402 Scripturas,

132 3412 194 3475 quae
215 3411 377 3483 peeoatum
401 3403 557 3483 appellant
579 3410 610 3462 et
632 3406 825 3484 pergratiam
852 3405 949 3486 (quae
970 3426 1041 3488 peu-

131 3485 175 3542 ati
197 3486 259 3545 veri
283 3492 313 3544 et
335 3504 396 3545 non
420 3484 481 3544 fieti
504 3485 655 3545 medisina
678 3495 740 3562 est)
768 3490 869 3548 sanari
892 3488 1013 3551 donent.

488 3622 662 3699 Quartus.

162 3726 358 3813 ¹lnrperfeutu
380 3729 489 3795 caritas
506 3731 641 3807 morituri
656 3732 713 3799 fert
736 3753 841 3823 aeuum
864 3736 1039 3815 neeessario

767 3940 777 3975 l
