<?xml version="1.0" encoding="UTF-8"?>
<!DOCTYPE html PUBLIC "-//W3C//DTD XHTML 1.0 Transitional//EN"
    "http://www.w3.org/TR/xhtml1/DTD/xhtml1-transitional.dtd">
<html xmlns="http://www.w3.org/1999/xhtml" xml:lang="en" lang="en">
 <head>
  <title>
</title>
<meta http-equiv="Content-Type" content="text/html;charset=utf-8" />
  <meta name='ocr-system' content='tesseract 3.04.00' />
  <meta name='ocr-capabilities' content='ocr_page ocr_carea ocr_par ocr_line ocrx_word'/>
</head>
<body>
  <div class='ocr_page' id='page_1' title='image "./dmartinilutheri03luthgoog_0505.png"; bbox 0 0 2392 4170; ppageno 0'>
   <div class='ocr_carea' id='block_1_1' title="bbox 139 236 775 304">
    <p class='ocr_par' dir='ltr' id='par_1_1' title="bbox 139 236 775 304">
     <span class='ocr_line' id='line_1_1' title="bbox 139 236 775 304; baseline 0.002 -9"><span class='ocrx_word' id='word_1_1' title='bbox 139 236 203 304; x_wconf 77' lang='grc'><strong>494</strong></span> <span class='ocrx_word' id='word_1_2' title='bbox 424 240 591 296; x_wconf 68' lang='lat' dir='ltr'><strong>connum</strong></span> <span class='ocrx_word' id='word_1_3' title='bbox 608 241 775 296; x_wconf 82' lang='lat' dir='ltr'><strong>Lathoriana</strong></span> 
     </span>
    </p>
   </div>
   <div class='ocr_carea' id='block_1_2' title="bbox 138 393 1061 1638">
    <p class='ocr_par' dir='ltr' id='par_1_2' title="bbox 138 393 1061 1638">
     <span class='ocr_line' id='line_1_2' title="bbox 141 393 1061 477; baseline 0 -23"><span class='ocrx_word' id='word_1_4' title='bbox 141 413 204 454; x_wconf 92' lang='lat' dir='ltr'><strong>non</strong></span> <span class='ocrx_word' id='word_1_5' title='bbox 230 396 304 455; x_wconf 86' lang='lat' dir='ltr'><strong>satis</strong></span> <span class='ocrx_word' id='word_1_6' title='bbox 336 400 403 455; x_wconf 87' lang='lat' dir='ltr'><strong>erat</strong></span> <span class='ocrx_word' id='word_1_7' title='bbox 430 395 569 456; x_wconf 80' lang='lat' dir='ltr'>remissio</span> <span class='ocrx_word' id='word_1_8' title='bbox 602 397 824 477; x_wconf 81' lang='lat' dir='ltr'><strong>peccatorum?</strong></span> <span class='ocrx_word' id='word_1_9' title='bbox 867 393 978 454; x_wconf 79' lang='lat' dir='ltr'><strong>Nonne</strong></span> <span class='ocrx_word' id='word_1_10' title='bbox 994 393 1061 454; x_wconf 76' lang='lat' dir='ltr'><strong>lanc</strong></span> 
     </span>
     <span class='ocr_line' id='line_1_3' title="bbox 140 477 1061 558; baseline 0.001 -22"><span class='ocrx_word' id='word_1_11' title='bbox 140 479 297 556; x_wconf 85' lang='lat' dir='ltr'><strong>congruit,</strong></span> <span class='ocrx_word' id='word_1_12' title='bbox 329 477 412 556; x_wconf 90' lang='lat' dir='ltr'><strong>quod</strong></span> <span class='ocrx_word' id='word_1_13' title='bbox 441 481 629 558; x_wconf 87' lang='lat' dir='ltr'><strong>poenitentia</strong></span> <span class='ocrx_word' id='word_1_14' title='bbox 660 487 706 539; x_wconf 92' lang='lat' dir='ltr'><strong>est</strong></span> <span class='ocrx_word' id='word_1_15' title='bbox 733 479 902 539; x_wconf 89' lang='lat' dir='ltr'><strong>immutatio</strong></span> <span class='ocrx_word' id='word_1_16' title='bbox 935 496 1061 557; x_wconf 77' lang='lat' dir='ltr'><strong>correp·</strong></span> 
     </span>
     <span class='ocr_line' id='line_1_4' title="bbox 141 560 1061 641; baseline 0 -21"><span class='ocrx_word' id='word_1_17' title='bbox 141 561 234 622; x_wconf 84' lang='lat' dir='ltr'><strong>tioms</strong></span> <span class='ocrx_word' id='word_1_18' title='bbox 255 567 287 621; x_wconf 90' lang='lat' dir='ltr'><strong>et</strong></span> <span class='ocrx_word' id='word_1_19' title='bbox 317 564 477 621; x_wconf 86' lang='lat' dir='ltr'><strong>renovatio</strong></span> <span class='ocrx_word' id='word_1_20' title='bbox 500 560 539 620; x_wconf 90' lang='lat' dir='ltr'><strong>de</strong></span> <span class='ocrx_word' id='word_1_21' title='bbox 559 571 689 641; x_wconf 89' lang='lat' dir='ltr'><strong>peccato</strong></span> <span class='ocrx_word' id='word_1_22' title='bbox 711 563 849 638; x_wconf 88' lang='lat' dir='ltr'><strong>assidua,</strong></span> <span class='ocrx_word' id='word_1_23' title='bbox 871 579 964 640; x_wconf 87' lang='lat' dir='ltr'><strong>quam</strong></span> <span class='ocrx_word' id='word_1_24' title='bbox 986 578 1061 640; x_wconf 89' lang='lat' dir='ltr'><strong>ope·</strong></span> 
     </span>
     <span class='ocr_line' id='line_1_5' title="bbox 139 642 1060 720; baseline 0 -18"><span class='ocrx_word' id='word_1_25' title='bbox 139 649 223 705; x_wconf 87' lang='lat' dir='ltr'><strong>ratur</strong></span> <span class='ocrx_word' id='word_1_26' title='bbox 238 642 326 720; x_wconf 88' lang='lat' dir='ltr'><strong>fides,</strong></span> <span class='ocrx_word' id='word_1_27' title='bbox 348 644 462 705; x_wconf 92' lang='lat' dir='ltr'><strong>donum</strong></span> <span class='ocrx_word' id='word_1_28' title='bbox 481 645 537 704; x_wconf 89' lang='lat' dir='ltr'><strong>Dei</strong></span> <span class='ocrx_word' id='word_1_29' title='bbox 560 654 591 704; x_wconf 85' lang='lat' dir='ltr'><strong>et</strong></span> <span class='ocrx_word' id='word_1_30' title='bbox 612 646 773 706; x_wconf 83' lang='lat' dir='ltr'><strong>remissio?</strong></span> <span class='ocrx_word' id='word_1_31' title='bbox 796 645 921 706; x_wconf 75' lang='lat' dir='ltr'><strong>Gratiae</strong></span> <span class='ocrx_word' id='word_1_32' title='bbox 942 643 1060 704; x_wconf 90' lang='lat' dir='ltr'><strong>donum</strong></span> 
     </span>
     <span class='ocr_line' id='line_1_6' title="bbox 141 728 1061 807; baseline 0.002 -21"><span class='ocrx_word' id='word_1_33' title='bbox 141 733 197 804; x_wconf 84' lang='lat' dir='ltr'><strong>est,</strong></span> <span class='ocrx_word' id='word_1_34' title='bbox 220 733 253 786; x_wconf 93' lang='lat' dir='ltr'><strong>ut</strong></span> <span class='ocrx_word' id='word_1_35' title='bbox 273 745 336 788; x_wconf 90' lang='lat' dir='ltr'><strong>nou</strong></span> <span class='ocrx_word' id='word_1_36' title='bbox 358 728 398 787; x_wconf 87' lang='lat' dir='ltr'><strong>sit</strong></span> <span class='ocrx_word' id='word_1_37' title='bbox 418 728 459 788; x_wconf 88' lang='lat' dir='ltr'><strong>ibi</strong></span> <span class='ocrx_word' id='word_1_38' title='bbox 481 736 641 807; x_wconf 88' lang='lat' dir='ltr'><strong>peceatum</strong></span> <span class='ocrx_word' id='word_1_39' title='bbox 664 731 736 790; x_wconf 90' lang='lat' dir='ltr'><strong>irae.</strong></span> <span class='ocrx_word' id='word_1_40' title='bbox 779 729 845 789; x_wconf 85' lang='lat' dir='ltr'><strong>Neo</strong></span> <span class='ocrx_word' id='word_1_41' title='bbox 867 728 949 786; x_wconf 90' lang='lat' dir='ltr'><strong>euim</strong></span> <span class='ocrx_word' id='word_1_42' title='bbox 971 745 1061 805; x_wconf 82' lang='lat' dir='ltr'><strong>pras-</strong></span> 
     </span>
     <span class='ocr_line' id='line_1_7' title="bbox 139 808 1061 890; baseline 0.001 -23"><span class='ocrx_word' id='word_1_43' title='bbox 139 808 235 868; x_wconf 89' lang='lat' dir='ltr'><strong>dioari</strong></span> <span class='ocrx_word' id='word_1_44' title='bbox 264 808 356 870; x_wconf 91' lang='lat' dir='ltr'><strong>docet</strong></span> <span class='ocrx_word' id='word_1_45' title='bbox 382 810 602 890; x_wconf 85' lang='lat' dir='ltr'><strong>poenitentiam</strong></span> <span class='ocrx_word' id='word_1_46' title='bbox 631 811 714 871; x_wconf 89' lang='lat' dir='ltr'><strong>illam</strong></span> <span class='ocrx_word' id='word_1_47' title='bbox 742 811 878 872; x_wconf 87' lang='lat' dir='ltr'><strong>fictitiam</strong></span> <span class='ocrx_word' id='word_1_48' title='bbox 902 809 1061 890; x_wconf 80' lang='lat' dir='ltr'><strong>Sophiste·</strong></span> 
     </span>
     <span class='ocr_line' id='line_1_8' title="bbox 139 891 1061 975; baseline -0.001 -23"><span class='ocrx_word' id='word_1_49' title='bbox 139 911 216 971; x_wconf 88' lang='lat' dir='ltr'><strong>ram,</strong></span> <span class='ocrx_word' id='word_1_50' title='bbox 238 911 318 971; x_wconf 87' lang='lat' dir='ltr'><strong>quae</strong></span> <span class='ocrx_word' id='word_1_51' title='bbox 338 891 378 953; x_wconf 90' lang='lat' dir='ltr'><strong>ad</strong></span> <span class='ocrx_word' id='word_1_52' title='bbox 400 892 507 953; x_wconf 89' lang='lat' dir='ltr'><strong>horam</strong></span> <span class='ocrx_word' id='word_1_53' title='bbox 529 893 626 957; x_wconf 84' lang='lat' dir='ltr'><strong>durat.</strong></span> <span class='ocrx_word' id='word_1_54' title='bbox 679 893 831 969; x_wconf 76' lang='lat' dir='ltr'><strong>Quamdiu</strong></span> <span class='ocrx_word' id='word_1_55' title='bbox 853 892 1061 975; x_wconf 88' lang='lat' dir='ltr'><strong>praedicatur,</strong></span> 
     </span>
     <span class='ocr_line' id='line_1_9' title="bbox 138 975 1060 1056; baseline 0.001 -22"><span class='ocrx_word' id='word_1_56' title='bbox 138 975 285 1054; x_wconf 77' lang='lat' dir='ltr'><strong>quamdiu</strong></span> <span class='ocrx_word' id='word_1_57' title='bbox 316 976 445 1053; x_wconf 84' lang='lat' dir='ltr'><strong>vivitur,</strong></span> <span class='ocrx_word' id='word_1_58' title='bbox 474 976 693 1056; x_wconf 85' lang='lat' dir='ltr'><strong>poenitendum</strong></span> <span class='ocrx_word' id='word_1_59' title='bbox 735 986 765 1038; x_wconf 89' lang='lat' dir='ltr'><strong>et</strong></span> <span class='ocrx_word' id='word_1_60' title='bbox 792 976 968 1038; x_wconf 90' lang='lat' dir='ltr'><strong>novandum</strong></span> <span class='ocrx_word' id='word_1_61' title='bbox 1003 985 1060 1053; x_wconf 82' lang='lat' dir='ltr'><strong>est,</strong></span> 
     </span>
     <span class='ocr_line' id='line_1_10' title="bbox 139 1058 1060 1141; baseline 0.001 -23"><span class='ocrx_word' id='word_1_62' title='bbox 139 1064 174 1119; x_wconf 95' lang='lat' dir='ltr'><strong>ut</strong></span> <span class='ocrx_word' id='word_1_63' title='bbox 193 1067 353 1138; x_wconf 89' lang='lat' dir='ltr'><strong>peccatum</strong></span> <span class='ocrx_word' id='word_1_64' title='bbox 375 1058 557 1138; x_wconf 79' lang='lat' dir='ltr'><strong>expellatur.</strong></span> <span class='ocrx_word' id='word_1_65' title='bbox 599 1059 745 1139; x_wconf 85' lang='lat' dir='ltr'><strong>Nunquid</strong></span> <span class='ocrx_word' id='word_1_66' title='bbox 773 1069 862 1141; x_wconf 87' lang='lat' dir='ltr'><strong>potas</strong></span> <span class='ocrx_word' id='word_1_67' title='bbox 883 1061 929 1119; x_wconf 94' lang='lat' dir='ltr'><strong>sic</strong></span> <span class='ocrx_word' id='word_1_68' title='bbox 949 1065 1060 1137; x_wconf 84' lang='lat' dir='ltr'><strong>aptare</strong></span> 
     </span>
     <span class='ocr_line' id='line_1_11' title="bbox 139 1139 1060 1222; baseline 0.002 -22"><span class='ocrx_word' id='word_1_69' title='bbox 139 1141 198 1200; x_wconf 87' lang='lat' dir='ltr'><strong>isla</strong></span> <span class='ocrx_word' id='word_1_70' title='bbox 221 1141 282 1201; x_wconf 92' lang='lat' dir='ltr'><strong>duo</strong></span> <span class='ocrx_word' id='word_1_71' title='bbox 303 1139 471 1202; x_wconf 83' lang='lat' dir='ltr'><strong>infirmitati</strong></span> <span class='ocrx_word' id='word_1_72' title='bbox 493 1149 524 1202; x_wconf 91' lang='lat' dir='ltr'><strong>et</strong></span> <span class='ocrx_word' id='word_1_73' title='bbox 544 1143 687 1222; x_wconf 81' lang='lat' dir='ltr'><strong>poenae?</strong></span> <span class='ocrx_word' id='word_1_74' title='bbox 719 1146 786 1222; x_wconf 91' lang='lat' dir='ltr'><strong>quis</strong></span> <span class='ocrx_word' id='word_1_75' title='bbox 819 1143 857 1203; x_wconf 94' lang='lat' dir='ltr'><strong>de</strong></span> <span class='ocrx_word' id='word_1_76' title='bbox 883 1140 1060 1202; x_wconf 77' lang='lat' dir='ltr'><strong>infirmitate</strong></span> 
     </span>
     <span class='ocr_line' id='line_1_12' title="bbox 138 1223 1059 1305; baseline -0.001 -21"><span class='ocrx_word' id='word_1_77' title='bbox 138 1223 316 1304; x_wconf 83' lang='lat' dir='ltr'><strong>poeniteat?</strong></span> <span class='ocrx_word' id='word_1_78' title='bbox 349 1226 416 1302; x_wconf 88' lang='lat' dir='ltr'><strong>quis</strong></span> <span class='ocrx_word' id='word_1_79' title='bbox 438 1244 570 1305; x_wconf 89' lang='lat' dir='ltr'><strong>poenam</strong></span> <span class='ocrx_word' id='word_1_80' title='bbox 598 1227 745 1286; x_wconf 86' lang='lat' dir='ltr'><strong>innovet?</strong></span> <span class='ocrx_word' id='word_1_81' title='bbox 789 1226 871 1286; x_wconf 89' lang='lat' dir='ltr'><strong>ldem</strong></span> <span class='ocrx_word' id='word_1_82' title='bbox 898 1226 973 1285; x_wconf 90' lang='lat' dir='ltr'><strong>lacit</strong></span> <span class='ocrx_word' id='word_1_83' title='bbox 994 1243 1059 1284; x_wconf 87' lang='lat' dir='ltr'><strong>ver·</strong></span> 
     </span>
     <span class='ocr_line' id='line_1_13' title="bbox 140 1307 1058 1389; baseline -0.002 -21"><span class='ocrx_word' id='word_1_84' title='bbox 140 1308 211 1368; x_wconf 90' lang='lat' dir='ltr'><strong>bum</strong></span> <span class='ocrx_word' id='word_1_85' title='bbox 232 1307 377 1368; x_wconf 85' lang='lat' dir='ltr'><strong>Iohannis</strong></span> <span class='ocrx_word' id='word_1_86' title='bbox 388 1308 546 1389; x_wconf 86' lang='lat' dir='ltr'><strong>Baptistae</strong></span> <span class='ocrx_word' id='word_1_87' title='bbox 568 1328 588 1369; x_wconf 90' lang='lat' dir='ltr'><strong>a</strong></span> <span class='ocrx_word' id='word_1_88' title='bbox 610 1309 731 1370; x_wconf 79' lang='lat' dir='ltr'><strong>christo</strong></span> <span class='ocrx_word' id='word_1_89' title='bbox 752 1311 929 1389; x_wconf 87' lang='lat' dir='ltr'><strong>repetitum:</strong></span> <span class='ocrx_word' id='word_1_90' title='bbox 949 1307 1058 1367; x_wconf 92' lang='lat' dir='ltr'><strong>Poeni·</strong></span> 
     </span>
     <span class='ocr_line' id='line_1_14' title="bbox 138 1386 1058 1474; baseline -0.001 -24"><span class='ocrx_word' id='word_1_91' title='bbox 138 1386 270 1450; x_wconf 88' lang='lat' dir='ltr'><strong>tentiam</strong></span> <span class='ocrx_word' id='word_1_92' title='bbox 284 1391 377 1470; x_wconf 87' lang='lat' dir='ltr'><strong>agite,</strong></span> <span class='ocrx_word' id='word_1_93' title='bbox 398 1393 626 1474; x_wconf 89' lang='lat' dir='ltr'><strong>appropinquat</strong></span> <span class='ocrx_word' id='word_1_94' title='bbox 637 1409 764 1471; x_wconf 88' lang='lat' dir='ltr'><strong>regnum</strong></span> <span class='ocrx_word' id='word_1_95' title='bbox 782 1393 949 1453; x_wconf 86' lang='lat' dir='ltr'><strong>coelorum.</strong></span> <span class='ocrx_word' id='word_1_96' title='bbox 977 1389 1058 1464; x_wconf 78' lang='lat' dir='ltr'><strong>Quid</strong></span> 
     </span>
     <span class='ocr_line' id='line_1_15' title="bbox 138 1472 1058 1553; baseline 0 -20"><span class='ocrx_word' id='word_1_97' title='bbox 138 1472 200 1534; x_wconf 89' lang='lat' dir='ltr'><strong>hoo</strong></span> <span class='ocrx_word' id='word_1_98' title='bbox 221 1482 284 1551; x_wconf 85' lang='lat' dir='ltr'><strong>est,</strong></span> <span class='ocrx_word' id='word_1_99' title='bbox 316 1475 374 1533; x_wconf 91' lang='lat' dir='ltr'><strong>nisi</strong></span> <span class='ocrx_word' id='word_1_100' title='bbox 398 1486 515 1535; x_wconf 83' lang='lat' dir='ltr'><strong>mutare</strong></span> <span class='ocrx_word' id='word_1_101' title='bbox 536 1479 648 1553; x_wconf 84' lang='lat' dir='ltr'><strong>vitam,</strong></span> <span class='ocrx_word' id='word_1_102' title='bbox 681 1475 763 1553; x_wconf 91' lang='lat' dir='ltr'><strong>quod</strong></span> <span class='ocrx_word' id='word_1_103' title='bbox 796 1474 872 1535; x_wconf 87' lang='lat' dir='ltr'><strong>fides</strong></span> <span class='ocrx_word' id='word_1_104' title='bbox 894 1475 966 1534; x_wconf 85' lang='lat' dir='ltr'><strong>lacit</strong></span> <span class='ocrx_word' id='word_1_105' title='bbox 987 1491 1058 1552; x_wconf 80' lang='lat' dir='ltr'><strong>pec</strong></span> 
     </span>
     <span class='ocr_line' id='line_1_16' title="bbox 139 1555 1059 1638; baseline -0.002 -21"><span class='ocrx_word' id='word_1_106' title='bbox 139 1564 240 1617; x_wconf 89' lang='lat' dir='ltr'><strong>catum</strong></span> <span class='ocrx_word' id='word_1_107' title='bbox 270 1575 463 1637; x_wconf 77' lang='lat' dir='ltr'><strong>expurgans,</strong></span> <span class='ocrx_word' id='word_1_108' title='bbox 498 1563 529 1617; x_wconf 87' lang='lat' dir='ltr'><strong>et</strong></span> <span class='ocrx_word' id='word_1_109' title='bbox 558 1557 615 1618; x_wconf 94' lang='lat' dir='ltr'><strong>sub</strong></span> <span class='ocrx_word' id='word_1_110' title='bbox 642 1558 700 1617; x_wconf 90' lang='lat' dir='ltr'><strong>Dei</strong></span> <span class='ocrx_word' id='word_1_111' title='bbox 727 1577 823 1638; x_wconf 88' lang='lat' dir='ltr'><strong>regno</strong></span> <span class='ocrx_word' id='word_1_112' title='bbox 856 1577 941 1634; x_wconf 85' lang='lat' dir='ltr'><strong>esse,</strong></span> <span class='ocrx_word' id='word_1_113' title='bbox 974 1555 1059 1634; x_wconf 87' lang='lat' dir='ltr'><strong>quod</strong></span> 
     </span>
    </p>
   </div>
   <div class='ocr_carea' id='block_1_3' title="bbox 38 1639 1059 1719">
    <p class='ocr_par' dir='ltr' id='par_1_3' title="bbox 38 1639 1059 1719">
     <span class='ocr_line' id='line_1_17' title="bbox 38 1639 1059 1719; baseline 0.002 -21"><span class='ocrx_word' id='word_1_114' title='bbox 38 1712 44 1718; x_wconf 27' lang='lat'><strong>,</strong></span> <span class='ocrx_word' id='word_1_115' title='bbox 138 1641 238 1719; x_wconf 86' lang='lat' dir='ltr'><strong>gratia</strong></span> <span class='ocrx_word' id='word_1_116' title='bbox 259 1639 331 1699; x_wconf 87' lang='lat' dir='ltr'><strong>lacit</strong></span> <span class='ocrx_word' id='word_1_117' title='bbox 352 1639 531 1701; x_wconf 84' lang='lat' dir='ltr'><strong>remittens?</strong></span> <span class='ocrx_word' id='word_1_118' title='bbox 554 1640 633 1699; x_wconf 85' lang='lat' dir='ltr'><strong>Nam</strong></span> <span class='ocrx_word' id='word_1_119' title='bbox 654 1640 712 1700; x_wconf 92' lang='lat' dir='ltr'><strong>hos</strong></span> <span class='ocrx_word' id='word_1_120' title='bbox 734 1641 848 1702; x_wconf 84' lang='lat' dir='ltr'><strong>fructus</strong></span> <span class='ocrx_word' id='word_1_121' title='bbox 872 1640 983 1719; x_wconf 89' lang='lat' dir='ltr'><strong>dignos</strong></span> <span class='ocrx_word' id='word_1_122' title='bbox 1005 1658 1059 1700; x_wconf 86' lang='lat' dir='ltr'><strong>vo·</strong></span> 
     </span>
    </p>
   </div>
   <div class='ocr_carea' id='block_1_4' title="bbox 132 1720 1140 3553">
    <p class='ocr_par' dir='ltr' id='par_1_4' title="bbox 133 1720 1140 2801">
     <span class='ocr_line' id='line_1_18' title="bbox 138 1720 1140 1805; baseline 0.001 -24"><span class='ocrx_word' id='word_1_123' title='bbox 138 1731 189 1782; x_wconf 86' lang='lat' dir='ltr'><strong>cat</strong></span> <span class='ocrx_word' id='word_1_124' title='bbox 205 1721 365 1803; x_wconf 89' lang='lat' dir='ltr'><strong>lohannes,</strong></span> <span class='ocrx_word' id='word_1_125' title='bbox 387 1724 413 1783; x_wconf 93' lang='lat' dir='ltr'><strong>si</strong></span> <span class='ocrx_word' id='word_1_126' title='bbox 429 1729 589 1803; x_wconf 87' lang='lat' dir='ltr'><strong>peccatum</strong></span> <span class='ocrx_word' id='word_1_127' title='bbox 605 1733 802 1805; x_wconf 84' lang='lat' dir='ltr'><strong>expurgetur,</strong></span> <span class='ocrx_word' id='word_1_128' title='bbox 824 1732 855 1784; x_wconf 88' lang='lat' dir='ltr'><strong>et</strong></span> <span class='ocrx_word' id='word_1_129' title='bbox 877 1743 938 1783; x_wconf 91' lang='lat' dir='ltr'><strong>non</strong></span> <span class='ocrx_word' id='word_1_130' title='bbox 961 1740 1059 1801; x_wconf 88' lang='lat' dir='ltr'><strong>opera</strong></span> <span class='ocrx_word' id='word_1_131' title='bbox 1136 1720 1140 1738; x_wconf 79' lang='lat'>¹</span> 
     </span>
     <span class='ocr_line' id='line_1_19' title="bbox 138 1805 1059 1887; baseline -0.001 -22"><span class='ocrx_word' id='word_1_132' title='bbox 138 1810 270 1866; x_wconf 88' lang='lat' dir='ltr'><strong>externa</strong></span> <span class='ocrx_word' id='word_1_133' title='bbox 309 1806 499 1869; x_wconf 79' lang='lat' dir='ltr'><strong>simulentur.</strong></span> <span class='ocrx_word' id='word_1_134' title='bbox 551 1805 619 1866; x_wconf 87' lang='lat' dir='ltr'><strong>Huc</strong></span> <span class='ocrx_word' id='word_1_135' title='bbox 651 1814 713 1867; x_wconf 89' lang='lat' dir='ltr'><strong>tam</strong></span> <span class='ocrx_word' id='word_1_136' title='bbox 752 1807 878 1887; x_wconf 78' lang='lat' dir='ltr'><strong>pulchre</strong></span> <span class='ocrx_word' id='word_1_137' title='bbox 917 1807 1059 1883; x_wconf 83' lang='lat' dir='ltr'><strong>oongmit</strong></span> 
     </span>
     <span class='ocr_line' id='line_1_20' title="bbox 137 1887 1058 1968; baseline -0.003 -18"><span class='ocrx_word' id='word_1_138' title='bbox 137 1888 286 1968; x_wconf 77' lang='lat' dir='ltr'><strong>parabole</strong></span> <span class='ocrx_word' id='word_1_139' title='bbox 313 1889 419 1952; x_wconf 81' lang='lat' dir='ltr'><strong>Malth.</strong></span> <span class='ocrx_word' id='word_1_140' title='bbox 443 1891 491 1952; x_wconf 83' lang='lat'><strong>13.</strong></span> <span class='ocrx_word' id='word_1_141' title='bbox 524 1887 562 1949; x_wconf 90' lang='lat' dir='ltr'><strong>de</strong></span> <span class='ocrx_word' id='word_1_142' title='bbox 589 1888 740 1951; x_wconf 81' lang='lat' dir='ltr'><strong>fermento</strong></span> <span class='ocrx_word' id='word_1_143' title='bbox 773 1898 804 1951; x_wconf 90' lang='lat' dir='ltr'><strong>et</strong></span> <span class='ocrx_word' id='word_1_144' title='bbox 840 1890 956 1950; x_wconf 84' lang='lat' dir='ltr'><strong>larinas</strong></span> <span class='ocrx_word' id='word_1_145' title='bbox 982 1889 1058 1948; x_wconf 82' lang='lat' dir='ltr'><strong>satis</strong></span> 
     </span>
     <span class='ocr_line' id='line_1_21' title="bbox 137 1973 1058 2052; baseline -0.002 -20"><span class='ocrx_word' id='word_1_146' title='bbox 137 1973 248 2051; x_wconf 83' lang='lat' dir='ltr'><strong>tribus,</strong></span> <span class='ocrx_word' id='word_1_147' title='bbox 278 1979 310 2032; x_wconf 90' lang='lat' dir='ltr'><strong>ut</strong></span> <span class='ocrx_word' id='word_1_148' title='bbox 331 1973 404 2033; x_wconf 83' lang='lat' dir='ltr'><strong>nihil</strong></span> <span class='ocrx_word' id='word_1_149' title='bbox 432 1973 533 2052; x_wconf 88' lang='lat' dir='ltr'><strong>aptius</strong></span> <span class='ocrx_word' id='word_1_150' title='bbox 554 1976 661 2052; x_wconf 85' lang='lat' dir='ltr'><strong>possit.</strong></span> <span class='ocrx_word' id='word_1_151' title='bbox 703 1973 773 2034; x_wconf 87' lang='lat' dir='ltr'><strong>Non</strong></span> <span class='ocrx_word' id='word_1_152' title='bbox 797 1975 842 2034; x_wconf 86' lang='lat' dir='ltr'><strong>sic</strong></span> <span class='ocrx_word' id='word_1_153' title='bbox 863 1981 966 2033; x_wconf 88' lang='lat' dir='ltr'><strong>autem</strong></span> <span class='ocrx_word' id='word_1_154' title='bbox 986 1989 1058 2032; x_wconf 86' lang='lat' dir='ltr'><strong>ocn-</strong></span> 
     </span>
     <span class='ocr_line' id='line_1_22' title="bbox 137 2054 1057 2137; baseline -0.001 -22"><span class='ocrx_word' id='word_1_155' title='bbox 137 2057 226 2134; x_wconf 83' lang='lat' dir='ltr'><strong>gruit,</strong></span> <span class='ocrx_word' id='word_1_156' title='bbox 248 2057 274 2115; x_wconf 93' lang='lat' dir='ltr'><strong>si</strong></span> <span class='ocrx_word' id='word_1_157' title='bbox 295 2054 502 2116; x_wconf 86' lang='lat' dir='ltr'><strong>infirmitatem</strong></span> <span class='ocrx_word' id='word_1_158' title='bbox 525 2062 556 2114; x_wconf 91' lang='lat' dir='ltr'><strong>et</strong></span> <span class='ocrx_word' id='word_1_159' title='bbox 576 2073 709 2134; x_wconf 89' lang='lat' dir='ltr'><strong>poenam</strong></span> <span class='ocrx_word' id='word_1_160' title='bbox 723 2056 861 2137; x_wconf 88' lang='lat' dir='ltr'><strong>appelles</strong></span> <span class='ocrx_word' id='word_1_161' title='bbox 882 2062 1057 2136; x_wconf 87' lang='lat' dir='ltr'><strong>peccatum,</strong></span> 
     </span>
     <span class='ocr_line' id='line_1_23' title="bbox 133 2136 1055 2217; baseline -0.002 -19"><span class='ocrx_word' id='word_1_162' title='bbox 133 2140 197 2198; x_wconf 93' lang='lat' dir='ltr'><strong>imo</strong></span> <span class='ocrx_word' id='word_1_163' title='bbox 220 2139 281 2197; x_wconf 88' lang='lat' dir='ltr'><strong>iam</strong></span> <span class='ocrx_word' id='word_1_164' title='bbox 303 2137 445 2198; x_wconf 91' lang='lat' dir='ltr'><strong>tenebras</strong></span> <span class='ocrx_word' id='word_1_165' title='bbox 469 2136 603 2198; x_wconf 85' lang='lat' dir='ltr'><strong>offudisti</strong></span> <span class='ocrx_word' id='word_1_166' title='bbox 624 2140 671 2199; x_wconf 92' lang='lat' dir='ltr'><strong>his</strong></span> <span class='ocrx_word' id='word_1_167' title='bbox 693 2141 837 2214; x_wconf 86' lang='lat' dir='ltr'><strong>vocibus,</strong></span> <span class='ocrx_word' id='word_1_168' title='bbox 872 2149 905 2197; x_wconf 87' lang='lat' dir='ltr'><strong>ut</strong></span> <span class='ocrx_word' id='word_1_169' title='bbox 926 2137 1055 2217; x_wconf 88' lang='lat' dir='ltr'><strong>parabo·</strong></span> 
     </span>
     <span class='ocr_line' id='line_1_24' title="bbox 133 2219 1056 2302; baseline -0.002 -22"><span class='ocrx_word' id='word_1_170' title='bbox 133 2220 194 2281; x_wconf 87' lang='lat' dir='ltr'><strong>lam</strong></span> <span class='ocrx_word' id='word_1_171' title='bbox 223 2239 286 2281; x_wconf 94' lang='lat' dir='ltr'><strong>non</strong></span> <span class='ocrx_word' id='word_1_172' title='bbox 315 2221 421 2281; x_wconf 86' lang='lat' dir='ltr'><strong>videas</strong></span> <span class='ocrx_word' id='word_1_173' title='bbox 449 2239 507 2281; x_wconf 90' lang='lat' dir='ltr'><strong>nec</strong></span> <span class='ocrx_word' id='word_1_174' title='bbox 535 2224 644 2300; x_wconf 87' lang='lat' dir='ltr'><strong>sapias.</strong></span> <span class='ocrx_word' id='word_1_175' title='bbox 694 2224 761 2283; x_wconf 92' lang='lat' dir='ltr'><strong>Huc</strong></span> <span class='ocrx_word' id='word_1_176' title='bbox 788 2230 818 2282; x_wconf 88' lang='lat' dir='ltr'><strong>et</strong></span> <span class='ocrx_word' id='word_1_177' title='bbox 846 2219 996 2302; x_wconf 87' lang='lat' dir='ltr'><strong>parabola</strong></span> <span class='ocrx_word' id='word_1_178' title='bbox 1017 2219 1056 2278; x_wconf 90' lang='lat' dir='ltr'><strong>de</strong></span> 
     </span>
     <span class='ocr_line' id='line_1_25' title="bbox 133 2302 1055 2384; baseline -0.001 -21"><span class='ocrx_word' id='word_1_179' title='bbox 133 2305 282 2364; x_wconf 88' lang='lat' dir='ltr'><strong>semivivo</strong></span> <span class='ocrx_word' id='word_1_180' title='bbox 305 2303 529 2365; x_wconf 71' lang='lat' dir='ltr'><strong>asamaritano</strong></span> <span class='ocrx_word' id='word_1_181' title='bbox 552 2314 657 2366; x_wconf 86' lang='lat' dir='ltr'><strong>curato</strong></span> <span class='ocrx_word' id='word_1_182' title='bbox 681 2304 784 2380; x_wconf 83' lang='lat' dir='ltr'><strong>tota¹)</strong></span> <span class='ocrx_word' id='word_1_183' title='bbox 810 2314 840 2366; x_wconf 91' lang='lat' dir='ltr'><strong>et</strong></span> <span class='ocrx_word' id='word_1_184' title='bbox 862 2306 960 2384; x_wconf 86' lang='lat' dir='ltr'><strong>primo</strong></span> <span class='ocrx_word' id='word_1_185' title='bbox 984 2302 1055 2363; x_wconf 90' lang='lat' dir='ltr'><strong>loco</strong></span> 
     </span>
     <span class='ocr_line' id='line_1_26' title="bbox 134 2387 1056 2467; baseline -0.002 -20"><span class='ocrx_word' id='word_1_186' title='bbox 134 2388 280 2465; x_wconf 87' lang='lat' dir='ltr'><strong>pertinet,</strong></span> <span class='ocrx_word' id='word_1_187' title='bbox 302 2388 353 2466; x_wconf 91' lang='lat' dir='ltr'><strong>qui</strong></span> <span class='ocrx_word' id='word_1_188' title='bbox 375 2407 438 2447; x_wconf 87' lang='lat' dir='ltr'><strong>uon</strong></span> <span class='ocrx_word' id='word_1_189' title='bbox 461 2387 551 2447; x_wconf 89' lang='lat' dir='ltr'><strong>simul</strong></span> <span class='ocrx_word' id='word_1_190' title='bbox 573 2398 713 2467; x_wconf 80' lang='lat' dir='ltr'><strong>sanatus,</strong></span> <span class='ocrx_word' id='word_1_191' title='bbox 736 2389 825 2448; x_wconf 89' lang='lat' dir='ltr'><strong>simul</strong></span> <span class='ocrx_word' id='word_1_192' title='bbox 849 2397 909 2448; x_wconf 86' lang='lat' dir='ltr'><strong>lam</strong></span> <span class='ocrx_word' id='word_1_193' title='bbox 933 2397 1056 2466; x_wconf 59' lang='lat' dir='ltr'><strong>suscepss</strong></span> 
     </span>
     <span class='ocr_line' id='line_1_27' title="bbox 135 2471 1054 2551; baseline -0.003 -21"><span class='ocrx_word' id='word_1_194' title='bbox 135 2479 183 2530; x_wconf 92' lang='lat' dir='ltr'><strong>tus</strong></span> <span class='ocrx_word' id='word_1_195' title='bbox 210 2477 257 2530; x_wconf 89' lang='lat' dir='ltr'><strong>est</strong></span> <span class='ocrx_word' id='word_1_196' title='bbox 285 2472 400 2548; x_wconf 86' lang='lat' dir='ltr'><strong>curari,</strong></span> <span class='ocrx_word' id='word_1_197' title='bbox 428 2471 523 2531; x_wconf 86' lang='lat' dir='ltr'><strong>levita</strong></span> <span class='ocrx_word' id='word_1_198' title='bbox 549 2479 581 2530; x_wconf 89' lang='lat' dir='ltr'><strong>et</strong></span> <span class='ocrx_word' id='word_1_199' title='bbox 607 2472 768 2532; x_wconf 86' lang='lat' dir='ltr'><strong>sacerdote</strong></span> <span class='ocrx_word' id='word_1_200' title='bbox 790 2472 879 2551; x_wconf 87' lang='lat' dir='ltr'><strong>Legis</strong></span> <span class='ocrx_word' id='word_1_201' title='bbox 909 2471 1054 2529; x_wconf 70' lang='lat' dir='ltr'><strong>ministris</strong></span> 
     </span>
     <span class='ocr_line' id='line_1_28' title="bbox 134 2553 1053 2636; baseline 0 -25"><span class='ocrx_word' id='word_1_202' title='bbox 134 2553 306 2614; x_wconf 85' lang='lat' dir='ltr'><strong>videntibus</strong></span> <span class='ocrx_word' id='word_1_203' title='bbox 329 2573 409 2636; x_wconf 91' lang='lat' dir='ltr'><strong>eum,</strong></span> <span class='ocrx_word' id='word_1_204' title='bbox 432 2554 486 2614; x_wconf 91' lang='lat' dir='ltr'><strong>sed</strong></span> <span class='ocrx_word' id='word_1_205' title='bbox 508 2573 570 2614; x_wconf 91' lang='lat' dir='ltr'><strong>non</strong></span> <span class='ocrx_word' id='word_1_206' title='bbox 593 2555 775 2616; x_wconf 86' lang='lat' dir='ltr'><strong>iuvantibus.</strong></span> <span class='ocrx_word' id='word_1_207' title='bbox 808 2555 870 2614; x_wconf 86' lang='lat' dir='ltr'><strong>Lex</strong></span> <span class='ocrx_word' id='word_1_208' title='bbox 893 2558 1053 2633; x_wconf 84' lang='lat' dir='ltr'><strong>peecatum</strong></span> 
     </span>
     <span class='ocr_line' id='line_1_29' title="bbox 137 2634 1053 2719; baseline -0.002 -23"><span class='ocrx_word' id='word_1_209' title='bbox 137 2635 188 2719; x_wconf 85' lang='lat' dir='ltr'><strong>(ut</strong></span> <span class='ocrx_word' id='word_1_210' title='bbox 209 2635 291 2714; x_wconf 86' lang='lat' dir='ltr'><strong>dixi)</strong></span> <span class='ocrx_word' id='word_1_211' title='bbox 318 2656 509 2718; x_wconf 75' lang='lat' dir='ltr'><strong>cognoscere</strong></span> <span class='ocrx_word' id='word_1_212' title='bbox 531 2637 617 2714; x_wconf 88' lang='lat' dir='ltr'><strong>lacit,</strong></span> <span class='ocrx_word' id='word_1_213' title='bbox 648 2639 701 2698; x_wconf 88' lang='lat' dir='ltr'><strong>sed</strong></span> <span class='ocrx_word' id='word_1_214' title='bbox 724 2638 862 2701; x_wconf 77' lang='lat' dir='ltr'><strong>Christus</strong></span> <span class='ocrx_word' id='word_1_215' title='bbox 884 2634 1053 2717; x_wconf 86' lang='lat' dir='ltr'><strong>perfidem</strong></span> 
     </span>
     <span class='ocr_line' id='line_1_30' title="bbox 133 2721 714 2801; baseline 0.002 -21"><span class='ocrx_word' id='word_1_216' title='bbox 133 2732 232 2798; x_wconf 87' lang='lat' dir='ltr'><strong>sanat,</strong></span> <span class='ocrx_word' id='word_1_217' title='bbox 254 2727 285 2780; x_wconf 86' lang='lat' dir='ltr'><strong>el</strong></span> <span class='ocrx_word' id='word_1_218' title='bbox 304 2721 335 2781; x_wconf 88' lang='lat' dir='ltr'><strong>in</strong></span> <span class='ocrx_word' id='word_1_219' title='bbox 356 2723 486 2801; x_wconf 87' lang='lat' dir='ltr'><strong>gratiam</strong></span> <span class='ocrx_word' id='word_1_220' title='bbox 509 2721 567 2779; x_wconf 87' lang='lat' dir='ltr'><strong>Dei</strong></span> <span class='ocrx_word' id='word_1_221' title='bbox 587 2721 714 2781; x_wconf 84' lang='lat' dir='ltr'><strong>reducit.</strong></span> 
     </span>
    </p>

    <p class='ocr_par' dir='ltr' id='par_1_5' title="bbox 132 2801 1055 3301">
     <span class='ocr_line' id='line_1_31' title="bbox 216 2801 1054 2879; baseline -0.006 -15"><span class='ocrx_word' id='word_1_222' title='bbox 216 2804 284 2864; x_wconf 85' lang='lat' dir='ltr'><strong>Huc</strong></span> <span class='ocrx_word' id='word_1_223' title='bbox 303 2804 378 2864; x_wconf 93' lang='lat' dir='ltr'><strong>illud</strong></span> <span class='ocrx_word' id='word_1_224' title='bbox 399 2804 507 2864; x_wconf 89' lang='lat' dir='ltr'><strong>Iohan.</strong></span> <span class='ocrx_word' id='word_1_225' title='bbox 532 2806 587 2868; x_wconf 84' lang='lat'><strong>13:</strong></span> <span class='ocrx_word' id='word_1_226' title='bbox 622 2804 680 2879; x_wconf 82' lang='lat' dir='ltr'><strong>Qui</strong></span> <span class='ocrx_word' id='word_1_227' title='bbox 715 2805 795 2865; x_wconf 91' lang='lat' dir='ltr'><strong>lotus</strong></span> <span class='ocrx_word' id='word_1_228' title='bbox 827 2810 889 2879; x_wconf 92' lang='lat' dir='ltr'><strong>est,</strong></span> <span class='ocrx_word' id='word_1_229' title='bbox 922 2801 1054 2860; x_wconf 92' lang='lat' dir='ltr'><strong>mundus</strong></span> 
     </span>
     <span class='ocr_line' id='line_1_32' title="bbox 134 2885 1055 2968; baseline -0.004 -20"><span class='ocrx_word' id='word_1_230' title='bbox 134 2894 181 2948; x_wconf 89' lang='lat' dir='ltr'><strong>est</strong></span> <span class='ocrx_word' id='word_1_231' title='bbox 202 2894 301 2964; x_wconf 87' lang='lat' dir='ltr'><strong>totus,</strong></span> <span class='ocrx_word' id='word_1_232' title='bbox 325 2906 439 2967; x_wconf 85' lang='lat' dir='ltr'><strong>nempe</strong></span> <span class='ocrx_word' id='word_1_233' title='bbox 460 2889 684 2968; x_wconf 85' lang='lat' dir='ltr'><strong>pergratiam,</strong></span> <span class='ocrx_word' id='word_1_234' title='bbox 718 2896 870 2950; x_wconf 89' lang='lat' dir='ltr'><strong>ettamen</strong></span> <span class='ocrx_word' id='word_1_235' title='bbox 895 2885 978 2945; x_wconf 89' lang='lat' dir='ltr'><strong>lavat</strong></span> <span class='ocrx_word' id='word_1_236' title='bbox 1000 2903 1055 2964; x_wconf 88' lang='lat' dir='ltr'><strong>per</strong></span> 
     </span>
     <span class='ocr_line' id='line_1_33' title="bbox 133 2966 1053 3051; baseline -0.007 -19"><span class='ocrx_word' id='word_1_237' title='bbox 133 2971 225 3032; x_wconf 86' lang='lat' dir='ltr'><strong>fidem</strong></span> <span class='ocrx_word' id='word_1_238' title='bbox 256 2979 435 3049; x_wconf 86' lang='lat' dir='ltr'><strong>operantem</strong></span> <span class='ocrx_word' id='word_1_239' title='bbox 456 2970 553 3051; x_wconf 89' lang='lat' dir='ltr'><strong>pedes</strong></span> <span class='ocrx_word' id='word_1_240' title='bbox 575 2973 692 3049; x_wconf 88' lang='lat' dir='ltr'><strong>peccati</strong></span> <span class='ocrx_word' id='word_1_241' title='bbox 716 2971 840 3051; x_wconf 75' lang='lat' dir='ltr'><strong>reliqui,</strong></span> <span class='ocrx_word' id='word_1_242' title='bbox 867 2968 947 3043; x_wconf 83' lang='lat' dir='ltr'><strong>huc,</strong></span> <span class='ocrx_word' id='word_1_243' title='bbox 969 2966 1053 3046; x_wconf 90' lang='lat' dir='ltr'><strong>quod</strong></span> 
     </span>
     <span class='ocr_line' id='line_1_34' title="bbox 132 3051 1053 3134; baseline -0.005 -19"><span class='ocrx_word' id='word_1_244' title='bbox 132 3072 190 3115; x_wconf 92' lang='lat' dir='ltr'><strong>uos</strong></span> <span class='ocrx_word' id='word_1_245' title='bbox 213 3054 353 3134; x_wconf 84' lang='lat' dir='ltr'><strong>palmites</strong></span> <span class='ocrx_word' id='word_1_246' title='bbox 375 3054 405 3113; x_wconf 93' lang='lat' dir='ltr'><strong>in</strong></span> <span class='ocrx_word' id='word_1_247' title='bbox 419 3053 541 3115; x_wconf 77' lang='lat' dir='ltr'><strong>Christo</strong></span> <span class='ocrx_word' id='word_1_248' title='bbox 554 3052 604 3133; x_wconf 57' lang='lat' dir='ltr'><strong>ll,</strong></span> <span class='ocrx_word' id='word_1_249' title='bbox 624 3056 674 3133; x_wconf 89' lang='lat' dir='ltr'><strong>qui</strong></span> <span class='ocrx_word' id='word_1_250' title='bbox 697 3064 744 3114; x_wconf 91' lang='lat' dir='ltr'><strong>est</strong></span> <span class='ocrx_word' id='word_1_251' title='bbox 765 3056 845 3130; x_wconf 86' lang='lat' dir='ltr'><strong>vitis,</strong></span> <span class='ocrx_word' id='word_1_252' title='bbox 867 3071 934 3111; x_wconf 90' lang='lat' dir='ltr'><strong>oum</strong></span> <span class='ocrx_word' id='word_1_253' title='bbox 952 3051 1053 3110; x_wconf 83' lang='lat' dir='ltr'><strong>fructi·</strong></span> 
     </span>
     <span class='ocr_line' id='line_1_35' title="bbox 132 3134 1052 3217; baseline -0.004 -21"><span class='ocrx_word' id='word_1_254' title='bbox 132 3136 258 3197; x_wconf 88' lang='lat' dir='ltr'><strong>ficemus</strong></span> <span class='ocrx_word' id='word_1_255' title='bbox 279 3145 313 3198; x_wconf 88' lang='lat' dir='ltr'><strong>ut</strong></span> <span class='ocrx_word' id='word_1_256' title='bbox 334 3137 439 3198; x_wconf 92' lang='lat' dir='ltr'><strong>mundi</strong></span> <span class='ocrx_word' id='word_1_257' title='bbox 466 3157 521 3217; x_wconf 89' lang='lat' dir='ltr'><strong>per</strong></span> <span class='ocrx_word' id='word_1_258' title='bbox 548 3139 665 3213; x_wconf 85' lang='lat' dir='ltr'><strong>omnia,</strong></span> <span class='ocrx_word' id='word_1_259' title='bbox 694 3146 796 3198; x_wconf 87' lang='lat' dir='ltr'><strong>tamen</strong></span> <span class='ocrx_word' id='word_1_260' title='bbox 824 3134 962 3216; x_wconf 85' lang='lat' dir='ltr'><strong>agricola</strong></span> <span class='ocrx_word' id='word_1_261' title='bbox 984 3153 1052 3194; x_wconf 91' lang='lat' dir='ltr'><strong>coe·</strong></span> 
     </span>
     <span class='ocr_line' id='line_1_36' title="bbox 133 3218 984 3301; baseline -0.001 -22"><span class='ocrx_word' id='word_1_262' title='bbox 133 3220 217 3280; x_wconf 89' lang='lat' dir='ltr'><strong>lestis</strong></span> <span class='ocrx_word' id='word_1_263' title='bbox 241 3220 385 3280; x_wconf 90' lang='lat' dir='ltr'><strong>mundum</strong></span> <span class='ocrx_word' id='word_1_264' title='bbox 410 3228 530 3301; x_wconf 89' lang='lat' dir='ltr'><strong>purgat,</strong></span> <span class='ocrx_word' id='word_1_265' title='bbox 553 3230 585 3281; x_wconf 90' lang='lat' dir='ltr'><strong>ut</strong></span> <span class='ocrx_word' id='word_1_266' title='bbox 606 3221 754 3281; x_wconf 80' lang='lat' dir='ltr'><strong>fructuum</strong></span> <span class='ocrx_word' id='word_1_267' title='bbox 777 3222 844 3301; x_wconf 89' lang='lat' dir='ltr'><strong>plus</strong></span> <span class='ocrx_word' id='word_1_268' title='bbox 868 3218 984 3280; x_wconf 83' lang='lat' dir='ltr'><strong>afferat.</strong></span> 
     </span>
    </p>

    <p class='ocr_par' dir='ltr' id='par_1_6' title="bbox 132 3301 1052 3553">
     <span class='ocr_line' id='line_1_37' title="bbox 216 3301 1051 3384; baseline -0.007 -20"><span class='ocrx_word' id='word_1_269' title='bbox 216 3303 296 3364; x_wconf 86' lang='lat' dir='ltr'><strong>Nihil</strong></span> <span class='ocrx_word' id='word_1_270' title='bbox 327 3304 437 3364; x_wconf 91' lang='lat' dir='ltr'><strong>horum</strong></span> <span class='ocrx_word' id='word_1_271' title='bbox 465 3313 554 3384; x_wconf 90' lang='lat' dir='ltr'><strong>potes</strong></span> <span class='ocrx_word' id='word_1_272' title='bbox 589 3304 627 3364; x_wconf 85' lang='lat' dir='ltr'><strong>ad</strong></span> <span class='ocrx_word' id='word_1_273' title='bbox 656 3323 774 3384; x_wconf 87' lang='lat' dir='ltr'><strong>poenas</strong></span> <span class='ocrx_word' id='word_1_274' title='bbox 805 3313 834 3364; x_wconf 91' lang='lat' dir='ltr'><strong>et</strong></span> <span class='ocrx_word' id='word_1_275' title='bbox 861 3301 1051 3362; x_wconf 84' lang='lat' dir='ltr'><strong>infirmitates</strong></span> 
     </span>
     <span class='ocr_line' id='line_1_38' title="bbox 133 3383 1052 3469; baseline -0.008 -21"><span class='ocrx_word' id='word_1_276' title='bbox 133 3395 250 3469; x_wconf 87' lang='lat' dir='ltr'><strong>aptare,</strong></span> <span class='ocrx_word' id='word_1_277' title='bbox 272 3389 374 3448; x_wconf 85' lang='lat' dir='ltr'><strong>statim</strong></span> <span class='ocrx_word' id='word_1_278' title='bbox 399 3390 478 3448; x_wconf 92' lang='lat' dir='ltr'><strong>enim</strong></span> <span class='ocrx_word' id='word_1_279' title='bbox 494 3389 573 3469; x_wconf 90' lang='lat' dir='ltr'><strong>perit</strong></span> <span class='ocrx_word' id='word_1_280' title='bbox 588 3389 720 3466; x_wconf 85' lang='lat' dir='ltr'><strong>lavandi,</strong></span> <span class='ocrx_word' id='word_1_281' title='bbox 742 3386 903 3467; x_wconf 85' lang='lat' dir='ltr'><strong>purgandi,</strong></span> <span class='ocrx_word' id='word_1_282' title='bbox 926 3383 1052 3444; x_wconf 82' lang='lat' dir='ltr'><strong>curandi</strong></span> 
     </span>
     <span class='ocr_line' id='line_1_39' title="bbox 132 3469 1050 3553; baseline -0.003 -22"><span class='ocrx_word' id='word_1_283' title='bbox 132 3490 250 3547; x_wconf 87' lang='lat' dir='ltr'><strong>sensus,</strong></span> <span class='ocrx_word' id='word_1_284' title='bbox 272 3472 331 3530; x_wconf 88' lang='lat' dir='ltr'><strong>nisi</strong></span> <span class='ocrx_word' id='word_1_285' title='bbox 352 3472 435 3550; x_wconf 91' lang='lat' dir='ltr'><strong>quod</strong></span> <span class='ocrx_word' id='word_1_286' title='bbox 460 3492 540 3553; x_wconf 88' lang='lat' dir='ltr'><strong>vaga</strong></span> <span class='ocrx_word' id='word_1_287' title='bbox 563 3472 694 3531; x_wconf 86' lang='lat' dir='ltr'><strong>venialia</strong></span> <span class='ocrx_word' id='word_1_288' title='bbox 716 3473 776 3530; x_wconf 88' lang='lat' dir='ltr'><strong>huc</strong></span> <span class='ocrx_word' id='word_1_289' title='bbox 798 3473 898 3551; x_wconf 87' lang='lat' dir='ltr'><strong>possis</strong></span> <span class='ocrx_word' id='word_1_290' title='bbox 922 3469 1050 3528; x_wconf 86' lang='lat' dir='ltr'><strong>trahere.</strong></span> 
     </span>
    </p>
   </div>
   <div class='ocr_carea' id='block_1_5' title="bbox 205 3658 556 3803">
    <p class='ocr_par' dir='ltr' id='par_1_7' title="bbox 205 3658 556 3803">
     <span class='ocr_line' id='line_1_40' title="bbox 205 3658 556 3803; baseline 0.003 -90"><span class='ocrx_word' id='word_1_291' title='bbox 205 3661 236 3803; x_wconf 46' lang='grc' dir='ltr'><strong>ἓξ</strong></span> <span class='ocrx_word' id='word_1_292' title='bbox 256 3658 469 3788; x_wconf 47' lang='lat' dir='ltr'><strong>{nheditigent</strong></span> <span class='ocrx_word' id='word_1_293' title='bbox 488 3667 556 3714; x_wconf 88' lang='lat' dir='ltr'><strong>toto.</strong></span> 
     </span>
     <span class='ocr_line' id='line_1_41' title="bbox 276 3750 422 3788; baseline 0 0"><span class='ocrx_word' id='word_1_294' title='bbox 276 3750 293 3788; x_wconf 93' lang='lat' dir='ltr'><strong>o</strong></span> <span class='ocrx_word' id='word_1_295' title='bbox 315 3750 358 3788; x_wconf 89' lang='lat' dir='ltr'><strong>au.</strong></span> <span class='ocrx_word' id='word_1_296' title='bbox 413 3770 422 3788; x_wconf 84' lang='lat'><strong>.</strong></span> 
     </span>
    </p>
   </div>
   <div class='ocr_carea' id='block_1_6' title="bbox 0 0 1200 4170">
    <p class='ocr_par' dir='ltr' id='par_1_8' title="bbox 0 0 1200 4170">
     <span class='ocr_line' id='line_1_42' title="bbox 0 0 1200 4170; baseline 0 2"><span class='ocrx_word' id='word_1_297' title='bbox 0 0 1200 4170; x_wconf 95' lang='lat' dir='ltr'><strong> </strong></span> 
     </span>
    </p>
   </div>
  </div>
 </body>
</html>
