2392 4170
397 234 483 292 Missa
501 233 610 305 privata
629 231 663 290 D.
683 232 718 288 ll.
737 232 767 288 L.
940 245 942 249 ·
988 224 1051 323 203

132 398 313 479 collegiatos
342 404 373 459 et
401 399 566 479 episcopos
593 397 763 478 Papisticos
799 415 868 458 essa
888 395 937 474 id,
971 391 1053 474 quod

134 482 314 544 sacerdotes
336 481 465 561 Bethe13
487 483 629 561 antiquos
653 500 726 542 vero
743 480 913 542 monachos
936 485 967 540 et
988 497 1052 539 era-

132 568 222 627 mitas
256 565 432 626 sacerdotes
465 565 678 642 excelsorum,
724 565 859 626 Baalitaa
890 563 1053 645 religiosos

131 650 319 731 posteriores
352 657 382 709 et
412 647 621 709 mendicantes
651 649 776 727 iratres,
804 648 927 708 Moloch
950 654 1053 708 autem

133 733 357 795 Uuiversitates
380 732 563 812 studiorum,
587 751 663 810 quas
686 740 717 793 et
737 732 900 813 gymnasia
921 729 1054 811 ephebo·

130 836 196 877 rum
220 822 251 877 et
272 815 407 876 Graecas
430 815 545 896 glorias
564 824 655 876 vocat
677 816 752 877 liber
767 814 1053 875 Macchabaeorum.

131 901 233 978 Atque
255 905 288 959 nt
309 899 371 958 illic
393 897 554 958 multitudo
578 917 683 960 eorum
705 899 846 979 implevit
867 904 999 973 terram,
1021 900 1054 957 ut

133 983 170 1043 de
192 988 279 1043 tanto
299 982 415 1063 populo
439 980 525 1042 Elias
549 981 656 1042 diebus
680 989 796 1043 tantum
825 989 942 1062 septem
972 979 1056 1041 milia

132 1067 243 1128 fuerint
265 1066 391 1144 reliqua,
414 1066 457 1125 ita
479 1073 509 1125 et
530 1066 607 1125 haec
630 1065 791 1128 multitudo
819 1066 982 1144 impiorum
1006 1081 1055 1124 oc·

133 1150 256 1229 cupavit
278 1149 394 1227 orbern,
418 1155 449 1208 ut
471 1167 531 1209 non
555 1149 656 1227 plures
678 1155 848 1230 appareant
875 1148 968 1209 modo
990 1146 1055 1207 veri

133 1231 326 1301 sacerdotes,
353 1251 443 1311 quam
465 1235 538 1292 tunc
561 1233 623 1292 veri
651 1234 832 1313 prophetae.
876 1230 1056 1310 Arguebant

135 1323 237 1377 auteur
261 1321 292 1376 et
312 1316 400 1375 illia
431 1314 624 1376 multitudine
652 1315 804 1378 dicentes:
833 1315 970 1396 Populus
998 1312 1055 1374 Dei

132 1417 194 1460 non
217 1405 314 1476 errat,
337 1396 530 1458 sicutmodo
554 1397 673 1458 dicunt:
712 1397 852 1460 Ecclesia
879 1417 941 1459 non
966 1402 1055 1477 errat,

133 1502 197 1563 seu,
221 1489 254 1541 ut
275 1482 408 1546 Hierem.
434 1485 481 1545 17.
506 1500 559 1542 eos
581 1484 706 1543 recitat:
739 1483 809 1543 Non
831 1481 942 1562 peribit
964 1480 1017 1540 lex
1038 1498 1058 1540 a

134 1563 315 1642 Sacerdote,
340 1584 398 1624 nec
420 1565 581 1625 consilium
606 1585 625 1625 a
647 1565 810 1646 sapiente,
834 1584 893 1626 nec
913 1582 1014 1624 sermo
1035 1582 1056 1623 a

133 1648 294 1728 Propheta.
338 1647 493 1728 Siquidem
517 1654 547 1707 et
568 1650 632 1708 veri
661 1649 787 1710 Levitici
810 1646 1003 1722 sacerdotes,
1027 1651 1058 1707 et

132 1732 195 1796 veri
217 1731 407 1812 prophetae,
445 1737 475 1790 et
502 1751 573 1790 vere
601 1733 756 1811 sapientes
778 1733 872 1811 aliqui
900 1750 967 1792 cum
997 1729 1057 1789 illis

134 1813 277 1877 errabant
298 1822 328 1875 et
350 1814 583 1888 seducebantur,
606 1817 685 1875 sicut
708 1822 739 1877 et
760 1813 943 1894 Christus*)
969 1813 1055 1891 dixit,

133 1899 164 1966 ip
194 1898 326 1958 ecclesia
348 1917 404 1957 sua
427 1917 497 1957 vere
520 1898 709 1959 Christianos
732 1905 763 1959 et
785 1897 901 1960 electos
920 1916 989 1958 esse
1010 1914 1057 1956 se·

134 1981 291 2041 ducendos
313 2000 368 2060 par
390 1981 612 2041 multitudinem
635 1983 717 2042 illam
738 1983 912 2061 impiorum.

219 2063 383 2123 Videamus
418 2066 511 2144 igitur
532 2066 657 2126 nomina
689 2067 834 2146 stritus,
866 2084 904 2125 ac
925 2064 1055 2143 primum

135 2146 339 2207 sacerdotium
378 2148 572 2208 excelsorum
605 2149 759 2210 nitebatur
787 2147 937 2228 exemplis
964 2146 1058 2207 Patri·

136 2230 304 2307 archarum‚
329 2231 430 2309 quiin
454 2231 530 2291 locis
552 2233 611 2291 illis
638 2233 736 2293 Deum
760 2233 986 2294 adoraverant
1006 2228 1058 2290 Sic

136 2313 244 2373 mulier
276 2313 433 2374 Somanitis
455 2314 560 2376 lohan.
583 2317 612 2377 4.
640 2318 739 2396 arguit
760 2316 799 2377 ab
827 2315 970 2395 exemplo
1000 2313 1059 2373 Pa·

136 2402 236 2475 trum,
268 2397 318 2475 qui
350 2397 378 2455 in
411 2402 515 2455 monte
545 2396 677 2457 Garisim
708 2398 921 2459 adoraverant..
964 2396 1004 2456 Et
1025 2397 1057 2456 in

137 2482 243 2558 Amos,
267 2480 382 2560 allegat
403 2477 551 2558 Galgala,
574 2481 656 2558 quod
679 2483 709 2541 in
734 2500 771 2541 eo
793 2480 865 2542 loco
888 2479 1057 2540 circumcisi

136 2563 254 2639 luerint,
278 2572 308 2622 et
332 2562 455 2621 aliialia
477 2562 554 2637 loca,
577 2564 778 2623 noumultum
792 2564 922 2623 absimili
946 2562 1059 2637 studio,

137 2646 311 2724 quostiam
335 2664 416 2704 nunc
444 2644 546 2705 solent
572 2646 644 2706 loca
670 2648 780 2706 erectis
803 2645 932 2707 Sacellis
959 2646 1055 2705 hono·

136 2729 195 2788 rari
225 2735 255 2788 et
283 2729 415 2802 visitari,
446 2729 476 2786 in
506 2730 614 2807 quibus
652 2729 783 2791 Sanctoa
813 2730 933 2807 aliquos
966 2728 1060 2788 fnisse

137 2819 339 2871 conversatos
363 2818 494 2885 constat,
517 2817 550 2870 nt
572 2818 621 2873 est
642 2812 672 2876 S.
697 2812 894 2892 Vuolffgangi
922 2813 953 2871 in
976 2808 1059 2890 Alpi·

136 2894 202 2970 bus,
224 2895 297 2953 item
310 2893 340 2955 S.
356 2894 522 2974 Meynardi,
537 2894 568 2958 S.
582 2896 662 2957 Galli
686 2903 716 2957 et
737 2897 900 2957 multorum
917 2896 1058 2972 aliorum,

137 2996 198 3036 non
230 2978 342 3037 malum
376 2996 469 3057 opus,
498 2978 555 3037 nisi
585 2999 640 3040 usu
669 2979 792 3040 tandem
820 2979 907 3040 fieret
936 2976 1059 3058 malum,

137 3061 310 3139 exemplum
333 3062 556 3140 superstitionis
586 3070 616 3123 et
649 3082 776 3140 operum
805 3061 928 3144 (contra
954 3056 1059 3132 fldem,

137 3163 217 3221 quae
237 3146 407 3202 communis
429 3144 542 3223 ubique
564 3145 736 3207 sanctificat
758 3165 880 3207 ornnem
903 3145 1005 3206 locum
1028 3148 1060 3203 et

138 3227 320 3306 personam)
352 3226 501 3288 exaltaret
535 3228 665 3308 gloriam
694 3237 724 3290 et
757 3230 944 3309 opinionem.
989 3226 1059 3302 Quo

138 3309 300 3388 significati
323 3316 394 3368 sunt
416 3311 557 3370 monachi
580 3312 623 3372 illi
654 3319 685 3373 et
705 3313 877 3391 Eremitae,
900 3312 951 3391 qui
975 3327 1061 3370 sanc·

138 3401 187 3453 tos
209 3394 292 3451 viros
315 3399 443 3452 externa
466 3397 701 3456 conversatione
723 3397 901 3474 imitantes,
937 3392 1059 3454 landem

138 3475 199 3535 fide
220 3472 406 3556 posthabita,
428 3477 459 3535 in
482 3477 549 3536 sola
569 3480 671 3556 specie
694 3498 821 3559 operum
842 3477 964 3539 illorum
987 3476 1058 3537 bae·

138 3566 215 3637 rent,
239 3565 269 3618 et
290 3576 360 3618 sese
389 3558 563 3620 sacrificant
585 3563 670 3644 Deo,
693 3562 904 3624 existimantes
937 3578 972 3622 ss
992 3560 1060 3621 Deo

216 3747 242 3820 ⁸)
262 3745 356 3801 usca.
375 3747 419 3812 24.
