2392 4170
143 218 205 288 198
492 220 535 276 ⁰0
553 219 720 292 abroganda

144 390 370 474 quantumlibet
396 392 541 454 simulent
573 411 709 454 amorem
742 391 809 452 Dei.
861 389 931 451 Non
964 394 1070 470 potent
1180 384 1183 395 '

142 495 200 540 cor
220 481 305 537 tunm
328 494 391 536 uon
413 476 517 537 odisse
543 496 614 537 eum
635 496 677 536 ex
697 477 822 550 animo,
851 492 942 553 quem
969 472 1071 532 credis

142 557 350 640 superducet
371 579 435 620 non
456 561 642 637 necessaria,
665 568 728 619 tum
750 557 962 638 impossibilia,
996 576 1017 616 a
1038 564 1071 615 ta

143 643 230 704 nulla
250 661 346 704 causa
366 645 426 703 nisi
445 662 530 704 mern
551 643 676 724 propria
697 642 822 702 libidine
834 643 969 721 exigere,
991 642 1074 699 sicut

143 725 186 787 ilb
208 725 248 786 de
267 725 336 787 Deo
357 726 485 787 credunt
506 737 537 788 et
558 727 681 787 docent.

227 807 281 871 sic
302 809 502 889 baptisamnr,
522 830 584 872 non
608 809 691 890 quod
714 828 843 869 necesse
865 809 904 867 sit
924 826 982 887 pro
1006 808 1071 866 vin·
1181 792 1184 845 5

146 892 252 954 cendia
273 895 424 973 peccatis,
447 912 515 953 cum
546 894 698 955 naturalia
731 895 792 952 sint
823 893 960 970 integra,
989 909 1072 970 quae
1182 950 1185 977 Ι

144 983 276 1057 possunt
298 982 428 1056 peccata
460 982 584 1037 vincere
612 987 642 1038 et
670 976 817 1036 mandata
844 975 901 1035 Dei
928 974 1071 1054 implere,

145 1057 235 1139 ned1)
257 1060 331 1139 quia
343 1059 473 1120 crudelis
495 1060 590 1121 libido
603 1061 661 1122 Dei
679 1059 838 1120 homiuum
858 1056 1072 1118 vexandorum

145 1141 229 1203 uullc
249 1144 435 1204 necessitate
461 1143 492 1204 id
514 1146 619 1225 exigit.
661 1144 708 1205 lta
744 1143 896 1204 Christum
931 1143 1074 1221 cogimur
1177 1160 1182 1221 ξ

147 1223 326 1286 crucifixum
357 1226 493 1306 credere,
515 1247 579 1288 non
601 1227 684 1308 quod
706 1227 846 1287 nobiseo
867 1225 959 1284 fuerit
982 1243 1072 1304 opus,
1176 1236 1180 1285 t

146 1307 202 1370 sed
233 1308 350 1370 libidini
382 1309 503 1371 divinae
538 1314 719 1392 tyrannicae
752 1311 799 1369 sic
826 1316 949 1388 oportet
981 1308 1072 1367 satis·
1176 1310 1179 1321 '

146 1390 222 1453 fleri.
266 1392 417 1469 Breviter,
436 1394 582 1473 quidquid
605 1395 744 1456 Christus
772 1398 820 1452 est
841 1392 922 1451 etin
946 1390 1071 1450 cbristo

145 1475 235 1537 nobis
257 1474 404 1537 donatum
427 1484 483 1558 est,
506 1477 692 1556 superfluum
724 1484 756 1537 et
776 1495 839 1536 non
861 1475 1071 1534 necessarium

28 1564 36 1577 ⁸
145 1565 203 1637 est,
224 1558 250 1619 si
272 1577 330 1619 uos
352 1567 383 1620 et
412 1561 563 1621 naturalia
590 1567 695 1621 nostra
716 1566 859 1640 spectes,
886 1557 940 1617 sed
964 1576 1070 1618 ueces-

149 1641 261 1702 sarium
285 1641 395 1721 solum,
418 1645 444 1702 si
466 1644 524 1703 Dei
547 1646 740 1705 exactionem
763 1650 893 1722 spectes.
939 1641 1071 1701 Potestis

145 1724 225 1786 baec
244 1743 370 1804 negare,
393 1745 449 1787 vos
462 1727 660 1804 Parisienses,
683 1747 700 1786 a
723 1726 811 1786 vobis
833 1725 937 1785 sentiri
960 1730 993 1784 et
1014 1723 1071 1784 do·

147 1806 235 1868 ceri?
276 1807 388 1869 Nonne
415 1809 484 1870 libri
516 1812 609 1870 vestri
650 1816 793 1886 exstant,
826 1809 955 1887 ipsaque
990 1807 1070 1867 adeo
1175 1802 1178 1811 '

145 1890 314 1952 novissima
334 1891 560 1973 determinatio,
582 1894 613 1953 in
636 1911 696 1972 qna
715 1894 898 1972 principium
916 1890 977 1950 hoc
999 1889 1071 1950 tidei

146 1974 342 2036 asseruistis?
362 1974 403 2034 Et
424 1976 581 2054 quomodo
595 1978 724 2056 potestis
748 1993 884 2054 negare,
906 1973 985 2033 baec
1007 1993 1071 2034 om·
1173 2040 1176 2065 i

146 2057 198 2118 uia
218 2056 259 2118 sd
279 2057 378 2136 ipsum
413 2060 521 2139 sequi?
563 2059 715 2121 Christum
742 2058 835 2138 plane
868 2076 929 2117 uon
962 2075 1072 2117 neces·

147 2138 259 2200 samum
281 2138 381 2200 tacitis
404 2149 553 2223 exparte
576 2144 690 2217 uostri3
722 2142 793 2202 ideo
822 2148 928 2221 aperte
949 2141 1071 2221 negatis

144 2223 244 2303 ipsum
267 2241 336 2284 esse
357 2223 467 2304 Iesum,
491 2225 520 2285 id
543 2233 598 2304 est,
621 2226 803 2285 salvatorem
826 2224 1001 2300 hominum,
1025 2241 1072 2283 ns·

146 2305 245 2366 seritis
266 2312 368 2365 nutem
398 2310 500 2387 potius
529 2309 753 2369 satisfactorem
783 2309 953 2368 exactionis
975 2307 1071 2385 iniqui

146 2387 214 2450 Dei.
254 2387 320 2449 Nec
341 2388 482 2451 liberavit
503 2410 559 2451 uos
582 2411 600 2452 a
621 2394 767 2473 peccatis,
790 2410 869 2470 quae
884 2390 967 2449 nulla
990 2396 1071 2468 suut,
1173 2374 1177 2417 ÷

147 2472 171 2531 si
194 2469 320 2532 liberum
343 2473 500 2534 arbitrium
522 2475 596 2535 velit
622 2475 744 2549 facere,
779 2474 860 2553 quod
890 2475 992 2532 estin
1027 2493 1071 2548 se,

147 2554 202 2615 sed
223 2554 261 2615 ab
284 2558 459 2634 exactione,
482 2559 560 2618 ultra
579 2565 708 2637 peccata
731 2565 760 2618 et
782 2556 937 2630 mandata,
962 2558 992 2614 iu
1016 2555 1070 2615 ho·

147 2638 244 2698 mines
277 2641 444 2702 saeviente.
488 2640 570 2701 Ecce
594 2660 705 2721 corpus
741 2659 848 2701 sacrae
880 2638 1073 2718 Theologiae

150 2721 329 2783 Pnrisicnsis
351 2729 382 2782 et
402 2724 594 2803 Papistarum
618 2743 658 2784 ex
680 2723 776 2783 latere
797 2741 867 2793 uno.

230 2804 279 2865 Ex
301 2805 362 2866 alio
383 2807 480 2867 latere
502 2807 583 2867 aliud
602 2808 783 2887 principium
796 2805 882 2865 fidei:
905 2804 1071 2864 Hominem

147 2907 239 2969 posse
261 2886 402 2949 faciendo
431 2888 513 2969 quod
547 2896 594 2949 est
614 2891 645 2950 iu
668 2909 701 2949 se
735 2888 931 2949 infallibiliter
959 2895 991 2947 et
1021 2906 1071 2947 ue·

148 2972 282 3032 cessario
306 2973 414 3032 mereri
436 2975 584 3052 gratiam,
615 2972 669 3033 scd
708 2973 746 3033 de
768 2991 915 3052 congruo.
959 2971 1073 3031 Nonne

148 3055 192 3115 sic
225 3053 357 3132 docetis,
385 3055 486 3116 almae
512 3056 707 3117 Facultates?
755 3056 878 3116 Docetis
908 3074 982 3133 crgo
1019 3074 1075 3133 per

147 3137 217 3217 boc,
239 3156 332 3217 posse
354 3156 411 3198 nos
434 3138 610 3200 satisfacere
633 3159 673 3199 ex
701 3139 790 3199 uobis
832 3138 922 3197 etism
946 3139 1073 3216 iniquae

149 3217 207 3281 Dei
231 3220 394 3300 tyrannidi,
424 3227 456 3282 ut
484 3223 596 3282 misero
626 3230 657 3281 et
684 3221 838 3302 superfluo
863 3220 985 3280 Christo
1008 3239 1071 3280 nou
1177 3294 1180 3305 Ι

149 3301 281 3381 reliquus
307 3304 347 3363 sit
368 3305 476 3364 saltem
500 3304 783 3386 blasphemissimns
804 3304 857 3363 illc
878 3303 987 3379 bonor,
1010 3322 1073 3382 quo

149 3403 210 3445 non
238 3385 375 3446 salvator
402 3384 559 3448 bominum
588 3408 642 3448 eeu
671 3387 778 3465 Iesus,
814 3386 868 3447 sed
898 3388 1076 3447 satisfactor

151 3465 244 3527 divini
273 3471 396 3550 tyranni
430 3476 461 3530 et
489 3473 642 3531 exactoris
678 3470 837 3533 diceretur.
893 3467 957 3530 lam
989 3472 1072 3547 enim

151 3552 285 3634 nosipsi
308 3553 437 3632 gratiam
460 3572 623 3632 possumus
646 3555 763 3633 absque
784 3552 955 3614 mediatore
979 3555 1074 3637 impe·

155 3678 360 3695 ”un—-

221 3733 254 3814 1)
275 3734 308 3793 u
326 3733 369 3794 eu.
389 3734 458 3815 mg.
475 3734 565 3799 aaut:
585 3735 644 3801 scu.
