2392 4170
137 249 180 317 78
395 251 438 308 Da
457 253 534 324 Capi.
553 252 650 322 Babyl.
670 253 811 309 Ecclesiae

137 407 301 468 talionibus
323 409 396 468 satis
420 408 532 468 multos
555 408 684 487 offendi,
708 408 832 488 etquid
854 409 885 468 iu
910 428 947 470 ea
968 411 1065 471 seuti-

137 509 200 550 rem
229 491 351 551 abunde
379 493 525 572 exposui:
558 511 639 551 nuuc
666 492 798 553 breviter
818 493 985 572 repetenda
1006 512 1063 574 pro

137 574 298 654 tyrannide
320 575 494 654 revelanda,
519 594 598 655 quae
610 593 671 636 non
694 578 815 656 parcius
831 576 881 636 hic
895 587 1064 656 grassatur,

137 676 227 736 quam
250 660 280 717 in
310 669 504 718 sacramento
533 660 632 739 panis.
685 658 717 718 ln
752 659 798 719 bis
830 662 912 720 euim
942 659 1063 721 duobus

137 742 346 820 sacramentis,
368 743 440 820 quia
462 742 578 801 lucrum
602 751 632 801 et
655 750 800 821 quaestus
823 742 1063 821 locumhabent,

135 824 304 885 incredibili
339 826 464 904 negotio
499 826 642 885 insanivit
674 828 801 886 avaritia
837 834 995 905 pastorum
1030 828 1061 886 in

137 927 212 968 oves
235 907 361 986 Christi,
391 926 593 987 quamquam,
617 916 649 968 ut
669 910 730 969 iam
754 909 792 969 de
818 911 897 969 votis
919 910 1062 990 vidimus,

136 999 167 1050 et
188 991 372 1071 baptismus,
395 998 428 1051 ut
449 993 597 1052 avaritiae
625 994 805 1070 serviretur,
835 993 945 1054 misere
972 1011 1063 1054 oaou·

136 1074 201 1135 buit
222 1076 252 1134 in
275 1074 396 1135 adultis.

213 1159 345 1218 Primum
377 1159 466 1218 buius
501 1159 684 1218 sacramenti
719 1166 749 1217 et
781 1158 912 1239 capitale
946 1158 1061 1219 malum

136 1248 192 1320 est,
214 1240 296 1320 quod
319 1248 543 1302 sacramentum
565 1242 665 1321 ipsum
688 1242 718 1300 in
736 1247 832 1302 totum
847 1243 1061 1323 aboleverunt,

135 1344 174 1385 ne
196 1327 326 1406 vestigio
348 1325 471 1405 quidem
485 1327 549 1384 eius
572 1325 690 1387 relicto.
719 1324 798 1385 Nam
811 1344 879 1385 cum
902 1334 932 1385 et
947 1327 1062 1406 ipsum,

134 1411 214 1468 sicut
235 1415 265 1468 et
287 1409 348 1469 alia
370 1409 441 1488 duo,
464 1414 585 1469 constet
599 1407 692 1468 verbo
709 1410 921 1487 promissionis
939 1410 1063 1470 divinae

134 1500 165 1551 et
186 1491 246 1552 fide
270 1500 385 1571 nostra,
408 1503 568 1570 utrumque
590 1491 817 1570 subverterunt,
840 1511 911 1553 nam
934 1492 1061 1554 verbum

135 1577 363 1655 promissionis,
394 1575 445 1635 ubi
474 1574 611 1635 Christus
642 1575 715 1634 dicit
743 1576 849 1637 Mattb.
875 1577 926 1638 16:
956 1573 1061 1650 Quod-

135 1677 255 1737 cunque
277 1659 420 1739 ligaveris
443 1665 501 1718 eto.
523 1665 554 1718 et
579 1659 629 1722 18:
660 1656 873 1738 Quodcunque
894 1659 1062 1737 ligaveritis

134 1748 192 1802 etc.
216 1750 247 1801 et
267 1742 332 1802 Iob.
354 1742 413 1802 ult:
438 1741 574 1817 Quorum
596 1743 772 1803 remiseritis
794 1751 939 1823 peccata,
961 1744 1062 1802 remit·

134 1832 237 1885 tuntur
258 1828 302 1885 eis
325 1834 394 1904 etc,
418 1826 526 1904 quibus
539 1831 725 1905 provocatur
737 1827 813 1887 fides
836 1827 1060 1906 poenitentium

136 1927 190 1988 pro
213 1910 396 1971 remissione
417 1915 613 1989 peccatorum
638 1910 840 1988 impetranda,
862 1928 936 1969 suae
959 1916 1061 1987 tyran-

135 1992 198 2052 nidi
221 2000 409 2072 aptaverunt.
455 1992 610 2052 Universis
632 1992 711 2051 enirn
735 1994 797 2052 suis
821 1993 919 2070 libris,
942 1991 1061 2069 studiis,

135 2075 326 2136 sermonibus
359 2095 421 2136 non
455 2076 516 2134 boc
547 2083 691 2153 egerunt,
723 2085 756 2135 ut
790 2076 951 2152 docerent,
986 2075 1060 2153 quid

134 2158 312 2218 Christianis
335 2160 366 2218 in
389 2159 436 2217 his
458 2159 558 2218 verbis
580 2159 764 2238 promissum
789 2168 879 2236 esset,
902 2156 974 2237 quid
997 2176 1061 2217 cre-

134 2242 206 2301 dere
229 2242 391 2321 deberent,
422 2250 451 2302 et
479 2250 626 2321 quantum
657 2242 878 2303 consolationis
901 2240 1060 2321 baberent,

132 2324 186 2385 sed
209 2344 299 2404 quam
324 2325 394 2403 late,
417 2326 519 2406 longe,
542 2324 693 2404 profunde
715 2327 772 2406 ipsi
789 2327 927 2406 potentia
949 2333 981 2383 et
997 2327 1060 2385 vio·

134 2407 228 2468 lentia
263 2410 504 2488 tyrannisarent,
538 2409 638 2469 donec
666 2409 789 2486 quidam
824 2418 855 2469 et
887 2406 1006 2487 angelis
1029 2410 1059 2468 in

134 2491 223 2552 coelo
246 2493 405 2572 coeperint
435 2491 596 2570 mandare,
630 2499 660 2551 et
689 2494 803 2552 iactent
829 2490 1000 2551 incredibili
1029 2498 1062 2552 et

133 2574 342 2635 furentissima
367 2577 539 2656 impietate,
561 2594 600 2635 se
617 2575 759 2635 coelestis
782 2581 813 2637 et
834 2576 943 2636 terreni
965 2576 1060 2653 impe·

133 2659 168 2717 rii
190 2660 255 2718 iura
277 2660 307 2718 in
319 2658 365 2718 his
379 2660 547 2739 accepisse,
570 2668 662 2737 atque
684 2659 715 2717 in
728 2661 823 2719 coelis
838 2660 930 2718 etiam
944 2657 1059 2737 ligandi

132 2747 317 2822 potestatem
340 2741 461 2804 babere.
506 2741 551 2801 Ita
577 2761 702 2820 prorsus
731 2743 803 2803 nihil
831 2743 869 2802 de
896 2739 957 2801 fide
981 2740 1060 2801 salu·

132 2827 189 2885 tari
212 2826 333 2906 populi,
367 2825 420 2886 sed
444 2826 481 2885 de
503 2831 663 2905 ,potestate
692 2827 852 2906 tyrannica
879 2823 1059 2905 pontificum

134 2912 237 2969 omnia
265 2908 432 2986 blaterant,
464 2927 533 2968 oum
562 2908 697 2969 Christus
726 2910 799 2970 nibil
829 2910 868 2970 de
897 2915 1060 2988 potestate,
1091 2906 1094 2911 ’

133 2991 187 3052 sed
211 2992 249 3052 de
271 2991 331 3052 fide
353 2994 457 3052 omnia
478 2998 559 3071 agat.

215 3075 285 3136 Nou
309 3077 388 3136 enim
411 3078 554 3156 imperia,
576 3094 638 3136 non
666 3082 853 3155 potestates,
877 3094 939 3135 nou
964 3075 1060 3136 domi·

133 3161 289 3238 nationes,
320 3160 373 3221 sed
397 3160 563 3219 ministeria
590 3161 620 3218 in
649 3159 780 3220 ccclesia
807 3179 864 3221 sua
891 3161 1060 3241 constituit,

133 3246 211 3303 sicut
238 3262 278 3303 ex
300 3244 443 3324 apostolo
468 3242 644 3322 didicimus,
668 3242 804 3304 dicente:
838 3242 889 3303 Sic
916 3261 974 3304 nos
997 3245 1060 3304 exi-

133 3328 234 3386 stimet
260 3327 354 3388 bomo
392 3335 425 3388 ut
453 3329 606 3388 ministros
629 3326 738 3387 Christi
766 3336 796 3387 et
830 3328 1061 3408 dispensatores

133 3413 347 3490 mysteriorum
382 3413 449 3473 Dei.
499 3410 600 3486 Quare
634 3412 713 3471 sicut
745 3410 786 3470 ibi
815 3409 883 3471 cum
916 3410 1057 3489 dioit:·)

134 3492 315 3573 Quicunque
329 3495 491 3556 crediderit
511 3501 542 3556 et
564 3495 732 3575 baptisatus
746 3495 845 3573 suerit,
868 3495 971 3554 salvus
994 3496 1061 3577 erit,

132 3575 224 3638 fidem
246 3581 429 3658 provocavit
449 3579 716 3659 baptisandorum,
746 3586 779 3639 ut
801 3579 860 3640 boo
882 3579 1061 3658 promissio·

189 3760 219 3832 ⁸)
243 3766 266 3817 t.
287 3761 351 3818 Cor.
370 3763 396 3818 4.
