2392 4170
405 255 440 313 D.
458 257 493 312 ll.
511 257 591 313 Lntb.
609 257 797 314 Praeludlnrn.
1025 255 1067 324 73

155 411 209 490 elii,
243 411 415 493 ingressum
442 412 600 493 religionis
631 432 701 475 esse
733 413 817 475 velut
850 432 963 475 novum
991 412 1067 494 bap-

154 497 245 573 tisma,
273 496 357 576 qnod
380 496 527 577 deinceps
556 497 627 557 lioet
647 499 738 559 toties
760 499 918 576 renovari,
946 498 1067 576 quoties

154 579 183 640 ab
201 580 319 661 integro
342 581 534 660 propositum
557 581 714 661 religionis
735 588 911 643 renovetur.
953 581 999 641 lta
1014 600 1068 642 vo·

155 664 207 724 larii
228 665 277 723 isti
301 663 358 724 sibi
381 663 457 725 solis
476 665 632 740 iustitiam,
654 665 795 745 salntem,
818 666 945 744 gloriam
958 664 1067 725 tribue·

153 755 218 824 runt,
240 745 401 828 baptisatis
424 766 549 829 prorsus
578 747 651 809 nihil
674 749 876 829 reliquerunt,
906 767 967 828 quo
998 767 1067 828 pos-

152 830 201 890 sint
220 831 264 890 eis
287 830 428 894 conierri.
473 831 535 891 lam
559 831 717 893 Romanus
739 833 894 913 pontiiex,
924 833 1067 911 supersti-

152 914 254 974 tionum
280 915 417 975 omnium
446 915 516 975 ions
545 922 575 974 et
599 921 703 996 autor,
735 915 905 995 magniliois
927 915 1015 975 bullis
1037 921 1069 976 et

151 997 261 1058 indultis
292 997 348 1058 has
377 998 499 1058 vivendi
527 999 663 1059 rationes
691 999 867 1080 eonflrmat,
906 998 1068 1078 approbat,

151 1087 234 1155 ornat,
256 1080 443 1162 baptismum
468 1101 541 1143 vero
564 1101 656 1144 nemo
679 1083 727 1143 vel
744 1083 893 1144 memoria
915 1083 1066 1162 dignatur.

152 1162 238 1242 ttqne
258 1165 297 1224 iis
318 1167 442 1244 pompis
464 1167 631 1244 spedonia,
661 1173 693 1226 nt
717 1166 795 1243 dixi,
825 1185 989 1246 sequacem
1012 1184 1067 1244 po·

152 1247 240 1326 pulum
273 1247 384 1309 christi
422 1249 453 1307 in
482 1267 683 1329 quascunque
712 1250 817 1311 volent
846 1248 1065 1330 symplegadas

152 1330 264 1408 pellunt,
289 1337 322 1390 ut
342 1331 452 1411 ingrati
475 1351 532 1392 suo
556 1333 708 1411 baptismo
721 1340 918 1412 praesumant
941 1331 1068 1393 meliora

152 1413 201 1473 sois
221 1413 368 1493 operibus
392 1417 558 1493 praestare,
582 1435 673 1494 quam
689 1417 740 1476 alii
755 1435 811 1477 sua
828 1415 899 1478 ilde.

219 1495 323 1572 Quare
345 1503 376 1558 et
397 1498 480 1558 Dens
502 1518 606 1558 rursus
628 1518 697 1560 oum
724 1500 876 1580 perversis
894 1517 1066 1578 perversus,

152 1578 254 1640 ulturus
297 1579 545 1658 ingratitudinem
589 1588 621 1643 et
656 1582 830 1664 snperbiam
870 1582 1068 1656 votariorum,

150 1661 217 1740 laoit,
238 1670 270 1723 ut
284 1669 357 1724 vota
381 1683 437 1723 sua
448 1683 509 1725 non
526 1672 658 1744 servent,
682 1672 735 1726 ant
747 1685 815 1726 oum
829 1666 946 1746 ingenti
961 1664 1068 1725 labora

150 1753 268 1820 servent,
291 1754 499 1826 maneantque
519 1750 550 1808 in
574 1750 617 1808 eis
640 1751 791 1825 immersi,
814 1767 970 1828 nunquam
993 1747 1066 1807 fidei

148 1835 170 1886 et
192 1827 335 1909 baptismi
368 1832 496 1910 gratiam
527 1839 768 1911 eognosoentes,
795 1839 827 1892 et
849 1849 919 1890 aum
940 1850 1001 1891 non
1025 1831 1065 1889 sit

147 1911 267 1972 eraditus
299 1932 370 1973 eum
394 1915 461 1974 Deo
490 1916 611 1995 spiritus
646 1935 768 1994 eorum,
804 1921 1002 1995 perseverent
1033 1914 1063 1972 in

146 1993 288 2074 hypocrisi
311 2015 368 2057 sua
389 1997 419 2056 in
440 2003 630 2078 perpetuum,
654 2007 685 2058 et
707 1999 830 2058 tandem
853 1996 985 2058 ludibrio
1004 1998 1064 2055 sint

146 2080 189 2138 toti
211 2078 339 2155 mundo,
362 2098 483 2159 semper
503 2082 648 2141 iustitiam
671 2080 837 2157 seotan'do,
869 2087 899 2140 et
921 2079 959 2140 ad
982 2080 1064 2139 iusti·

147 2162 207 2221 tam
228 2181 388 2241 nunqnam
412 2164 629 2243 perveniendo,
652 2171 684 2225 ut
702 2165 849 2245 impleant
870 2163 943 2223 illud
959 2165 1015 2223 lsa.
1028 2164 1064 2224 2:

144 2241 174 2304 bt
193 2252 276 2307 terra
299 2246 419 2325 repleta
441 2252 487 2306 eat
507 2247 607 2310 idolis.

214 2329 285 2408 Ego
309 2348 385 2388 sane
406 2348 468 2390 non
499 2329 704 2410 prohibuerim
732 2349 791 2389 nee
817 2329 1063 2409 repugnaverim,

142 2410 246 2489 siquis
270 2412 411 2491 privatim
435 2412 560 2473 arbitrio
583 2431 639 2474 suo
662 2414 819 2493 quippiam
843 2413 915 2472 velit
939 2429 1062 2486 vovere,

142 2511 172 2553 na
191 2501 267 2555 vota
288 2495 410 2574 penitus
433 2502 628 2557 oontemnam
650 2502 703 2556 aut
721 2495 875 2569 damnem,
901 2495 953 2554 sed
968 2493 1064 2574 publi-

140 2592 199 2636 anm
222 2579 307 2637 vitae
329 2596 426 2657 genus
460 2579 531 2639 hine
558 2579 649 2638 statui
678 2586 707 2638 et
731 2577 904 2639 confirmari
936 2578 1063 2639 omnino

137 2656 339 2721 dissuaserim.
382 2660 500 2722 Suffioit
527 2663 637 2741 auique
660 2662 794 2722 vovendi
823 2663 943 2741 privata
972 2661 1064 2718 lieen-

136 2743 174 2804 tia
193 2743 336 2824 perieulo
360 2762 433 2823 suo,
461 2744 615 2825 publioam
644 2764 718 2806 vero
742 2744 950 2805 commendari
972 2743 1061 2801 ratio·

135 2845 200 2886 nem
224 2824 350 2886 vivendi
371 2827 402 2886 in
421 2829 500 2888 votis
523 2826 673 2888 vovendis
699 2828 829 2889 arbitror
857 2827 1065 2907 pernioiosum

135 2927 202 2969 esse
238 2909 390 2970 ecelesiae
422 2917 453 2970 et
486 2910 646 2971 animabus
677 2910 881 2991 simplicibus:
920 2911 1062 2990 primum,

133 2992 214 3070 quod
238 3010 303 3052 non
326 3011 433 3072 parum
458 2993 650 3054 Christianae
671 2995 754 3055 vitae
776 2999 936 3073 repugnet,
957 2994 987 3050 in
1004 2990 1065 3049 hoo

132 3074 214 3154 quod
237 3081 343 3135 votum
356 3082 402 3134 est
423 3075 475 3136 lex
484 3076 637 3157 quaedam
660 3077 872 3137 aersmonialis
885 3083 915 3135 et
929 3074 1064 3134 humana

132 3156 256 3217 traditio
279 3176 335 3217 seu
358 3161 577 3239 praesumptio,
600 3180 619 3221 a
641 3179 702 3238 qua
724 3159 854 3219 eeclesia
877 3177 931 3237 per
954 3155 1066 3232 baptis·

134 3258 216 3300 mum
240 3237 373 3302 liberata
395 3247 451 3316 est,
474 3242 664 3303 Christianus
689 3243 769 3303 enim
792 3241 866 3302 nulli
889 3240 950 3319 legi
964 3236 1066 3297 addie-

130 3328 179 3382 tua
213 3331 280 3400 est,
314 3324 371 3382 nisi
403 3323 543 3403 divinae,
579 3323 691 3386 deinde
728 3324 810 3402 qnod
849 3341 910 3383 non
952 3318 1066 3379 habeat
1119 3405 1122 3409 φ
1186 3374 1191 3385 ,

131 3406 310 3486 exemplum
339 3407 370 3465 in
397 3406 576 3489 Seripturis,
607 3407 772 3487 praecipue
795 3405 958 3482 eastitatis,
995 3403 1065 3462 obe-

132 3487 277 3564 dientiae,
301 3493 491 3570 paupertatis
505 3496 809 3571 perpetuae'votum.
853 3485 944 3563 Quod
963 3492 1064 3546 autem

132 3590 149 3632 e
170 3570 338 3652 Soripturis
360 3573 537 3655 exemplum
559 3592 622 3635 non
646 3572 749 3653 habet,
772 3570 977 3651 perieulosum
1009 3573 1065 3642 est,

130 3655 203 3716 nulli
228 3674 355 3734 prorsus
379 3656 587 3733 suadendum,
616 3655 711 3716 multo
742 3656 840 3714 minus
868 3671 923 3733 pro
948 3651 1063 3728 vulgari

131 3745 163 3799 et
182 3736 312 3820 publiea
335 3739 458 3802 vivendi
479 3758 593 3824 genere
621 3737 831 3816 statuendum,
858 3735 916 3801 etsi
942 3732 1065 3795 cuilibet
