2392 4170
456 251 537 311 Doct.
556 255 634 311 Mart.
654 253 731 311 Luth.
871 205 873 208 Ι
939 256 942 261 ’
999 253 1063 322 273

141 412 270 491 nichaci,
292 415 419 496 Turcae,
442 416 585 496 Papistas
606 424 659 479 aut
681 402 855 496 quicunque
877 417 939 482 alii.
982 417 1060 479 Nom

141 506 172 557 et
192 497 291 557 Turca
326 519 344 558 a
379 500 449 559 vino
488 499 621 560 abstinet
643 501 748 579 specie
770 500 939 581 religionis,
960 501 1060 569 ‚Cum

140 583 247 668 itaqua¹
265 584 371 661 negari
393 600 455 642 nou
480 584 591 662 possit,
615 604 634 644 a
657 584 741 664 Papa
764 586 938 664 coniugium
962 585 1062 665 prohi-

141 664 234 723 bitum
265 665 344 724 sicut
366 674 397 724 et
430 665 531 743 cibus,
566 668 757 727 manifestum
780 674 829 727 est
850 670 948 747 ipsum
972 667 1062 748 Spiri-

141 748 182 806 tui
196 744 225 821 ¹)
251 755 359 808 sanato
382 750 523 809 resistere
545 751 574 809 in
598 751 658 810 hoc
680 749 774 810 verbo
790 750 876 810 Pauli
900 757 930 810 et
951 749 1062 812 doctri-

140 850 210 889 nam
233 849 319 889 suam
343 851 412 891 esse
424 831 654 894 daemoniorum
670 842 699 893 at
712 852 870 893 erroneam
895 841 925 894 et
947 852 1061 894 marana

140 914 327 992 hypocrisin.
371 914 470 975 Habet
492 916 690 997 hioaiiqnia,
725 916 807 996 quod
845 918 944 997 possit
966 936 1062 996 oppo-

140 996 232 1056 nere?
275 1003 386 1058 suntne
424 998 501 1059 haec
533 999 703 1060 clarissima
735 1007 765 1061 at
797 999 932 1060 invicta?
975 999 1061 1077 Esto,

140 1078 282 1157 Papisius
305 1100 366 1140 uon
389 1091 459 1141 suut
480 1082 614 1157 Turnus,
638 1103 737 1162 neque
761 1082 930 1144 Manichaei
952 1093 982 1144 et
1004 1084 1060 1144 Ta·

140 1162 278 1240 tiaui2),
307 1182 364 1223 nec
387 1164 462 1225 tates
486 1184 684 1241 accusamus,
718 1165 771 1226 sed
806 1176 957 1246 quatenus
991 1185 1060 1227 cunr

138 1246 261 1325 Turcis,
284 1247 470 1308 Manichaeis
494 1258 523 1309 et
545 1251 680 1310 'sationis
702 1246 1061 1326 consentiunt‚'accusa-

140 1349 215 1393 mus.
259 1330 377 1391 'Parcae
400 1350 461 1391 non
474 1341 554 1411 sunt,
576 1332 691 1393 iaciunt
709 1342 809 1393 tamen
834 1333 997 1394 aodocent
1014 1353 1060 1413 aa,

139 1431 218 1492 quae
241 1412 354 1475 docent
375 1414 503 1475 'Furcae
871 1471 872 1474 ,

221 1496 297 1558 Cum
320 1517 393 1577 ergo
416 1498 494 1559 haec
515 1501 557 1559 ita
573 1498 715 1578 habeant,
739 1506 770 1559 ut
792 1501 964 1560 monastica
988 1509 1062 1561 vota

139 1600 192 1660 per
214 1579 347 1640 divinam
370 1583 492 1661 spiritus
511 1580 718 1644 definitionem
732 1584 971 1664 pronunciantur
993 1603 1061 1644 esse

138 1664 296 1724 doctrinae
319 1684 466 1725 erroneae
489 1671 521 1725 et
542 1666 762 1728 daemoniacae
785 1674 815 1726 et
843 1666 1061 1746 hypocriticae,

138 1747 209 1826 quid
232 1749 332 1807 adhuc
363 1749 497 1829 trepidas
526 1770 563 1809 ea
585 1769 732 1811 revocare
754 1760 783 1808 et
807 1749 969 1810 deserere?
1014 1752 1059 1811 An

137 1831 272 1910 trepidas
294 1833 431 1912 spiritum
456 1832 632 1894 Creatorem
663 1839 746 1893 tuum
772 1833 877 1894 audire
900 1844 931 1893 et
951 1834 1061 1913 sequi?
1125 1870 1135 1890 .

137 1917 255 1993 Metuis,
279 1936 317 1976 ne
339 1917 461 1996 spiritus
487 1918 619 1977 veritatis
643 1917 694 1976 tibi
719 1919 883 1977 mentiatur
919 1913 973 1976 aut'
1003 1913 1059 1977 ira-

136 2008 248 2074 scatur,
270 2001 294 2060 si
318 2000 468 2061 obedieris
483 2001 550 2060 voci
572 1998 660 2060 eius?
688 1998 720 2061 Si
745 2001 838 2060 scires
853 2007 914 2060 teta
927 1995 1061 2079 rosisse,

137 2093 169 2142 ut
198 2085 389 2163 sacrilegium
419 2083 550 2149 faceres.
585 2085 688 2163 utique
720 2092 824 2143 votum
857 2102 996 2144 caesares
1032 2092 1063 2145 et

138 2175 280 2240 mutares,
304 2187 357 2227 cur
379 2187 441 2227 uon
465 2175 495 2226 et
516 2169 578 2229 hoc
599 2174 698 2228 mutas
721 2175 749 2228 et
775 2167 904 2228 cassas?
948 2167 1007 2228 Sed
1031 2167 1060 2228 id

135 2250 273 2308 fortassis
297 2258 491 2328 temnuntur,
515 2250 597 2328 quod
622 2257 652 2309 er
672 2270 720 2311 me
739 2250 887 2311 hacteuus
911 2261 1059 2312 moratum

114 2341 192 2411 est,
215 2331 295 2409 quod
321 2331 462 2391 monachi
486 2352 546 2392 non
561 2333 682 2408 docent,
706 2334 761 2393 sed
785 2355 840 2393 sua
859 2342 970 2414 sponte
992 2355 1061 2395 sese

135 2415 259 2476 tradunt
279 2416 309 2475 in
333 2415 393 2474 hoc
414 2434 511 2494 genus
546 2415 703 2476 doctrinae
726 2426 757 2476 et
778 2417 959 2496 hypocrisis.
1004 2417 1060 2478 Sa·

135 2498 276 2558 cerdotes
300 2516 373 2558 vero
387 2505 553 2577 praecepto
565 2498 668 2578 Papae
679 2508 839 2578 coguntur,
865 2519 925 2559 nou
950 2510 1060 2580 sponte

136 2591 257 2646 vovent,
303 2585 403 2661 Atque
425 2582 485 2640 hoc
507 2588 710 2661 spontaneum
735 2589 838 2641 votum
862 2602 880 2641 a
902 2583 986 2642 natio
1009 2604 1060 2643 ex-

134 2673 235 2725 actum
259 2666 456 2725 vehementer
480 2664 806 2739 memovithactenus,
829 2666 888 2724 iam
913 2682 985 2725 vero
998 2684 1084 2726 noa-

137 2754 241 2808 muvet
262 2750 402 2828 amptius.
448 2748 597 2823 Primum,
630 2747 712 2827 quod
738 2747 849 2806 Paulus
880 2755 940 2806 tam
965 2748 1059 2808 libero
1131 2777 1134 2782 ·
1164 2761 1167 2767 ’

135 2833 242 2910 spiritu
272 2832 404 2892 affirmat
435 2830 591 2891 doctrinas
623 2850 820 2892 erroneorum
849 2832 1007 2911 spirituum
1031 2839 1062 2891 ct
1154 2895 1156 2900 1

135 2915 368 2976 daemoniorum
393 2915 558 2978 mendaces
580 2934 658 2992 esse,
681 2914 763 2993 quod
786 2923 817 2974 et
838 2915 906 2994 ipsa
919 2933 966 2974 res
990 2933 1058 2974 curn

134 2999 235 3058 verbis
258 2999 345 3059 Pauli
368 3000 482 3059 iaciens
505 2997 624 3078 probat.
668 2998 788 3059 Ducant
801 3000 881 3057 enim
896 3017 951 3077 per
964 3017 1059 3078 opera

133 3081 290 3142 iustificari
313 3093 343 3142 et
364 3082 483 3143 salvari
499 3090 530 3141 et
552 3080 713 3143 discedunt
736 3101 754 3140 a
776 3078 851 3155 fide,
879 3101 950 3140 oum
973 3100 1059 3142 suam

134 3164 356 3245 obedientiam,
391 3171 602 3246 paupertatem
626 3173 656 3224 et
677 3165 848 3224 caetitatem
872 3183 933 3223 nou
958 3165 1057 3225 solum
1098 3182 1100 3186 ⁴

134 3247 318 3310 arbitrentur
340 3267 408 3308 esse
431 3257 529 3309 certas
552 3249 617 3308 vias
640 3246 678 3308 ad
700 3248 841 3326 salutem,
863 3247 917 3308 sed
941 3257 972 3307 et
993 3268 1058 3328 par·

131 3331 275 3392 fectiores
309 3340 339 3392 et
374 3333 530 3407 meliores,
566 3350 657 3410 quam
691 3330 875 3409 reliquorum
909 3330 1057 3412 fidetium,

133 3416 216 3494 quod
240 3424 286 3476 est
315 3416 446 3477 evidcus
485 3424 516 3474 et
544 3423 683 3494 apertum
707 3413 897 3474 mendacium
922 3423 953 3473 et
974 3433 1060 3474 error

133 3507 164 3559 et
187 3508 346 3578 peccatum
381 3500 420 3559 iu,
438 3498 539 3560 iidem.
582 3495 728 3577 Nihilque
755 3496 905 3577 reliquom
929 3508 976 3561 eat
998 3498 1058 3558 iilis

134 3583 192 3641 nisi
215 3582 387 3663 hypocrisis
410 3590 441 3642 et
462 3581 632 3642 cauteriata
655 3581 853 3643 couscientia.

206 3760 238 3824 1)
259 3759 345 3816 ibid:
363 3758 469 3830 spiritu
506 3759 538 3827 2)
561 3759 645 3816 ibid:
663 3774 754 3831 neque
772 3758 892 3815 'fatiant

162 3859 252 3902 canati
265 3872 318 3912 opp.
332 3863 358 3905 v.
373 3862 400 3903 u.
416 3863 444 3904 aa
457 3863 499 3904 aar.
510 3862 561 3903 aar.
575 3865 591 3904 r.
604 3874 627 3917 p.
645 3862 695 3903 vor.
711 3862 749 3904 vr.
857 3833 895 3901 18
