2392 4170
379 224 416 284 ad
435 227 512 285 Frid.
532 228 566 285 D.
586 227 650 289 Sar.
670 232 735 290 adv.
751 231 832 291 Luth.
999 232 1062 302 487

134 407 191 468 erit
211 411 310 467 terrae
331 401 537 464 Sodomorum
560 407 590 462 et
614 402 874 467 Gomorraeorum
895 406 927 466 in
950 404 999 468 die
1018 408 1060 468 in·

136 490 217 564 dioii,
241 507 332 568 quam
355 485 400 546 illi
422 485 548 548 civitati.
871 534 877 547 .

217 576 348 633 Annon
371 569 529 651 praecepit
556 569 598 630 ita
620 571 788 651 apostolis:
823 571 954 635 Obedite
976 593 1061 654 prae·

133 657 242 739 positis
275 655 382 716 vestris
413 658 443 713 et
471 651 628 714 subiacete
657 655 710 717 eis.
756 655 846 731 Quod
869 658 894 717 si
917 657 1005 717 malis
1028 665 1059 718 et

132 739 346 822 pennatorihus
369 755 431 798 non
461 736 499 796 sit
521 736 742 818 obediendum,
771 741 880 818 quibus
913 739 1059 801 tandem?

133 825 285 901 Quoniam
309 824 335 882 si
358 819 533 898 dixerimus,
556 829 716 900 pennatum
739 842 801 883 non
816 823 976 905 habemus,
998 825 1057 906 ipsi

134 928 190 971 nos
213 906 398 984 seducimus,
421 909 453 964 et
476 903 585 964 veritas
606 906 637 964 in
661 905 749 966 nohis
773 925 834 967 non
859 913 914 969 est.

216 990 290 1051 Ovis
312 1008 355 1068 es,
378 987 441 1049 noli
452 985 603 1048 discutere
615 995 786 1068 pastorem:
809 991 905 1051 nolite
927 983 1058 1051 iudioem

134 1075 192 1138 Dei
230 1075 416 1135 constituere
450 1074 481 1129 et
502 1070 623 1133 Christi.
667 1072 715 1132 An
748 1094 810 1134 non
842 1075 886 1135 ita
907 1074 1064 1155 praesepit

123 1160 285 1220 'Dominus
315 1158 346 1219 in
369 1154 561 1233 Evangelio,
596 1155 716 1216 dioens:
760 1156 858 1239 Super
885 1157 1061 1218 cathedram

134 1240 402 1323 Moysi-sederunt
423 1236 548 1298 Saribae
571 1245 602 1298 et
623 1238 795 1319 Pharisaei,
829 1242 947 1319 omnia,
983 1260 1062 1321 quae

135 1325 267 1388 dixerint
290 1321 388 1400 vohis,
411 1320 519 1400 faoite3
552 1322 577 1380 si
600 1342 679 1401 quae
700 1329 803 1384 autern
825 1325 951 1385 fecerint
972 1324 1062 1403 male,

135 1410 235 1471 faeere
258 1408 367 1469 nolite:
401 1404 562 1465 manifeste
583 1405 894 1485 signifloanshahere
918 1426 972 1468 eos
996 1407 1061 1488 dig-

135 1495 272 1570 nitatem,
294 1488 418 1552 tametsi
440 1487 523 1549 vitae
545 1495 649 1549 essent
668 1489 815 1571 perditae.

215 1573 358 1654 Nunquid
393 1570 475 1630 idem
500 1572 667 1650 Dominus,
699 1592 768 1632 oum
791 1581 901 1654 postea
922 1579 1062 1654 tempore

133 1659 287 1740 passionis
309 1657 430 1735 alapam
461 1656 635 1735 aooepisset
663 1675 682 1716 a
704 1676 793 1717 servo
818 1655 997 1737 sacerdotis,
1020 1655 1062 1716 di-

134 1747 223 1802 cente
245 1739 317 1803 sibi:
348 1737 412 1799 >Sin
435 1738 607 1818 respondes
629 1740 786 1821 pontifioi,
819 1741 965 1802 adversus
988 1759 1063 1821 pon-

134 1824 247 1885 tiiioem
270 1823 435 1902 quiequam
473 1821 549 1882 dixit
587 1825 833 1903 contumeliose,
863 1825 935 1903 quin
964 1823 1062 1902 magis

132 1908 340 1969 innocentiam
363 1922 451 1964 suam
489 1924 631 1966 asserens
653 1913 685 1967 et
705 1907 887 1985 ostendens,
924 1908 950 1966 si
973 1906 1065 1985 male,

131 1993 245 2070 inquit,
267 1990 388 2052 loeutus
411 2006 496 2068 sum,
529 1988 683 2070 exprobra
704 1990 742 2051 de
764 1990 864 2068 malo,
893 1990 940 2050 sin
973 1989 1063 2070 bene,

133 2075 205 2153 quid
229 2094 277 2135 me
300 2070 426 2134 saedis?
618 2137 620 2143 Ι

216 2159 264 2218 An
286 2175 350 2217 non
372 2164 402 2216 et
425 2152 547 2234 Paulus,
572 2173 641 2213 oum
664 2154 842 2217 caederetur
863 2155 893 2215 in
928 2153 1061 2215 oonoilio

132 2241 217 2300 iussu
238 2238 380 2299 Ananiae
414 2237 589 2316 dioeretque
617 2235 658 2297 ad
679 2257 762 2298 eum:
805 2237 958 2298 Perontiet
978 2237 1061 2297 Deus

134 2328 174 2398 te,
197 2323 297 2401 paries
311 2320 463 2397 dealbate,
478 2327 509 2380 et
519 2320 609 2381 sedes
621 2321 758 2382 iudicare
780 2321 947 2382 seeundum
961 2321 1061 2399 legem

133 2412 164 2466 et
186 2410 294 2466 eontra
313 2402 403 2463 iubes
427 2420 475 2461 me
496 2404 629 2482 percuti,
664 2403 791 2465 audiens
814 2404 853 2466 ab
876 2403 1063 2465 astantibus:
1159 2427 1163 2436 ·

135 2489 187 2552 Sin
210 2486 373 2548 assimuias
404 2483 597 2546 sacerdotem
619 2486 679 2547 Dei
712 2487 925 2548 maledicendo
953 2489 1063 2566 ipsum,

134 2579 237 2633 tamen
259 2573 353 2631 inane
384 2586 498 2628 nomen
528 2574 560 2629 et
580 2569 720 2630 umbram
742 2570 895 2649 quandam
918 2570 1062 2630 sacerdo·

134 2658 171 2717 tis
190 2657 341 2736 cogitans,
363 2651 511 2732 expavit:
532 2651 718 2728 nesciebam,
730 2654 836 2735 inquit,
850 2654 968 2731 fratres,
992 2653 1063 2730 quia

134 2741 277 2820 prinoeps
301 2743 349 2798 est
370 2732 576 2797 sanerdotnm.
620 2733 772 2817 Scriptum
795 2743 842 2797 est
863 2738 958 2797 enim:
981 2736 1063 2796 Prin-

135 2824 194 2902 oipi
218 2821 327 2903 populi
349 2820 392 2880 tui
415 2836 478 2879 non
501 2815 676 2880 maledioes.

218 2905 287 2981 Quo
311 2904 409 2983 magis
443 2902 602 2980 miramur,
638 2899 720 2980 quod
755 2902 881 2961 existis
904 2901 1064 2963 diabolicis

137 2987 291 3068 operibus,
313 2987 410 3050 veluti
431 2984 576 3047 fruetibus
599 2983 811 3063 nequissimis,
834 2982 975 3045 arborem
996 3004 1064 3066 pes·

135 3073 245 3131 simam
272 3071 410 3132 nondum
439 3068 639 3149 oognovistis.
693 3066 733 3126 Et
769 3067 836 3145 quis
870 3067 993 3128 tandem
1017 3073 1065 3128 est

135 3157 177 3215 ita
198 3153 294 3215 hebes
318 3154 434 3231 animo,
455 3161 488 3213 ut
509 3171 573 3213 non
595 3150 707 3230 videat,
731 3167 792 3229 quo
811 3156 1066 3231 nunoerumpant

95 3252 102 3259 “
134 3238 328 3298 furiosissimi
351 3242 480 3299 oonatus
502 3234 589 3296 eius?
623 3253 692 3295 oum
719 3239 753 3294 ut
774 3231 904 3312 quisque
926 3236 973 3294 est
993 3234 1064 3294 faoi-

135 3321 365 3398 norosissimus,
389 3319 656 3400 desperatissimus
678 3322 731 3378 aut
751 3313 973 3397 perditissimus
987 3315 1064 3378 latro

136 3408 189 3463 aut
209 3401 383 3484 hominida,
419 3404 475 3464 sub
512 3403 599 3463 istius
624 3400 745 3462 vexillis
774 3417 812 3459 ao
833 3398 928 3478 signis
952 3415 1066 3460 nonve·

137 3485 247 3547 aiunt?

90 3565 96 3570 ’
218 3567 391 3629 Ecclesiam
413 3569 475 3629 iam
500 3567 610 3628 Christi
632 3565 866 3647 parrioidaiibus
899 3564 992 3626 armis
1029 3582 1067 3625 ao

134 3652 292 3735 sacrilegis
314 3650 457 3712 manibus
499 3669 561 3712 non
595 3650 691 3729 olam,
723 3650 776 3712 sed
805 3649 927 3732 publius
950 3666 1066 3729 oppug-

135 3743 261 3821 nantes,
284 3740 467 3799 oonseorata
487 3733 556 3797 Deo
578 3732 664 3814 looa,
686 3734 803 3817 templa
830 3738 861 3797 et
880 3729 1067 3796 monasteria
