2392 4170
189 240 253 317 172
564 250 606 310 ne
625 251 790 325 sammua
841 260 846 267 ·

271 422 335 486 lem
355 420 468 486 ethoo
482 430 604 487 constat
626 425 777 490 ePsalm.
799 426 840 505 4.,
863 421 946 506 quod
961 421 1113 487 Dominus

82 524 85 529 ⁴
190 505 332 569 mirificat
358 505 489 569 Sanctos
522 526 605 573 suos.
654 509 695 571 Et
714 509 826 573 Psalm.
854 507 945 587 68¹):
965 505 1114 569 Mirabilis

191 596 239 654 est
259 591 290 651 in
313 589 433 653 Sanctis
456 591 536 668 suis,
570 593 640 654 sinit
662 612 717 655 eos
746 595 776 654 in
800 593 901 654 multis
924 598 956 653 et
972 590 1025 651 diu
1047 597 1112 651 tarn

189 675 334 755 ignorare
346 693 437 754 qoam
448 693 559 737 errare.
584 677 837 738 Peccavitllloses
862 684 893 738 et
907 677 1025 752 Aaron,
1047 673 1113 754 lap·

189 777 241 820 sus
264 766 311 818 est
332 757 431 819 David
454 764 485 818 et
506 758 671 840 Salomon,
700 760 812 822 cecidit
832 761 938 821 Petrus
961 758 1040 818 trina
1062 776 1115 819 ne·

189 842 334 923 gatione,
373 848 405 903 et
432 841 537 921 lapsus
568 845 700 925 cogebat
728 851 836 926 gentes
864 843 1027 904 iudaisare.
1072 840 1114 902 let

189 932 303 1006 quanto
327 932 475 1007 tempore,
498 943 626 1004 quaeso,
648 929 720 989 sinit
735 946 790 989 eos
811 929 842 988 in
865 925 1005 1008 peccatis
1016 923 1114 1002 volvi,

188 1015 353 1088 antequam
389 1011 571 1071 convertat?
628 1011 739 1074 Nonne
785 1031 893 1072 omnes
927 1005 1113 1077 cantant*):

190 1091 367 1171 Priusquam
390 1092 576 1173 humiliarer,
599 1114 658 1176 ego
682 1095 816 1175 deliqui?
839 1101 883 1156 et:
907 1094 975 1174 Ego
998 1090 1063 1151 dixi
1080 1091 1112 1151 in

188 1194 319 1241 excessu
346 1193 432 1253 meo,
454 1177 554 1238 omnis
580 1178 675 1240 horno
697 1178 842 1244 mendax.
885 1172 1049 1252 David**)
1079 1174 1111 1234 in

188 1259 290 1321 media
322 1256 517 1320 tribulatione
540 1264 690 1342 peccavit,
714 1262 843 1324 credens
866 1259 1019 1322 adulatori
1038 1255 1113 1320 Sibe

188 1342 335 1405 adversus
357 1343 573 1423 llliphiboseth.
618 1346 695 1407 Loth
717 1348 891 1407 in-summa
913 1341 1112 1406 tribulatione

187 1432 298 1507 peccat
319 1445 387 1488 cum
410 1425 530 1487 filiabus
551 1430 624 1493 suis.
668 1430 742 1506 Quis
765 1449 838 1492 vero
860 1448 898 1490 ea
926 1425 1045 1504 videat,
1074 1423 1114 1487 de

188 1510 298 1591 quibus
326 1510 450 1591 ipsimet
478 1509 677 1589 dicunt***):
701 1514 820 1575 Delicta
849 1513 916 1592 quis
946 1506 1111 1588 intelligit?

188 1592 226 1655 ab
249 1593 378 1655 occultis
401 1594 478 1654 meis
500 1596 614 1659 munda
638 1618 694 1675 me,
718 1597 859 1663 Domine.
893 1594 1019 1655 Minima
1041 1610 1111 1672 por·

187 1677 230 1739 tio
252 1684 448 1758 peccatorum
472 1683 684 1760 cognoscitur,
707 1683 798 1742 etiam
821 1678 860 1740 ab
883 1678 956 1758 ipsis
979 1675 1112 1737 Sanctia.

270 1760 329 1822 Sed
359 1766 393 1820 ut
421 1761 452 1821 in
482 1762 529 1823 his
552 1766 687 1845 peccatis
716 1771 747 1825 et
770 1761 924 1825 erroribus
947 1762 1112 1820 serlentur

189 1843 295 1908 Sancti
324 1853 355 1905 et
377 1853 505 1925 pereant
531 1848 634 1929 impii,
658 1848 771 1928 duplex
800 1853 848 1907 est
868 1863 972 1906 causa.
1014 1841 1113 1920 Prior,

187 1927 270 2010 qnod
293 1926 397 1990 Sancti
420 1927 534 1991 habent
555 1930 646 1992 fidem
670 1931 798 2008 Christi,
820 1949 881 2010 qua
901 1926 1058 2006 obsorpti,
1081 1930 1114 1985 et

188 2013 214 2073 si
236 2009 332 2073 multa
352 2011 469 2072 iaciant
496 2015 689 2096 ignorantes,
720 2033 799 2094 quae
820 2012 922 2093 impiis
945 2015 1051 2070 essent
1072 2005 1112 2068 ad

189 2103 339 2169 mortem,
374 2113 494 2174 semper
523 2107 683 2179 resurgunt
706 2106 736 2158 et
759 2101 928 2169 servantur,
950 2094 1013 2152 imo
1037 2110 1113 2152 nun·

188 2198 279 2260 quam
303 2177 417 2238 cadunt
438 2179 467 2238 in
491 2182 613 2243 malurn.
647 2180 826 2242 lncredibile
849 2187 895 2241 est
916 2179 963 2252 iis,
986 2175 1038 2254 qni
1060 2193 1112 2236 ex·

187 2264 264 2343 perti
294 2280 357 2321 non
380 2269 464 2342 sunt,
487 2273 603 2344 quanta
623 2267 661 2325 sit
685 2267 778 2325 virtus
800 2263 893 2341 fidei,
923 2259 1059 2320 maxime
1080 2258 1110 2317 in

188 2346 332 2426 peccatis.
375 2344 441 2406 Hac
461 2346 521 2408 fide
544 2368 612 2409 cunr
637 2355 762 2409 careant
783 2348 888 2426 impii,
911 2342 1032 2404 etiamsi
1056 2360 1109 2421 op·

187 2429 262 2488 tima
278 2427 459 2490 Sanctorum
471 2450 566 2510 opera
581 2433 745 2509 imitentur,
769 2437 907 2511 peccant.
944 2427 1111 2501 Posterior,

187 2510 270 2592 qnod
292 2514 388 2573 sancti
411 2514 470 2574 hac
490 2514 551 2575 fide
573 2514 682 2576 eruditi
704 2533 828 2595 prorsus
850 2514 881 2572 in
904 2510 972 2570 sola
995 2508 1110 2569 miseri·

187 2596 292 2657 cordia
313 2596 463 2674 nituntur,
486 2599 571 2660 nulla
593 2619 649 2659 sua
682 2617 777 2678 opera
800 2597 1016 2661 aestimantes,
1038 2593 1111 2671 quin

187 2680 292 2740 omnia
313 2680 432 2742 inutilia
449 2689 479 2742 et
501 2688 630 2762 peccata
651 2701 720 2742 esse
735 2700 775 2741 ex
798 2681 901 2740 animo
915 2674 1111 2752 confitentur,

187 2769 336 2844 perpetua
357 2764 536 2828 humilitate.
568 2767 608 2826 At
630 2765 707 2826 haec
728 2763 882 2825 confessio
906 2767 936 2820 et
958 2758 1113 2818 humilitas

186 2866 247 2907 non
272 2848 355 2926 sinit,
379 2855 411 2909 ut
432 2856 559 2929 pereant
580 2851 610 2909 in
634 2850 696 2909 suis
719 2847 854 2928 peccatis
877 2851 907 2905 et
930 2841 1113 2922 ignorantiis

188 2937 218 2990 et
247 2929 421 3009 erroribus,
457 2951 525 2993 curn
554 2932 637 2992 Deus
666 2932 797 2992 humiles
826 2927 1056 3004 derelinquere,
1084 2929 1116 2985 et

188 3011 404 3075 confitentibus
440 3034 502 3077 non
534 3035 660 3096 parcere
693 3034 756 3075 non
789 3013 897 3093 possit.
947 3008 1031 3068 'Palis
1059 3007 1116 3068 init

187 3096 393 3176 Bernhardus,
416 3098 454 3160 de
476 3107 541 3163 tota
564 3100 693 3160 vitasua
707 3097 813 3158 dicens
831 3097 860 3155 in
884 3111 1002 3173 agone:
1024 3090 1115 3152 Tem-

184 3199 243 3260 pus
267 3200 370 3241 meum
392 3182 523 3262 perdidi,
546 3184 618 3261 qnia
639 3180 759 3262 perdite
781 3180 854 3240 vixi.
896 3176 981 3237 Talis
1004 3174 1115 3256 Augu·

188 3262 301 3324 stiuus:
341 3265 406 3326 Vae
429 3266 587 3326 hominum
610 3266 691 3326 vitae
714 3269 984 3344 quantumcunque
1007 3257 1116 3320 lauda·

187 3344 250 3424 bili,
272 3348 298 3406 si
321 3354 439 3409 remote
463 3349 672 3412 misericordia
693 3348 852 3408 iudicetur.
886 3344 1010 3404 Annon
1035 3340 1117 3402 vide·

188 3447 255 3488 mus
278 3430 308 3490 in
332 3431 515 3512 Augustino,
538 3432 695 3511 quomodo
724 3436 869 3491 retractet
892 3425 1006 3486 multos
1027 3443 1117 3487 erro-

187 3531 246 3588 res,
270 3514 300 3572 in
323 3513 549 3595 quihusulique
572 3515 702 3596 perditio
716 3520 791 3589 erat,
816 3509 874 3572 nisi
896 3507 957 3569 fide
974 3515 1117 3570 servatus

190 3711 257 3850 ”ll
275 3710 465 3841 paddpppiga
485 3714 528 3770 67.
559 3715 590 3783 *J
611 3711 684 3767 Psal.
704 3712 764 3768 119.
785 3711 846 3766 116.
880 3708 928 3773 ”l
947 3709 972 3763 2.
985 3705 1061 3762 Sam.
1074 3709 1118 3765 16.
