2392 4170
448 261 531 319 Dosa
549 261 628 319 Mart.
647 259 726 329 Lutb.
991 260 1054 323 419

132 436 248 497 metuat
271 449 358 510 reges
387 430 542 511 superbos.
565 437 597 490 et
620 428 837 509 blasphemos,
866 426 921 497 sed
953 430 1054 510 potins

132 520 255 577 montes
276 514 420 575 transfert
441 522 611 593 autequam,
622 517 814 592 cognoscant
835 518 866 573 et
886 511 1055 594 apprehen-

132 597 176 657 dit
198 605 315 657 astutos
338 598 367 656 in
391 598 503 657 astutia
524 617 587 657 sua.

215 678 371 739 Confirmo
398 681 503 758 itaque
529 679 664 739 libellum
686 697 788 738 meum
818 676 856 738 de
878 677 1055 759 captivitate

134 762 323 842 Babylonica
345 762 652 839 christianissimum,
690 768 723 820 ut
742 761 828 821 euius
858 760 971 823 robora
992 779 1054 821 uon

133 848 231 923 tetigit
259 845 455 906 meticulosus
480 845 640 906 Themista
666 844 734 905 Rex
766 851 797 903 et
829 854 937 904 contra
970 863 1054 905 meas

133 948 223 1008 rupes
248 929 333 1008 vagis
352 933 384 991 et
405 927 496 989 aridis
518 928 637 1013 stipulis
660 925 768 989 ludens
790 928 946 1006 egregium
968 945 1053 1006 prae·

133 1012 197 1071 buit
220 1011 287 1071 orbi
310 1010 535 1091 spectaculum,
559 1018 590 1071 ut
611 1010 697 1089 pueri
719 1017 750 1069 et
773 1010 927 1071 moriones
944 1008 1057 1069 intelli·

132 1103 207 1174 gant
229 1096 293 1156 sius
305 1096 454 1176 insignem
476 1095 639 1170 inscitiam,
661 1091 887 1170 hebetudinem,
910 1091 1054 1153 malitiam

133 1184 165 1238 et
185 1179 361 1257 nequitiam.
405 1177 610 1239 Transeamus
632 1175 672 1237 ad
694 1175 786 1239 aliud.

215 1260 344 1339 Quarto,
366 1280 434 1322 oum
457 1279 517 1341 ego
534 1261 803 1335 demonstrassem,
825 1275 887 1320 nou
910 1276 980 1319 esse
1001 1276 1056 1318 us-

133 1346 299 1405 eesssrium
323 1344 457 1422 eredere,
481 1364 591 1424 panem
608 1344 751 1404 etviuum
767 1340 1056 1420 transsubstantiari,

133 1429 262 1507 insurgit
294 1428 325 1487 in
358 1448 407 1488 me
441 1427 600 1489 Themista
636 1426 703 1487 Rex
739 1426 856 1487 duabus
898 1425 1055 1487 machinis.

134 1510 269 1585 Quarum
292 1512 391 1590 prima
413 1518 461 1571 est
482 1511 636 1572 Ambrosii
658 1508 795 1585 verbum,
818 1508 915 1569 altera
935 1508 1057 1569 Themi·

134 1596 226 1655 stieus
245 1593 298 1654 ille
320 1595 410 1673 aries,
432 1596 483 1672 qni
504 1600 648 1654 vocatur:
672 1592 802 1672 Oportet
823 1593 868 1652 sic
886 1611 963 1653 esse.
987 1592 1057 1651 Am·

134 1678 268 1738 brosium
291 1676 406 1736 inducit
428 1685 626 1754 asserentem,
647 1676 721 1735 nihil
735 1694 895 1735 remanere
917 1675 976 1733 nisi
991 1693 1056 1735 eor-

134 1780 190 1839 pus
213 1767 244 1818 et
265 1761 447 1838 sanguinem
471 1767 541 1838 post
563 1761 839 1819 consecrationem.

217 1841 296 1917 Quid
320 1860 379 1922 ego
412 1842 615 1922 respondeam
654 1845 716 1901 tam
739 1841 862 1901 insulsis
892 1846 923 1899 et
945 1838 1057 1919 ineptis

134 1925 256 1985 stultis?
299 1925 331 1985 Si
353 1926 403 1985 his
425 1944 587 2003 quaeram:
624 1924 672 1983 Au
695 1924 848 1983 Ambrosii
872 1921 997 1983 verbum
1021 1923 1060 1980 sit

134 2009 276 2069 articulus
298 2007 370 2069 lidei
398 2005 612 2068 necessarius?
643 2004 724 2066 dicet
746 2007 828 2066 Rex:
864 2004 993 2084 Oportet
1014 2005 1059 2062 sie

135 2112 213 2152 esse.
258 2090 289 2151 Si
313 2092 433 2152 dixero:
457 2091 532 2166 Quis
555 2088 815 2150 deditAmbrosio
837 2089 884 2147 ius
905 2085 1059 2147 condendi

134 2175 277 2233 articulos
309 2174 403 2234 fidei?
437 2173 533 2235 diest:
571 2172 701 2253 Oportet
734 2175 891 2235 sicesse.
935 2171 974 2230 Et
996 2188 1058 2231 uon

134 2253 217 2314 videt
239 2255 382 2315 stolidum
406 2267 514 2336 eaput,
550 2256 612 2316 tale
643 2275 712 2316 esse
734 2255 890 2316 Ambrosii
924 2252 1059 2333 verbum,

135 2336 217 2416 quod
240 2355 274 2396 se
295 2339 393 2416 ipsum
412 2338 558 2418 devorat,
591 2358 660 2398 eum
690 2337 880 2418 impossibile
903 2338 957 2413 sit,
985 2334 1059 2395 nihil

134 2438 292 2480 remanere
326 2421 382 2478 nisi
405 2438 516 2500 eorpus
546 2428 577 2478 at
598 2421 778 2498 sanguinem
806 2427 877 2499 post
898 2436 1058 2480 consecra·

135 2505 267 2581 tionem,
291 2504 347 2562 nisi
371 2503 453 2581 quod
475 2502 556 2581 apud
578 2502 754 2562 Themistas
776 2502 993 2563 subtilissimos
1016 2502 1058 2560 vi·

134 2604 185 2646 ros
207 2585 315 2663 forma,
338 2584 432 2661 ealor,
454 2585 547 2664 frigus
569 2590 601 2643 et
621 2584 681 2643 alia
699 2583 870 2644 accidentia
893 2583 965 2643 nihil
990 2602 1060 2643 esse

135 2669 281 2729 dicuntur.
325 2667 412 2728 Nam·
425 2667 596 2743 haeevere,
620 2673 653 2726 ut
674 2684 734 2726 nou
752 2673 823 2726 sunt
845 2665 929 2742 nihil,
952 2667 995 2724 ita
1016 2666 1058 2724 vi-

135 2752 240 2813 demus
263 2771 300 2811 sa
312 2770 480 2829 remanere,
503 2759 536 2810 ut
548 2748 745 2810 Ambrosium
757 2748 808 2809 hie
824 2767 942 2809 errasse
956 2747 1058 2828 palam

93 2834 104 2855 ’
135 2836 297 2915 palpemus
322 2836 426 2897 etiem.

217 2917 278 2978 Sed
301 2924 387 2996 esto,
420 2915 602 2976 Ambrosius
636 2913 768 2974 voluerit
805 2932 865 2973 uon
901 2930 1059 2972 remanere
1174 2996 1177 3000 ἡ

134 3019 247 3080 panem
270 3001 436 3078 stainam,
461 2999 571 3075 dicam,
594 2997 789 3058 Ambrosium
814 3015 870 3056 suo
894 3013 985 3054 sensu
1007 2994 1058 3054 ab·

135 3083 254 3145 undare
275 3085 428 3164 permitto,
451 3099 552 3160 usque
573 3087 698 3140 sanetus
721 3081 766 3139 vir
788 3078 848 3140 hoo
869 3076 963 3138 verbo
989 3095 1060 3137 aou·

135 3168 293 3227 solentiam
318 3166 407 3225 ullius
431 3184 487 3226 eeu
511 3162 639 3240 articulo
662 3162 732 3223 fidei
746 3162 843 3222 voluit
856 3160 1059 3239 obstringere,

136 3268 204 3307 eum
227 3249 257 3308 id
280 3268 341 3309 nou
365 3250 463 3328 possit
485 3246 681 3324 eScriptnris
704 3239 975 3326 demonstrarel).
998 3242 1059 3304 eeu

135 3333 301 3409 sicutipse
332 3329 427 3392 libere
456 3331 516 3391 hoe
539 3327 632 3389 modo
655 3335 703 3388 est
724 3329 885 3409 opinatus,
917 3328 961 3386 ita
995 3345 1060 3406 per·

136 3415 217 3473 misit
237 3415 304 3473 aliis
327 3414 415 3473 aliter
436 3413 570 3493 opinari,
604 3413 744 3490 exeeptis
765 3410 949 3486 Themistis,
981 3427 1059 3489 qnos

135 3499 227 3558 etiam
261 3497 431 3557 veternosis
455 3496 583 3556 somniis
611 3496 688 3572 suis,
727 3512 782 3555 een
818 3493 955 3555 articulis
978 3491 1060 3567 fidei,

135 3582 248 3660 iustum
270 3585 318 3640 est
338 3579 497 3657 illaqueari
519 3585 550 3639 et
570 3577 685 3642 vexari.

180 3782 183 3786 ’
208 3763 239 3832 1)
260 3761 292 3815 In
310 3760 354 3818 ed.
373 3759 458 3831 orign
477 3757 688 3815 demonstraret.
780 3827 851 3894 27*
