2392 4170
384 257 511 323 Rationis
528 255 711 323 Latomiauee
729 260 780 313 ete
991 254 1054 321 413

133 411 209 475 dum
228 408 430 480 substantiam
459 410 531 477 iacti
569 415 686 474 tantum
722 408 802 471 effici
824 426 934 489 posse,
967 410 993 471 si
1014 428 1053 487 err

132 495 221 556 tntis
217 495 415 555 naturatibus
438 495 551 566 uiribus
573 493 666 571 fiant,
700 500 735 553 ιιι
745 476 838 554 Deus
867 490 927 554 illia
949 511 1053 563 necea

132 579 213 639 ιιιιιο
245 584 277 641 et
311 576 509 646 infallibiliter-
543 579 672 655 gratiam
704 576 862 655 largietur.
904 575 973 653 Hoc
1008 584 1055 653 eet

133 661 237 723 iacere
254 661 375 739 quod
368 667 540 737 inanest,
581 659 784 729 cuananlus
817 668 861 725 et
880 666 953 738 post
984 678 1053 737 eum

132 743 321 840 Augustinus
345 744 436 803 tantis
459 744 599 803 tonitruis
622 744 780 819 insonent,
810 718 1011 801 hominem'
988 761 1053 823 erne

132 829 232 911 gratia
254 845 309 906 per
331 827 430 906 tegam
454 845 515 887 non
549 827 607 885 nisi
629 825 767 904 peiorem
788 823 852 884 fieri
865 824 979 903 ,quod
1003 808 1054 903 terr

132 913 206 973 iustu
229 917 389 990 operetur,
407 918 438 970 et
459 910 625 989 intraverit,
648 915 682 968 ut
701 907 871 969 abundaret
882 916 1054 988 peceatum,

132 994 176 1060 ita
197 1001 231 1053 ut
246 993 349 1055 huius
359 994 535 1057 sententiae
558 955 721 1070 saciiiegio
740 991 914 1053 universum
939 1009 1053 1051 novum

132 1075 363 1144 Testamentum
386 1077 621 1151 evacuaverint,
650 1080 682 1140 et
703 1092 741 1146 eo
760 1091 821 1134 nos
842 1072 979 1134 infelices
1002 1072 1054 1136 no,-

132 1161 215 1224 nine
234 1167 325 1219 tenus
342 1157 532 1229 Christianos
555 1157 763 1237 perduxerint,
786 1164 818 1217 ut
829 1155 950 1217 Christo
968 1175 1053 1237 pror-

133 1241 292 1313 sus-nulio
308 1260 371 1302 usu
394 1243 434 1300 sit
449 1259 542 1319 opus,
564 1242 621 1301 nisi
646 1247 678 1301 ιιι
699 1240 811 1307 doceat
832 1257 889 1300 nos
911 1240 1022 1301 solum.

218 1324 355 1394 Norunt
376 1324 414 1383 de
436 1323 497 1393 fide
518 1323 657 1399 informi,
680 1324 844 1401 aequisita,
866 1324 1003 1401 generali
1025 1331 1056 1384 et

134 1407 272 1488 speciali,
296 1406 401 1467 itidem
424 1407 581 1487 principiis
597 1405 668 1466 fidei
679 1405 800 1475 illorum
815 1405 873 1479 ιιιιι
893 1414 1055 1486 nugentur,

133 1491 210 1570 quid³
227 1509 305 1569 opus
329 1498 374 1551 est
397 1489 531 1551 referre?
552 1489 689 1561 Factum,
703 1489 837 1568 tandem,
859 1495 901 1565 qt,
923 1491 978 1561 etsi
1001 1491 1055 1552 im·

133 1573 281 1654 possibile
302 1575 351 1654 sit,
374 1573 586 1638 mandataDei
602 1571 722 1651 impleri
742 1573 809 1631 sine
820 1573 928 1651 gretia,
951 1572 1055 1652 quoad

134 1658 332 1716 intentionem
356 1657 593 1736 praecipientis,
627 1662 730 1715 tamen
763 1656 793 1730 ip
808 1726 811 1731 y
828 1674 933 1730 manu.
950 1664 1002 1719 tue
1023 1663 1054 1732 et

134 1756 264 1819 prorsus
281 1738 372 1801 facite
394 1746 440 1801 eet
461 1740 592 1818 gratiam
612 1739 760 1816 consequi
781 1736 927 1818 operibus
946 1758 1053 1799 secun-

133 1822 428 1890 dumrsubstantianr
457 1821 529 1887 tacti
552 1823 682 1901 paratis,
715 1829 749 1880 ιιι
776 1823 836 1881 'rem
860 1819 1054 1897 liberumarf

134 1906 254 1969 bitrium
283 1924 346 1967 non
380 1905 474 1967 modo
496 1905 670 1984 regnetin
688 1904 832 1985 operibus
854 1901 1054 1986 substantias,
1157 1966 1161 1972 ,

132 1989 186 2049 aed
208 1990 238 2049 in
262 1990 331 2068 ipsa
352 1990 445 2048 etiam
466 1989 637 2049 intentione
659 1988 892 2067 praecipientis,
913 1987 981 2055 hoe
996 1998 1042 2049 est

134 2072 279 2150 piane-‚in
303 2073 370 2151 ipsa
391 2073 491 2150 gratia
511 2071 586 2149 Dei,
618 2090 730 2151 nempe
752 2073 782 2131 in
805 2091 899 2132 manu
919 2072 984 2133 eius
1007 2091 1040 2133 ee

132 2157 260 2234 gratiam
285 2155 387 2215 venire
410 2155 457 2214 vei
479 2173 543 2215 nnn
564 2155 678 2217 venire.

168 2279 170 2282 >
215 2235 295 2300 Hinc
318 2237 400 2298 bona
415 2238 562 2313 moralia,
598 2238 679 2298 bona
714 2236 880 2313 neutralia,
915 2248 945 2299 et
979 2237 1053 2317 quid

133 2320 255 2385 dinam?
279 2327 324 2379 tot
345 2322 496 2400 principia
516 2320 588 2380 fidei
609 2321 657 2381 isti
680 2319 808 2398 habent,
832 2329 907 2399 quot
929 2321 1051 2383 Petrum

134 2405 226 2478 dicta,
251 2411 328 2484 quot
338 2405 538 2467 conciliorum
563 2403 696 2480 decreta,
719 2411 794 2481 quot
807 2423 906 2484 papae
929 2405 1053 2484 piacita,

133 2498 210 2566 quot
220 2488 433 2566 Mag-istrorum
452 2486 632 2548 nostralinm
647 2488 894 2562 sentimenta-ut
906 2489 1051 2563 mundum

133 2590 240 2632 cernae
263 2572 389 2650 periisse
424 2570 538 2631 diluvio
567 2569 703 2647 quodam
723 2570 941 2649 principiorum
974 2573 1052 2639 dun·

134 2663 218 2715 taxat
240 2654 329 2731 fidei,
353 2661 416 2714 tum
440 2673 519 2734 quae
540 2663 629 2732 putes
651 2661 741 2713 erunt
760 2653 906 2730 sequelae
928 2661 1052 2721 etcum,

133 2738 286 2799 clusiooes
308 2737 436 2797 eorum?
467 2737 507 2797 Et
532 2755 601 2796 cum
625 2737 684 2795 ista
705 2735 878 2815 sitseeptias
901 2739 1053 2818 sacrilega

133 2821 290 2900 theologia
311 2821 532 2898 recentiorum,
560 2825 593 2879 ιιι
614 2838 705 2879 nemo
727 2821 827 2899 possit
847 2838 978 2899 negare,
1001 2821 1052 2884 od-¹

133 2903 191 2964 huc
215 2904 308 2965 audet
329 2903 473 2973 os.istnd
495 2903 686 2973 Lovunicnse
719 2904 870 2983 impurum
886 2935 890 2953 =
906 2911 936 2963 et
957 2905 1052 2984 impu,-

134 2988 207 3047 dens
230 2994 330 3049 rostro
350 2995 497 3066 porrecto
518 2988 549 3045 in
572 2985 678 3049 orbem
693 2985 823 3063 xlallare,
851 2986 960 3053 eedem
983 3006 1053 3048 esse

134 3072 226 3132 docta
248 3070 287 3130 ab
309 3072 452 3150 antiquis,
475 3088 555 3149 quae
576 3089 596 3130 a
613 3068 833 3139 recentioribus
854 3070 930 3148 istis,
953 3070 1053 3143 adhuc

132 3155 233 3298 pergt
208 3154 459 3219 roonoordare
478 3162 676 3231 utrorumque
714 3152 797 3213 dicta
819 3160 852 3213 et
872 3155 1052 3232 sententias,

134 3245 166 3297 ιιι
212 3238 340 3298 hristum
361 3256 430 3298 cum
453 3237 549 3298 Belial
573 3237 680 3312 societ,
702 3243 734 3297 et
754 3234 854 3303 lucem
876 3256 945 3298 cum
970 3247 1052 3313 tene-¹

133 3320 194 3381 brie
214 3320 393 3382 confundat.
446 3374 449 3379 .
554 3364 555 3369 η

151 3403 383 3465 ωιιιιιιιιιιιιι
415 3410 535 3481 autem,
568 3409 700 3482 quante
696 3402 842 3471 oracula
875 3370 1052 3484 Scripturqa

133 3486 203 3551 huic
224 3487 380 3548 scandalo
408 3486 517 3548 cedere
539 3493 649 3555 coacta
665 3487 745 3565 sint,
773 3486 930 3565 theatrum
945 3488 1050 3563 ιοιιιιιι

133 3570 244 3631 Paulus
266 3570 357 3631 Rom.
380 3571 414 3634 8;
448 3568 525 3629 Nam
559 3566 643 3649 quod
670 3569 859 3649 impossibile
888 3579 953 3630 erat
980 3572 1051 3650 legi,

134 3655 162 3713 in
187 3673 250 3751 quo¹
271 3653 480 3714 infirmabatur
502 3673 556 3733 per
579 3672 712 3734 carnem,
735 3654 818 3712 Deus
842 3655 922 3714 misit
943 3653 1051 3714 Filium

134 3757 220 3800 suum
242 3740 273 3798 in
296 3737 523 3798 similitudinem
546 3738 840 3832 carnispeoeatiffit
861 3736 900 3799 de
922 3744 1051 3843 peqoato
