2392 4170
323 230 424 291 attor
444 188 571 290 staca
598 227 877 290 cucolanstan.
1023 230 1065 303 cs

145 397 341 476 doctissimi,
378 403 411 458 nt
431 398 542 457 trustra
563 394 724 475 laborent,
751 403 783 458 et
816 395 1008 478 impossibile
1026 398 1067 463 sit

144 484 229 564 ipsos
252 472 419 561 aliqnando
441 480 633 559 concordari,
655 489 686 542 et
702 480 793 541 simul
814 483 845 541 in
868 499 960 549 unurn
978 480 1065 547 intel-

146 567 258 627 lectum
293 570 504 645 comportare,
536 565 599 624 imo
625 573 751 645 propter
778 563 840 624 hoc
867 563 1007 646 student,
1031 571 1066 637 ιιι
1136 641 1141 646 ⁵

146 647 333 711 discordent.
368 648 449 707 acce
473 665 547 726 ergo
570 651 888 709 necessitasextrema
901 647 1064 729 Magistro·

143 751 221 812 rum,
244 729 455 792 concludimus
478 748 552 809 ergo
575 750 645 790 cum
667 732 774 812 regula
796 731 911 796 ultima.

436 901 598 965 Decima
618 904 770 988 regula.

227 1054 301 1115 Sola
328 1052 541 1115 determinatio
571 1055 671 1116 almae
691 1056 857 1119 Faculletis
884 1063 931 1117 est
952 1058 1063 1137 lucida,

143 1138 298 1201 credenda
319 1146 350 1197 et
371 1137 561 1218 accipienda,
583 1141 707 1218 quoties
727 1140 887 1220 allegatur.

224 1221 311 1282 Haec
331 1228 418 1300 patet
439 1239 479 1280 ex
501 1220 609 1301 dictis,
637 1225 709 1301 quia
730 1223 799 1283 sola
819 1222 902 1293 alma
923 1222 1064 1289 Facultas

76 1338 79 1343 ·
141 1303 276 1365 elucidat
298 1304 415 1383 omnia,
437 1304 536 1382 primo
559 1305 748 1387 Scripturas,
769 1316 841 1387 post
862 1304 923 1365 hoc
947 1306 1063 1388 Patres,

142 1389 249 1455 ultimo
273 1386 464 1465 Scribentes,
485 1395 517 1446 et
538 1406 601 1448 non
627 1399 732 1469 potest
755 1407 873 1466 errare,
898 1390 969 1467 quic
991 1389 1063 1450 Liri·

139 1473 257 1551 pipium
280 1478 310 1530 et
325 1471 492 1530 Almutinm
517 1489 580 1531 non
602 1483 673 1532 sunt
689 1474 780 1553 signa
801 1472 950 1535 lallibilia.
981 1472 1063 1537 Mala

142 1572 216 1635 ergo
239 1555 361 1629 faciunt,
385 1554 435 1632 qui
458 1552 630 1635 Scripturas
652 1556 751 1617 nudas
773 1564 952 1636 aequantur,
972 1557 1084 1634 peius,

141 1644 192 1716 qui
214 1638 313 1697 nudos
335 1636 451 1714 Patres,
474 1639 607 1715 pessima
627 1641 678 1719 qui
695 1638 880 1717 Scribentes,
901 1641 973 1718 quia
992 1657 1063 1720 pro·

141 1720 254 1781 cedunt
276 1720 314 1779 da
342 1720 529 1781 obscuritate
557 1721 596 1782 ad
618 1724 851 1802 obscuritatem,
877 1721 977 1782 donec
997 1724 1063 1793 istis

140 1805 263 1865 omissis
285 1803 397 1864 almam
410 1803 596 1865 Facultatem
619 1807 781 1887 audierint,
804 1805 991 1886 etLiripipio
1013 1804 1061 1873 fii-
1158 1856 1161 1860 .

141 1890 228 1953 miter
249 1887 454 1966 adhaeserint,
476 1886 517 1946 ibi
540 1896 587 1949 est
607 1889 661 1948 lux
682 1890 787 1951 mundi
808 1892 967 1969 stragula
987 1888 1060 1961 odsi

139 1979 171 2032 et
191 1989 314 2033 morum
334 1970 509 2035 infallibilis.

221 2055 254 2116 ln
277 2053 348 2133 fine,
371 2061 442 2114 sunt
459 2055 563 2134 eliqua
579 2054 672 2117 dubia
692 2055 835 2119 videnda.
867 2055 907 2123 lit
927 2055 1058 2136 primurn

137 2144 185 2198 est
206 2138 277 2218 hoc,
299 2137 382 2215 quod
406 2147 512 2217 posset
534 2139 644 2217 aliquis
667 2147 793 2220 putare,
814 2139 897 2219 quod
919 2138 1058 2218 Magistri

137 2224 235 2283 nostri
267 2240 331 2283 non
357 2229 487 2300 possent
517 2225 562 2281 sic
593 2225 774 2302 simpliciter
802 2223 932 2292 dasne
956 2225 1057 2302 capite

137 2304 351 2383 determinare,
374 2306 446 2384 qnia
466 2305 568 2365 llloses
600 2309 759 2387 praecepit
788 2311 893 2375 omnia
924 2305 1059 2367 iudicare

137 2389 305 2450 seeundum
328 2389 427 2467 legem
450 2388 585 2467 Domini,
608 2391 692 2468 quod
713 2390 807 2469 aliqui
829 2392 1062 2470 siaexponunt,

137 2490 200 2533 non
234 2472 403 2532 seeundum
446 2472 579 2531 hominis
611 2475 838 2534 sentimentum.
901 2473 1058 2552 Secundo,

137 2555 260 2634 quando
283 2553 396 2616 Iosuae
416 2557 575 2635 praecepit
594 2556 686 2635 Dens,
709 2564 742 2617 ut
762 2566 844 2616 esset
866 2555 929 2618 dux
950 2554 1057 2639 Israel,

135 2640 224 2700 iussit
246 2647 278 2699 ut
299 2639 404 2698 omnia
426 2644 593 2699 seeundum
616 2641 724 2706 librum
738 2639 817 2701 Mcsi
839 2640 964 2701 facerat.
999 2639 1058 2700 Hic

136 2730 184 2782 est
204 2721 464 2803 respondendum,
487 2720 580 2802 quod,
605 2726 677 2802 quia
696 2722 757 2785 ista
779 2724 912 2802 allegata
934 2727 1057 2797 suntor

136 2805 309 2886 Scriptura,
336 2805 406 2866 ideo
428 2824 485 2885 per
506 2807 645 2885 regulam
667 2809 814 2887 primam,
836 2807 1003 2873 secundam
1026 2817 1058 2866 et

136 2893 257 2952 tertiam
279 2888 399 2968 dicitur,
421 2888 587 2967 quodsunt
608 2892 749 2955 obscura.
787 2884 886 2952 Debet
908 2908 981 2971 ergo
1000 2908 1074 2972 per

135 2973 248 3054 Legem
271 2983 302 3034 et
322 2972 432 3034 librum
444 2973 523 3033 lllcsi
544 2973 586 3033 ibi
606 2974 736 3054 intelligi
752 2973 906 3037 dictamen
917 2973 1056 3034 naturale

135 3058 273 3136 rationis,
296 3058 430 3117 maxime
453 3063 554 3116 autem
577 3058 680 3119 lumen
702 3056 788 3136 lidei,
812 3059 895 3138 quod
919 3077 988 3119 cum
1012 3057 1055 3117 lu·

80 3189 82 3192 .
135 3143 218 3201 mine
239 3148 366 3201 naturae
388 3158 450 3200 non
473 3139 638 3222 discordat,
661 3147 692 3202 et
708 3148 838 3221 utroque
854 3142 968 3207 lumine
986 3149 1057 3209 sunt

134 3224 296 3287 illuminati
316 3223 454 3303 Magistri
475 3225 581 3288 nostri.

218 3307 250 3369 Si
282 3308 350 3386 quis
386 3312 488 3368 antem
521 3306 596 3368 illud
626 3307 716 3369 Dect.
746 3310 794 3372 12.
823 3309 951 3389 allegat:
982 3309 1053 3378 Non

132 3391 228 3454 iacias
261 3390 346 3470 quod
376 3397 493 3451 rectum
522 3399 568 3450 est
596 3391 628 3450 in
661 3391 757 3452 oculis
785 3394 859 3471 tuis,
888 3391 967 3454 sicut
995 3411 1054 3456 nos

132 3475 240 3538 hodie,
254 3474 399 3554 facimus,
434 3475 484 3535 ubi
519 3473 639 3535 videtur
671 3474 823 3554 aliquibus
859 3474 1054 3555 prohibuisse

133 3560 286 3621 dictamen
309 3565 412 3620 rectae
434 3559 569 3619 rationis.
613 3559 844 3639 Respondetnr,
874 3560 958 3639 quod
980 3579 1053 3642 non,

133 3645 189 3706 sed
220 3647 293 3723 qnia
314 3643 475 3726 dupliciter
500 3651 618 3706 rectum
639 3646 672 3705 in
701 3643 799 3706 oculis
820 3649 960 3727 capitur,
990 3662 1053 3705 uno

133 3733 228 3797 modo
249 3733 330 3827 idem
354 3741 417 3817 est,
444 3732 527 3817 quod
550 3732 670 3798 videtur
689 3737 805 3794 rectum
833 3729 865 3791 in
888 3729 1002 3814 oculis,
1024 3733 1055 3794 et
