2392 4170
131 256 195 323 430
222 273 227 280 '
424 260 584 316 nomnium
603 260 769 316 uniuersus

132 414 265 495 epistula
287 422 398 493 exstat,
421 417 559 476 nimirum
577 416 678 477 sitista
697 436 766 477 men
784 416 908 477 indieim
928 415 1059 495 insuper

133 498 290 558 universas
312 500 444 559 iustitias
464 499 637 559 immundas
662 501 699 561 sd
722 501 872 580 populum
894 499 1058 558 Romanus

133 582 319 660 septivitstis
343 583 434 642 trshit
456 581 572 662 ubsque
595 583 801 663 synsndnnhe.
1046 603 1050 607 ·

152 708 155 715 »
216 662 268 724 Sin
288 663 374 724 inens
396 665 469 725 iste:
502 665 603 726 Omne
632 674 726 746 eaput
756 683 898 726 moerens
919 672 978 724 ete.
1001 663 1057 722 dn·

132 747 203 826 ptini
227 765 321 807 esusa
352 766 413 807 non
443 748 536 808 habet
562 749 797 828 synendnehen,
832 751 947 828 primo,
983 747 1059 826 quie

134 830 324 909 universalis,
345 829 456 892 deiude
479 833 562 911 quod
586 835 730 911 negativa
752 832 887 891 additur:
918 830 986 889 Non
1008 837 1058 889 est

132 914 162 972 in
185 931 223 973 eo
246 915 360 974 sanitas
384 923 442 974 ete.
474 914 523 991 ut,
547 914 704 975 utPuuius
722 914 892 976 Romans.
914 913 1057 993 exponit,

131 995 170 1055 ed
195 995 323 1056 iudaeos
345 995 468 1078 istusl)
495 999 635 1078 pertinet,
658 1006 730 1077 post
744 997 896 1058 Christum
921 996 1057 1067 reiiutos,

133 1077 296 1157 inquibus
319 1099 390 1139 vers
414 1098 506 1140 omns
527 1089 619 1159 eaput
642 1099 793 1155 moerens,
818 1087 848 1139 et
870 1097 931 1137 non
955 1079 1055 1138 estin

133 1179 171 1221 eo
189 1163 326 1236 sunites,
349 1163 404 1222 sed
427 1172 457 1222 et
479 1163 591 1223 Christi
614 1171 753 1243 tempore
775 1165 837 1223 ism
860 1162 1056 1222 misserunt.

133 1243 280 1323 Loquitur
314 1248 394 1308 enim
429 1248 458 1304 in
494 1265 565 1325 eos,
600 1248 651 1324 qui
686 1256 774 1306 extre
801 1245 953 1305 Christum
982 1249 1057 1304 tuns

133 1327 255 1387 fuerunt
287 1338 317 1388 et
349 1338 593 1408 permanserunt.
651 1329 696 1388 itu
732 1329 806 1389 iliud
841 1325 1057 1397 ieremiss⁸tz

133 1409 249 1471 Omnes
271 1411 395 1471 student
417 1413 564 1474 avaritias
586 1431 605 1471 u
628 1413 753 1471 minimo
778 1428 875 1490 usqne
898 1411 936 1470 sd
960 1411 1057 1468 mexi-

133 1512 233 1568 rnnut,
264 1502 348 1554 uerte
369 1495 408 1554 sd
437 1513 549 1575 eorpus
572 1496 718 1555 nvsritiue
742 1496 891 1574 pertinet,
922 1493 1057 1553 exutusis

133 1578 201 1656 piis.
244 1575 331 1636 Sicut
357 1586 388 1637 et
415 1577 489 1636 iliud
512 1577 612 1637 Puuii:
646 1578 761 1638 Omnes
792 1596 871 1657 quae
901 1596 956 1636 sun
985 1583 1059 1636 suut

104 1703 107 1714 ι
133 1668 298 1740 quaerunt,
328 1661 366 1720 sd
389 1679 477 1721 susm
500 1664 658 1721 materiam
683 1670 712 1720 st
735 1661 888 1720 obiectum
913 1661 1056 1738 pertinet

135 1742 258 1820 Alioqui
287 1760 356 1802 eum
381 1742 493 1804 Paulus
516 1744 623 1806 Roma.
646 1747 674 1807 3.
705 1762 812 1803 omues
836 1742 977 1802 homines
999 1743 1057 1801 snt)

135 1832 263 1904 pensato
281 1825 460 1905 concludat,
491 1836 521 1887 et
543 1826 651 1889 Romu.
676 1831 704 1890 3.
746 1843 853 1886 omnes
875 1825 972 1904 glorie
998 1824 1057 1884 Dei

135 1926 251 1968 muns
273 1927 342 1968 esse
364 1908 453 1988 dinis,
476 1929 510 1970 se
535 1912 633 1990 ipsum
655 1926 794 1988 qnoque,
817 1907 994 1985 Abraham,
1028 1917 1059 1966 st

135 2010 242 2051 ornnes
263 1994 332 2071 pins
353 1991 549 2070 involvisset,
572 1992 626 2053 sed
649 1993 831 2071 innuebatur
854 1995 883 2050 in
907 2009 981 2066 eos,
1004 1992 1056 2069 qui

136 2076 201 2133 sine
231 2073 293 2133 flds
321 2094 395 2135 veru
421 2074 563 2154 agebunt.
616 2078 734 2154 itaque,
773 2084 805 2135 ut
834 2075 913 2150 dixi,
944 2075 1057 2153 ineptis

136 2157 286 2236 exemplis
306 2156 392 2217 rindit
418 2157 581 2233 Lstomus‚
619 2160 698 2218 main
728 2159 917 2218 nousnientie
946 2158 1058 2219 erroris

136 2246 286 2324 uexatus,
309 2242 435 2321 supiens
457 2241 590 2301 evadere
617 2250 647 2301 et
669 2260 731 2301 non
754 2249 875 2322 putens.
921 2240 1057 2299 [iridens

136 2323 217 2382 enim
247 2332 459 2404 argumentum
490 2335 554 2400 est,
587 2343 656 2385 eum
686 2344 754 2384 esse
788 2326 915 2384 veritate
943 2323 1058 2382 iuvietu

136 2407 326 2483 conuiuium,
359 2409 409 2487 qui
443 2415 491 2468 tut
511 2410 602 2467 miser
625 2409 803 2468 diverticula
826 2415 939 2466 ettam
965 2407 1058 2465 anxie

137 2491 265 2568 quaerit.
314 2489 341 2550 Ο
370 2492 505 2551 veritatis
537 2493 726 2551 eonsnientia-
757 2509 816 2550 non
847 2492 892 2549 sie
927 2488 1059 2567 trepidet

136 2574 323 2650 neutrarum,
346 2592 416 2634 sero
438 2577 497 2636 istu
519 2583 705 2653 quaeruntur
727 2574 862 2633 remedia
884 2573 986 2634 miseri
1010 2590 1058 2630 so·

136 2656 264 2736 phistse.

219 2739 276 2800 Hin
297 2748 398 2799 nutem
422 2748 468 2799 est
489 2740 588 2819 figura
610 2741 806 2820 synecdoche
829 2742 858 2799 in
873 2737 1059 2818 Evangelio:

136 2821 187 2883 sto
209 2826 266 2882 erit
286 2823 380 2882 Filius
403 2823 534 2882 hominis
564 2822 658 2882 tribus
687 2825 794 2882 diebus
817 2832 847 2881 et
869 2822 962 2882 tribus
986 2838 1059 2881 nou·

137 2904 218 2965 tibus
239 2907 268 2966 in
292 2904 387 2965 eorde
409 2914 564 2982 terrue3et
574 2907 713 2966 similiter
725 2908 867 2983 latrones,
891 2908 941 2985 qui
964 2907 1059 2963 ernei-

136 2987 189 3048 flxi
212 2997 300 3048 erant
321 3007 450 3068 eumen,
464 2988 719 3069 blasphemabunt
742 3009 827 3065 enm3
849 2997 878 3048 et
896 2988 1060 3047 evidentis-

136 3072 213 3131 sime
234 3071 317 3133 Psui.
338 3070 437 3147 78²):
461 3071 501 3132 Et
523 3080 716 3132 tentaverunt
735 3073 843 3150 Deum,
866 3080 899 3131 ut
920 3079 1060 3156 peterent

136 3174 224 3215 essse
254 3156 414 3217 animabus
445 3158 518 3218 suis.
562 3155 630 3216 Hos
662 3159 691 3215 in
727 3158 906 3235 vituperium
941 3156 1061 3230 dieitur,

137 3239 224 3317 quusi
259 3240 352 3299 totius
384 3240 489 3321 popuii
522 3240 625 3300 lsrael.
679 3240 793 3300 Gontrs
827 3239 905 3299 Psnl.
939 3235 1058 3314 105⁸):

137 3321 308 3401 Petierunt,
344 3330 376 3382 et
408 3326 665 3398 veuit‘uoturnix
688 3331 746 3389 ete,
790 3323 857 3383 Hos
884 3321 1059 3382 intendem

113 3558 116 3563 ’
213 3606 239 3661 ι)
267 3597 297 3650 n
327 3599 369 3652 eu.
396 3598 473 3653 sen:
506 3599 577 3652 tuos.
634 3599 666 3666 2)
692 3598 722 3651 u
752 3598 795 3650 su.
825 3601 909 3667 nuga
943 3599 984 3650 rs.
1019 3601 1062 3656 m.

138 3671 171 3739 s)
192 3669 279 3724 mu:
299 3669 339 3722 rs.
364 3671 426 3725 104.

211 3741 240 3809 *)
260 3739 357 3796 ierem.
375 3740 401 3798 s.
439 3743 488 3807 ”)
510 3741 602 3797 netu.
624 3740 665 3796 12.
685 3741 784 3794 nattu-
798 3740 841 3796 27.
