2392 4170
134 271 198 350 436
339 277 443 341 Contra
460 273 608 339 Hemicnm
626 288 721 353 regern
740 273 861 352 Angliae

135 455 230 516 vetari
252 446 324 534 lege
347 454 466 535 uspiam
490 452 583 513 ullum
605 451 805 533 sacrificium,
828 450 914 533 quod
935 468 998 512 non
1020 451 1059 512 si-

135 539 198 599 mul
221 536 366 600 offeratur
387 542 418 598 et
439 536 628 617 recipiatur?
664 535 759 597 Plane
780 535 831 597 hic
852 535 976 596 Lntberi
998 535 1058 596 iac·

135 628 182 683 tat
217 638 368 683 summum
407 626 619 700 argumentum
661 638 831 698 corruere,
870 637 1059 699 securusque

136 702 303 782 triumphat
324 700 478 784 gloriosus
500 711 645 766 assertor.

218 785 421 868 Respondeo:
453 785 523 846 Non
552 786 686 846 esthon
713 804 815 846 meum
839 803 992 845 summum
1015 804 1060 845 ar·

134 874 324 952 gumeutnm,
345 869 399 929 sed
421 868 507 945 illud,
529 868 611 948 quod
631 888 721 948 snpra
739 869 889 928 Dominus
908 867 1059 928 Hauricus

136 971 193 1035 pro
215 951 406 1013 'l’bcmistice
434 951 624 1033 benignitate
652 951 725 1012 mihi
748 951 895 1031 donavit,
933 951 1058 1029 scilicet,

136 1035 258 1097 blissam
281 1054 351 1096 esse
373 1040 587 1095 testamentum
610 1042 639 1095 et
653 1035 900 1116 promissionem,
921 1033 995 1113 hoc,
1017 1035 1059 1095 in·

136 1136 237 1199 quam,
260 1117 392 1198 capitale
416 1136 517 1178 meum
539 1123 752 1198 argumentum
775 1125 831 1180 est.

216 1200 332 1262 Tamen
363 1207 396 1260 ut
428 1202 640 1281 triumphatori
668 1199 783 1281 aliquid
816 1219 1006 1280 suggeram,
1034 1201 1059 1260 si

136 1284 286 1346 Dominus
309 1283 458 1344 Hauricus
481 1284 579 1347 solum
603 1284 702 1345 Biblia
723 1283 818 1344 semel
840 1285 1016 1364 aperuisset
1031 1289 1059 1344 ct

135 1368 338 1448 inspexisset,
360 1367 423 1427 imo
446 1368 472 1427 ai
494 1369 684 1429 meminisset
706 1367 818 1429 Psalmi
841 1364 944 1451 bl¹)‚
968 1385 1057 1446 quem

135 1469 211 1532 puer
233 1448 306 1511 olim
334 1448 410 1530 legit
437 1451 480 1527 (si
502 1450 693 1512 Christianus
716 1449 794 1533 est),
817 1469 877 1510 non
912 1452 1059 1511 iactasset

135 1533 319 1614 triumphum
342 1541 403 1594 tarn
425 1533 658 1613 Themisticum,
681 1533 831 1614 siqnidem
848 1533 912 1592 illic
933 1533 1058 1615 legisset

134 1616 359 1697 holocaustum,
384 1634 445 1695 quo
468 1617 583 1678 nullum
606 1617 758 1679 celebrius
788 1625 818 1677 ct
845 1616 943 1676 maius
967 1617 1056 1677 sacri·

134 1697 236 1761 ficium
259 1700 358 1761 estin
379 1699 471 1780 Lege.
515 1699 583 1760 Hoc
609 1710 691 1761 certe
707 1709 811 1762 totum
841 1698 900 1759 soli
923 1700 994 1760 Deo
1018 1698 1057 1761 oi-

135 1782 298 1858 lerebatur‚
322 1783 394 1843 nihil
418 1803 457 1842 ex
480 1801 518 1843 ec
541 1784 757 1864 recipiebatur.

219 1865 299 1942 Quin
329 1867 353 1926 si
375 1866 444 1925 Rex
473 1885 560 1927 meus
594 1867 749 1947 paululum
778 1865 906 1926 haberet
935 1865 1055 1927 humani

136 1967 255 2029 sensus,
290 1958 439 2009 verterem
463 1950 605 2029 triumphi
637 1951 849 2030 quaestionem
870 1949 902 2008 in
927 1967 1010 2028 eum,
1030 1956 1056 2008 et

135 2030 285 2093 dicarem:
320 2031 377 2093 Ubi
400 2041 446 2093 est
469 2033 498 2090 in
520 2031 591 2112 lege
612 2034 706 2093 ullum
739 2029 939 2109 sacrificinm,
978 2030 1056 2113 quod

134 2115 347 2195 recipiebatur,
370 2121 401 2174 et
423 2133 485 2174 nou
508 2117 629 2195 penitus
659 2123 756 2177 totum
779 2114 989 2176 offerebatur?
1012 2117 1055 2174 An

136 2197 208 2258 mihi
240 2196 420 2257 sacrificium
456 2198 505 2258 hic
531 2199 623 2258 faciet
662 2219 781 2278 armos,
810 2198 992 2278 pectuscula
1030 2204 1056 2257 et

135 2280 216 2359 alia,
250 2299 329 2359 qnae
361 2281 391 2339 iu
421 2299 508 2340 usum
539 2281 733 2343 sacerdotum
767 2278 947 2341 cedebant?
994 2281 1055 2342 Aut

135 2362 243 2424 offerre
266 2363 333 2423 Rex
354 2363 461 2423 illusor
482 2366 669 2441 aequivocus
692 2365 794 2426 denno
818 2364 952 2444 vocabit,
977 2362 1055 2444 qnod

135 2465 191 2526 per
211 2446 360 2528 populum
383 2454 414 2506 et
433 2446 608 2508 sacerdotes
632 2468 672 2509 ex
693 2450 775 2529 egris
810 2447 1007 2527 afferebatur,
1029 2455 1056 2506 et

135 2529 346 2609 applicabatur
368 2548 471 2589 coram
494 2530 649 2591 Domino?
692 2531 816 2592 Scilicet
844 2530 925 2589 idem
949 2538 999 2591 est
1018 2529 1055 2590 al-

133 2610 212 2673 ferre
233 2619 264 2672 et
286 2613 396 2685 offerre
418 2612 499 2691 apud
521 2614 688 2674 Dominum
710 2613 906 2674 Henricuml

216 2695 329 2754 Verum
353 2694 425 2775 quid
447 2695 508 2755 hoc
530 2695 568 2756 ad
592 2717 662 2773 me,
684 2697 756 2776 quid
780 2695 982 2777 nugigerulus
1005 2695 1055 2756 fln-

134 2777 209 2857 gat?
251 2778 324 2837 Mihi
347 2780 421 2839 satis
444 2786 503 2838 est:
528 2779 559 2839 ln
582 2779 680 2861 Lege,
705 2778 850 2860 quidquid
872 2779 1056 2841 offerebatur

135 2860 213 2938 Deo,
236 2865 332 2921 toturn
356 2861 585 2924 incendebatur.
630 2862 719 2938 Quod
743 2873 844 2923 sutem
868 2882 932 2921 non
955 2863 1055 2922 incen-

135 2943 277 3022 debatur,
300 2943 353 3004 sed
377 2946 485 3024 partim
509 2947 682 3025 sacerdoti,
712 2947 822 3026 partim
857 2946 976 3025 populo
1011 2944 1056 3004 tri·

134 3025 297 3103 buebatur,
319 3045 382 3086 non
409 3026 616 3104 offerebatur,
639 3030 692 3089 sed
718 3028 756 3089 de
790 3028 902 3089 oblatis
936 3047 1057 3108 separa·

133 3107 221 3169 batur
243 3115 274 3169 et
295 3108 449 3174 edebatur.
480 3111 591 3172 Verum
615 3112 686 3191 quid
706 3114 765 3172 ista
783 3130 871 3171 sacra
893 3131 963 3171 oum
988 3131 1056 3192 pro·

133 3189 212 3251 fanis
235 3191 385 3271 Papistisl
427 3192 525 3273 igitur
552 3196 582 3254 in
606 3196 702 3255 calice
731 3196 900 3255 meretricis
925 3194 1055 3275 Babylo·

132 3274 221 3334 nicae
243 3274 358 3335 nullum
382 3282 428 3335 est
449 3276 654 3356 sacrificium,
687 3278 769 3357 quod
799 3278 899 3338 solnm
922 3277 1057 3352 offertur,

132 3355 186 3415 illa
208 3359 288 3416 anim
311 3365 383 3418 sunt
406 3359 502 3419 Biblia
525 3363 620 3421 nostri
635 3362 757 3422 Domini
778 3360 913 3424 Henrici.
960 3361 1057 3422 Biblia

131 3447 236 3499 nostra
258 3441 368 3501 referta
391 3450 462 3503 sunt
484 3443 595 3504 talibus
618 3443 784 3507 sacrificiis.

214 3522 340 3602 Ultimo,
362 3523 445 3586 dicta
456 3526 579 3588 Patrunr
590 3528 708 3589 inducit
728 3546 785 3609 prc
809 3527 965 3590 sacrificio
989 3531 1055 3589 mis

202 3799 233 3876 1)
250 3798 286 3858 Iu
303 3796 349 3858 cd.
366 3778 695 3871 oripr'urr‘runuagesimt.
