2392 4170
205 225 247 290 14
467 228 508 282 De
528 227 606 298 capt.
625 228 724 299 Babyl.
743 230 884 287 Ecclesiae

206 381 315 461 Angli,
343 383 419 442 iram
441 383 626 445 incitandam
646 391 677 444 et
697 385 736 445 ad
757 385 1006 447 reformationem
1028 402 1130 446 sacro·

205 485 270 525 rum
294 466 554 544 promovendum,
582 468 738 546 copiosius
767 470 894 549 exponit
916 468 1074 530 Walchius
1098 470 1128 528 in

203 547 318 609 lntrod.
342 549 380 608 ad
403 549 491 610 Tem.
513 549 582 609 XIX
604 549 684 631 Opp.
698 551 784 615 Lulh.
805 553 870 631 pl
890 570 957 631 sqq.

287 631 520 692 Vetustissimos
542 633 629 692 huius
652 633 719 694 libri
741 634 891 695 editiones
912 641 999 695 sunt:

245 715 292 775 De
321 715 505 794 captivitate
529 715 719 796 Babylonica
754 718 905 778 ecclcsiae
934 717 1132 777 Praeiudinm

245 798 365 860 Martini
387 798 518 860 Lutheri.
562 799 820 881 Vuittembergae.
864 801 897 861 ln
920 801 994 861 fine:
1022 800 1128 860 Hostis

244 881 382 942 Herodes
404 882 506 962 impie,
533 881 684 943 Christum
707 885 811 944 venire
833 883 1027 963 quidtimes?
1056 883 1126 944 Non

133 1024 137 1034 .
244 966 350 1044 arripit
362 965 511 1042 mortalia,
525 963 583 1040 Qui
596 985 691 1044 regna
704 964 757 1027 dat
772 967 928 1032 coelestia.
940 1002 981 1012 -
997 967 1128 1042 (Forma

244 1053 342 1128 quart.
363 1048 498 1128 insignia
520 1043 758 1129 typographica.
781 1048 890 1129 quibus
912 1052 990 1110 tituli
1012 1051 1127 1130 pagins

200 1138 352 1212 ornet
392 1140 454 1213 est,
494 1132 635 1208 intimet
672 1127 909 1220 cromatica
949 1132 991 1221 ll.
1015 1133 1127 1229 chiam

243 1212 379 1297 Lottlreri
401 1216 473 1294 iun,
496 1222 631 1312 apansa
655 1217 736 1295 1520
758 1215 807 1293 hic
823 1214 906 1295 liber
924 1234 984 1307 pro.
1005 1216 1078 1305 ijpse
1094 1236 1126 1276 m

243 1298 342 1358 lucem
356 1297 485 1374 videtur,
505 1317 535 1358 m
549 1294 820 1359 bibliothecaenim
828 1292 944 1360 &hrist'
952 1280 1126 1360 deschen-

241 1380 273 1441 lii
301 1381 447 1441 volumini
469 1383 737 1459 intersertpsfept‚
770 1401 831 1462 quo
854 1383 970 1463 scripta
991 1402 1019 1446 a.
1044 1384 1125 1447 1520

243 1463 464 1546 continentur.)
491 1465 624 1542 (Penzer
646 1464 697 1542 IX,
719 1467 791 1538 76).
998 1461 1000 1468 '

222 1613 226 1617 ,
283 1547 330 1607 De
359 1545 553 1629 Calptivitate
584 1545 785 1630 Babylolnica
813 1548 974 1609 Ecclesiae
1001 1548 1125 1608 Praelu-

242 1630 323 1691 dinm
336 1628 468 1712 lMartini
490 1630 621 1694 Lutheri.
640 1631 646 1710 l
667 1667 701 1676 -
719 1631 805 1692 Haeo
826 1633 856 1692 in
874 1631 974 1693 fronte
995 1630 1073 1692 foll
1095 1651 1124 1693 a.

192 1734 195 1739 ·
240 1714 327 1775 Folio
350 1714 459 1774 eodem
481 1713 500 1772 b
522 1715 625 1795 imago
646 1713 779 1791 lutheri,
794 1714 892 1778 liniret
1003 1747 1007 1755 ·

283 1797 417 1858 Numina
438 1796 604 1875 coelestem
623 1796 717 1858 nobis
738 1816 886 1878 peperere
898 1796 1082 1859 liutherum:

235 1914 238 1921 .
321 1880 435 1941 llostra
457 1880 507 1940 diu
528 1883 626 1941 mains
648 1881 751 1941 saecla
773 1881 877 1957 ridere
898 1879 982 1941 nihil.

210 2013 214 2017 ,
271 1962 382 2040 =Quem
404 1964 430 2024 si
451 1962 633 2024 Pontificum
655 1963 785 2025 crudelis
808 1962 950 2042 deprimit
970 1981 1070 2025 orror:

70 2097 72 2100 ,
209 2096 212 2101 .
326 2047 396 2108 Non
417 2047 495 2107 ieret
514 2049 609 2124 iratos
631 2047 726 2126 impia
748 2045 808 2106 dea
829 2045 915 2123 dens.

204 2170 207 2175 -
282 2130 346 2194 nol.
377 2132 397 2194 2
430 2150 458 2191 a.
480 2150 509 2211 p.
538 2134 555 2192 1
585 2128 742 2191 lenutio.
789 2129 940 2203 dlartinns
972 2128 1123 2192 Luthsrus

199 2244 202 2263 =
242 2215 370 2309 August.
392 2213 568 2287 Hermanno
580 2212 720 2287 Tuliohio
743 2231 799 2274 suo
817 2211 962 2273 Salutem.
1006 2212 1039 2273 ln
1059 2208 1124 2273 tae

241 2317 312 2377 pag.
326 2298 390 2368 Δ68;
422 2297 510 2356 Finis.
533 2295 598 2357 eol.
621 2312 685 2375 seq.
704 2315 737 2356 a.
757 2296 829 2357 icon
843 2301 883 2356 {et
900 2294 994 2355 infra:
1016 2293 1123 2355 Hostis

239 2379 361 2454 Herode
383 2380 492 2458 impie,
512 2378 666 2439 Christum
690 2379 792 2439 venire
812 2377 886 2457 quid
901 2378 1009 2441 elimes..
1051 2374 1122 2453 Non

240 2464 346 2542 arripit
360 2460 570 2536 mortaliaQui
581 2479 679 2541 regna
692 2461 743 2522 dat
763 2461 921 2541 eoelestia.
938 2459 1000 2522 sol
1013 2458 1082 2522 eod.
1091 2458 1123 2527 b:

239 2546 359 2607 Laeta
375 2544 496 2604 libert
507 2563 556 2605 as.
573 2543 628 2604 .Ou
639 2564 666 2603 m
680 2542 823 2605 foliorum
834 2545 957 2625 paginis
967 2543 1078 2622 lr-68,
1092 2543 1122 2608 l.

241 2630 334 2707 (sine
347 2628 418 2689 loeo
440 2634 471 2688 et
482 2629 583 2704 anno)
601 2628 742 2704 (Parcet
756 2624 811 2703 IX,
825 2630 916 2709 183).
952 2626 1039 2689 Hanc
1061 2626 1122 2690 edi-

209 2740 212 2745 ·
237 2714 353 2773 tionem
376 2711 439 2772 Uir.
460 2710 622 2776 Huttenius
645 2731 672 2772 a.
690 2713 769 2777 1520
791 2730 915 2773 ourasae
928 2709 1067 2780 ereditur,
1082 2714 1122 2775 αἱ

239 2794 370 2856 Walchii
389 2790 506 2856 lntrod.
528 2795 558 2871 in
580 2793 614 2855 T.
636 2794 765 2874 Xlep.
789 2798 805 2857 l
830 2806 876 2874 sq.

274 2877 325 2938 -lle
365 2878 455 2959 capti
474 2881 478 2957 1
498 2877 600 2938 Vitate
618 2876 753 2960 {Baby-l
772 2877 889 2940 Imniaa
926 2872 1121 2959 Eelclesias.

238 2960 432 3022 Praeludium
449 2962 570 3023 Martini
587 2960 719 3023 Ludaeri.
735 2968 744 3035 -1
762 2960 848 3022 llaec
869 2961 899 3020 in
910 2958 1011 3021 fronte
1033 2956 1120 3021 loll.

235 3064 266 3107 α.
288 3044 344 3105 Fnl
375 3044 445 3106 eod.
479 3044 498 3107 b
525 3045 629 3124 imago
652 3044 776 3104 Luthsni
801 3049 838 3105 et
861 3042 954 3106 intas:
987 3041 1122 3103 Numina

237 3128 402 3206 coelestem
416 3133 475 3188 etc.
497 3128 563 3189 Fcl.
585 3130 604 3192 2
626 3147 660 3187 a:
683 3127 783 3189 Jesus.
805 3127 957 3191 alumnus
973 3124 1122 3190 liutherus

188 3240 193 3265 ι
236 3211 367 3294 August.
389 3211 565 3272 Hermanno
578 3211 718 3273 Tuliehio
739 3229 796 3273 sno
815 3209 961 3273 Salutem
999 3207 1036 3269 ln
1052 3205 1122 3273 fine

234 3295 288 3357 tol.
309 3299 347 3361 &l
368 3295 405 3356 b:
446 3295 530 3356 Finis
551 3294 731 3375 Praeiudio,
751 3293 842 3374 .qu
858 3293 979 3355 docem
1008 3294 1122 3369 possa,

190 3422 192 3427 -
235 3379 342 3456 lector,
363 3378 463 3458 qualis
483 3398 533 3441 res
555 3385 622 3440 tota
641 3379 742 3439 lutura
765 3378 820 3445 nit
859 3373 1121 3451 ‚Sintodoliorupn

229 3464 368 3543 paginis,
389 3464 419 3525 4.

186 3594 189 3599 .
573 3544 707 3621 (liancer
730 3543 811 3605 Aac.
829 3547 896 3622 typ.
910 3539 964 3615 lX,
987 3539 1077 3622 tol).

274 3629 313 3695 D.
341 3628 464 3690 Martini
488 3626 612 3689 lutheri
634 3626 681 3704 de
704 3625 890 3706 (laptiritate
909 3622 1119 3704 tammum.

229 3712 392 3776 Aduersus
412 3711 611 3791 Gatharinum
627 3709 826 3791 tarmonem,
847 3707 877 3771 in
894 3720 961 3794 aaut
972 3703 1119 3775 mannus
