2392 4170
329 252 427 309 estol.
449 259 477 308 et
495 253 579 310 seori.
616 245 743 310 sorbona
761 250 897 314 damnati.
1024 254 1065 324 81

155 436 158 443 '
226 424 262 499 8)
289 424 476 503 Augustinus
498 425 602 504 aliqua
624 428 770 508 argutius,
792 426 940 490 Lutherua
972 430 1065 503 muita

144 504 318 586 diligentius
343 506 428 569 dixit.
653 522 658 529 '
994 512 997 517 ’
1062 524 1067 534 “

225 587 310 649 Haeo
331 588 505 669 Propositio
530 597 577 651 est
598 592 702 673 impia,
726 595 951 655 contumeliosa
978 597 1009 655 in
1033 594 1064 659 S.

143 672 364 750 Augustinum,
398 671 489 732 stulte
511 681 541 732 et
573 674 706 755 superbe
736 686 869 754 asserta,
901 677 1065 738 favisativa

142 756 232 814 nimis
260 754 381 817 haeresi
409 755 535 815 Lutheri
569 764 600 816 et
634 758 813 839 derogativa
848 761 1004 822 autoritati
1032 759 1064 825 S.

142 839 274 903 Petrum.

224 919 260 1065 ἒ
285 921 428 1002 Rumpite
448 921 580 1002 interim,
601 921 737 1003 Magistri
761 927 867 991 nostri.

253 1023 312 1065 aee
323 1005 496 1084 Propositio
519 1010 567 1065 eat
582 1006 745 1066 eonsilium
761 1006 875 1070 diaboli
893 1008 1062 1087 manifesta,

141 1106 221 1167 quae
243 1087 362 1167 suadet,
384 1094 416 1146 ut
437 1106 494 1148 nos
516 1089 602 1167 ipsos
632 1088 850 1153 interficiamus
881 1099 912 1153 et
943 1113 1063 1174 rumpa-

142 1191 224 1250 mus,
247 1179 277 1231 et
298 1172 327 1230 in
351 1189 405 1249 eo,
433 1169 516 1249 quod
539 1172 676 1251 optative
702 1171 828 1253 dieitur,
855 1182 902 1236 est
932 1175 1062 1236 erudelis

140 1262 172 1314 et
192 1253 356 1331 homicide,
381 1256 452 1332 quia
464 1261 550 1333 optat
563 1272 620 1315 nos
633 1256 743 1335 rumpi,
760 1258 839 1317 sieut
854 1256 944 1331 iudas
959 1255 1062 1319 Ischa-
1169 1273 1172 1280 ·

140 1336 220 1397 rioth
244 1343 350 1416 ruptus
368 1344 434 1397 est·
468 1335 529 1398 Sed
553 1339 604 1416 qui
632 1335 697 1399 odit
724 1339 846 1400 fratrem
875 1359 977 1423 snum,
1009 1340 1062 1402 ho·
1172 1383 1175 1389 -

142 1419 254 1480 mioida
275 1426 359 1491 est.⁴

224 1501 279 1583 to)
302 1499 340 1563 In
364 1501 492 1563 meridie
512 1501 679 1568 lucernam.

222 1585 309 1646 Haeo
329 1585 504 1665 Propositio
527 1590 575 1645 eat
601 1585 708 1667 stulta,
740 1605 820 1666 quae
849 1587 941 1649 doeet
967 1588 1061 1649 lucer-

140 1688 209 1728 nam
233 1670 263 1728 in
288 1669 414 1728 meridie
437 1667 626 1747 acuenda-03·
644 1669 737 1729 etiam
754 1677 800 1730 est
813 1679 965 1752 suspecta,
990 1673 1062 1750 quia

139 1770 251 1830 graece
272 1754 398 1832 scripta.
442 1751 481 1810 Et
508 1769 565 1832 pro
594 1757 710 1831 quanto
741 1754 873 1815 intendit
907 1774 964 1815 nos
992 1773 1062 1815 esse

140 1842 202 1895 tam
226 1853 346 1912 oaeooa,
369 1835 452 1894 utin
476 1832 602 1895 meridie
624 1853 687 1895 non
710 1835 885 1918 videamus,
917 1844 964 1899 est
990 1839 1061 1898 irre-

139 1918 325 1992 verentiaiis,
348 1917 496 1977 derisoria
518 1917 684 1978 Facultatis
705 1917 925 2002 Theologicae.

220 2004 277 2079 11)
301 1999 376 2075 Quis
398 2018 460 2060 non
483 1999 591 2062 rideat·
604 2000 784 2063 muliebrem
808 2004 889 2065 hano
906 2009 937 2065 et
955 2021 1059 2065 mona·

136 2084 254 2145 chalem
277 2085 500 2164 impotentiam.

218 2167 302 2228 Haeo
324 2167 498 2248 Propositio
521 2173 567 2228 est
588 2167 674 2247 salsa,
697 2169 789 2230 stulte
817 2177 848 2231 et
879 2171 1058 2251 insipienter

134 2258 261 2315 asserta.
303 2251 345 2311 Et
376 2269 431 2330 pro
465 2261 581 2329 quanto
614 2252 678 2312 vult
711 2271 768 2312 nos
802 2272 870 2313 esse
903 2255 1057 2333 mulieres,
1160 2263 1161 2267 ’

135 2353 214 2413 quae
228 2335 413 2415 impotentes
435 2340 507 2393 sunt
529 2332 569 2394 ad
590 2334 800 2413 generandum
822 2336 889 2398 sine
912 2339 987 2416 viro,
1012 2347 1059 2396 est

133 2419 366 2479 contumeliosa.
396 2416 436 2475 Et
459 2435 514 2496 pro
531 2424 647 2495 quanto
665 2417 738 2495 vult,
756 2419 838 2496 quod
853 2422 948 2480 simus
965 2420 1057 2480 etiam

133 2502 193 2580 ipsi
214 2502 401 2582 impotentes
422 2498 462 2559 ad
485 2498 705 2579 generandum,
728 2510 775 2560 est
798 2503 959 2562 manifeste
978 2502 1058 2562 falsa

134 2592 165 2643 et
186 2602 324 2645 erronea.
367 2583 502 2643 Maxime
525 2601 597 2643 vero
621 2591 668 2642 est
689 2584 844 2663 iniuriosa,
867 2604 923 2664 pro
942 2592 1058 2663 quanto

133 2667 264 2728 intendit
287 2685 343 2727 nos
367 2684 436 2726 esse
459 2665 627 2724 monachos
651 2673 802 2725 castratos
824 2677 854 2726 et
883 2668 929 2726 sio
960 2668 1059 2746 impo-

134 2761 233 2811 tentes
255 2751 362 2829 faotos,
385 2749 445 2808 hoo
467 2749 546 2808 enim
570 2755 616 2807 est
640 2757 747 2809 eontra
775 2750 997 2830 experientiam
1027 2758 1056 2809 et

133 2833 345 2914 proverbium:
366 2832 519 2911 Theologi
533 2828 564 2904 ¹)
588 2830 710 2892 lardant
732 2851 786 2912 per
810 2834 944 2894 braeam.

217 2917 275 2991 12)
299 2915 482 2997 Spectabilis
507 2915 638 2976 Domine
660 2915 794 2994 Deoane,
815 2935 871 2979 vos
894 2915 966 2976 estis
995 2915 1055 2976 iam

134 2999 238 3063 iratus.
743 3058 746 3064 .
958 3049 959 3052 ,

217 3082 302 3143 Haeo
323 3083 496 3163 Propositio
521 3089 566 3142 ast
589 3079 736 3142 derisoria
758 3090 787 3143 et
809 3083 935 3163 iropioa.
969 3081 1008 3142 Et
1025 3082 1055 3141 in

132 3165 277 3245 eoquod
306 3166 429 3246 dieitur,
466 3183 521 3225 vos
551 3165 624 3224 estis
657 3167 768 3244 iratus,
803 3171 849 3226 est
882 3167 1053 3245 incongrua

132 3250 302 3329 manifeste,
326 3251 404 3309 siout
426 3248 488 3328 iila,
511 3267 569 3328 ago
593 3248 695 3328 ourrit,
716 3249 789 3308 olim
812 3267 830 3308 a
853 3248 942 3309 nobis
970 3247 1055 3308 dam-

132 3340 214 3396 nata.
258 3332 297 3392 Et
318 3334 347 3391 in
371 3351 409 3392 eo
433 3331 514 3411 quod
538 3331 677 3409 intendit,
698 3332 801 3411 plnres
823 3351 862 3392 ex
880 3330 968 3392 nobis
987 3348 1056 3390 esse

109 3414 221 3497 'quasi
242 3435 345 3492 unum,
368 3414 438 3475 dum
462 3413 545 3492 dicit,
569 3433 625 3475 vos
648 3413 732 3473 multi
756 3415 828 3475 estis
850 3413 929 3474 unus
951 3415 1054 3491 iratus,

132 3508 181 3561 est
202 3500 362 3561 manifeste
385 3498 462 3558 falsa
484 3507 514 3557 et
536 3496 729 3558 scandaloso.
774 3497 812 3557 Et
833 3499 863 3558 in
887 3498 949 3558 hoa
970 3496 1055 3576 quod

77 3725 84 3734 ,
204 3673 235 3734 1)
257 3670 334 3724 Haeo
352 3667 438 3724 verba
456 3666 595 3737 proverbii
615 3665 734 3735 repetita
760 3672 825 3722 sunt
853 3681 887 3722 ex
917 3665 983 3723 adit.
1013 3664 1054 3721 Ie·

131 3743 221 3812 nansi,
241 3741 270 3796 in
289 3741 424 3813 ed.,orig.
443 3755 498 3811 non
516 3739 654 3809 leguntur.

159 3845 250 3889 naues
262 3855 314 3898 opp.
329 3845 355 3888 v.
369 3843 397 3885 a.
411 3844 440 3885 aa
453 3844 494 3887 rer.
506 3843 558 3884 usa.
573 3844 588 3884 ι.
602 3852 625 3893 p.
640 3841 689 3884 vor.
706 3840 742 3885 vt
933 3806 953 3875 6
