2392 4170
384 265 510 321 Rationis
529 265 710 323 Latomionao
728 273 780 322 stc.
992 265 1053 331 477

132 420 244 482 surdae
267 422 304 502 ad
330 423 407 481 haec
429 423 595 483 occludunt
618 443 707 484 aures
730 431 761 483 et
773 430 913 488 avertunt
936 422 1053 498 oculos,

132 513 250 566 tantum
280 513 312 563 ut
334 507 455 565 unicum
478 506 551 566 illud
576 527 662 566 suum
686 506 780 565 semel
804 515 979 586 susceptum
1005 507 1053 565 de·

130 588 287 648 oretellum
310 590 339 647 in
366 589 487 668 publico
511 590 687 649 obtineant:
731 590 904 649 Anathema
926 590 980 666 sit,
1002 591 1054 667 qui

62 671 64 676 ’
133 672 261 748 dixerit,
286 670 384 730 Deum
408 671 497 732 nobis
520 674 717 753 praecepisse
744 672 943 751 impossibile.
987 671 1054 730 Hoc

133 757 298 814 humanum
323 754 447 814 verbum
471 774 599 834 regnare
623 774 750 815 necesse
772 763 835 828 cst,
865 754 924 815 hoc
946 774 1054 814 omnes

132 836 275 919 probare,
298 838 357 896 hcc
379 838 461 897 nulla
485 839 589 917 glossa
614 840 872 916 inoveriopcrtet.
918 841 957 896 At
979 841 1055 898 toni·

131 932 200 980 truc
221 920 323 979 divina
346 920 435 980 silere
457 930 487 980 et
508 923 610 981 iacere
633 930 765 1000 oportet,
790 929 851 980 tum
875 922 1000 999 quasvis
1022 920 1054 980 li·

105 1004 250 1063 .bidines
274 1003 446 1085 glossarum
472 1004 631 1064 admittere
646 1005 855 1082 cuiuscunque
878 1004 1055 1080 nebulonis,

131 1088 264 1147 hominis
287 1085 411 1146 verbum
436 1106 555 1147 sacrum
579 1097 609 1146 et
631 1086 805 1147 venerabile
828 1096 889 1165 est,
914 1088 969 1145 Dei
993 1107 1056 1147 ver·

132 1173 202 1230 bum
224 1168 424 1250 prostibulum
449 1179 504 1231 est.

216 1295 262 1354 lta
284 1301 314 1352 et
336 1293 396 1368 hic,
419 1312 486 1352 cum
504 1300 549 1352 tot
565 1311 654 1354 sacra
666 1292 795 1352 fulmina
809 1302 966 1372 testentur,
988 1313 1056 1372 pec·

133 1387 234 1438 catum
258 1384 288 1436 et
310 1377 592 1455 concupiscentiam
615 1375 746 1471 relinqui
769 1383 839 1471 post
862 1376 1057 1471 baptismum,

134 1472 166 1521 ut
187 1461 278 1519 etiam
302 1461 388 1537 iram,
412 1458 584 1533 libidinem,
607 1459 781 1535 avaritiam,
803 1459 1056 1520 incontinentiam

134 1552 240 1639 aperte
263 1541 434 1637 appellent
469 1504 643 1601 nominibus
666 1541 783 1601 scilicet
805 1543 940 1602 omnium
964 1562 1056 1602 sensu

133 1631 187 1703 eis,
211 1626 320 1704 quibus
345 1626 416 1684 vitia
439 1625 773 1704 etpeccatanominari
796 1619 925 1685 solent
917 1645 947 1683 in
973 1628 1055 1685 omni

135 1712 249 1789 lingua,
272 1707 374 1767 adhuc
395 1708 517 1786 erigunt
539 1727 616 1767 sese
630 1707 770 1768 frontes
763 1717 849 1784 ratae,
872 1728 962 1768 aures
985 1727 1057 1768 con-

132 1795 245 1867 tinent,
289 1792 397 1851 cculos
427 1789 588 1868 claudunt,
622 1810 676 1849 cor
698 1798 856 1870 avertunt,
886 1798 1003 1862 tanturn
1025 1794 1084 1852 ut‘

131 1896 219 1935 suum
246 1875 305 1934 hoc
326 1874 493 1933 humanum
511 1873 637 1934 verbum
652 1875 787 1933 omnium
812 1837 902 1934 onies
917 1864 1058 1971 occupet,

131 1959 232 2018 solum
257 1958 316 2016 hoc
339 1959 379 2015 sit
406 1957 575 2038 theatrum,
609 1965 716 2021 contra
745 1957 805 2017 hoc
826 1975 917 2017 nemo
941 1958 1058 2034 mutiat,

132 2062 200 2102 esse
223 2041 339 2100 scilicet
361 2041 459 2100 solam
483 2041 632 2118 reliquam
647 2058 780 2121 poenam
799 2047 829 2099 et
850 2039 1055 2101 infirmitatem

128 2134 203 2204 post
226 2126 422 2203 baptismum
467 2121 546 2182 Huic
569 2122 680 2184 sileant
703 2122 805 2201 divina
828 2123 963 2198 oracula,
986 2124 1057 2203 huic

132 2208 222 2268 cedat
245 2205 377 2282 Paulus,
400 2206 471 2265 huic
494 2207 585 2266 cedat
607 2207 726 2286 etipsa
749 2207 939 2286 experientia
957 2205 1056 2303 quoti-

133 2293 224 2351 diana
255 2298 415 2350 nostrast
437 2290 573 2348 omnium
597 2286 788 2350 Sanctorum
835 2288 972 2365 Quodsi
996 2310 1057 2375 non

131 2375 289 2450 cesserint,
315 2374 431 2431 larvam
454 2371 646 2446 induenti
615 2381 646 2431 ct
656 2373 779 2432 nomine
795 2374 916 2454 peccati
938 2393 1059 2462 reprae-

133 2465 256 2518 sentent
277 2455 541 2535 imperfectionem
565 2462 595 2513 ct
616 2453 833 2535 infirmitatem,
856 2458 1057 2536 caveantque,

133 2541 244 2600 nostris
269 2541 463 2618 glossisscse
485 2556 547 2597 non
562 2538 807 2598 accommodent
852 2538 929 2598 Nam
953 2551 983 2598 ei
996 2539 1057 2600 hoc

132 2625 278 2684 Latcmus
301 2624 441 2717 superius
464 2621 563 2680 fassus
587 2629 643 2697 est,
665 2620 759 2681 Sauct
748 2630 796 2681 tos
810 2620 906 2690 multa
927 2641 1056 2702 peccare

135 2711 211 2785 (suo
235 2707 355 2794 peccati
379 2703 570 2784 significatu)
597 2704 798 2784 surreptione,
820 2705 1032 2785 ignorantia,
1029 2716 1059 2765 et

133 2792 200 2850 aliis
225 2784 339 2867 modis,
370 2788 402 2847 id
425 2787 506 2866 quod
533 2786 643 2848 Paulus
676 2797 768 2847 vocat
791 2779 1058 2869 concupiscentias

135 2875 253 2952 peccati
279 2873 308 2930 in
333 2890 466 2951 corpore
488 2870 626 2964 mortali,
650 2869 759 2948 quibus
782 2889 842 2931 uon
867 2864 1057 2946 obediamus,

134 2956 165 3016 id
188 2966 249 3030 est,
288 2973 348 3013 non
373 2953 612 3013 consentiamus.
656 2953 763 3032 Neque
792 2954 872 3013 enirn
912 2954 1057 3034 ignorans

135 3051 187 3099 aut
210 3046 394 3117 praeventus
418 3047 470 3096 aut
496 3036 608 3094 invitus
640 3037 812 3096 consentire
842 3045 948 3116 potes,
983 3039 1059 3098 dixit

135 3124 214 3183 enim
238 3128 350 3180 invios
380 3122 588 3216 peccarell
593 3120 703 3200 tquia
725 3118 837 3178 Paulus
864 3120 945 3180 idem
969 3131 1059 3183 vocat

134 3214 243 3286 peccat
247 3224 307 3281 unu,
330 3204 451 3283 cogitur
473 3222 526 3282 per
538 3209 701 3297 peccatum
721 3220 854 3289 poenam
877 3203 1058 3284 intelligere,

134 3289 217 3348 nulla
232 3306 340 3365 causa,
356 3306 447 3365 quam
463 3285 545 3364 quod
559 3287 682 3365 spiritus
697 3292 728 3344 et
742 3304 802 3345 non
817 3283 909 3345 homo
934 3287 993 3346 hoc
1016 3286 1058 3347 lo·

135 3379 223 3432 cutus
247 3377 302 3448 est,
325 3376 361 3429 ut
382 3377 441 3429 stet
463 3371 492 3428 in
507 3368 630 3429 arbitrio
645 3367 868 3447 Sophistarum‚
892 3370 962 3447 quid
986 3390 1057 3451 pec-

135 3461 248 3530 catum,
272 3452 346 3532 quid
369 3473 471 3549 poena
493 3471 561 3512 esse
575 3451 695 3528 debeat,
718 3451 859 3529 obsecro,
870 3469 973 3594 ,quem
996 3472 1057 3514 non

136 3551 203 3599 urat
225 3559 263 3598 ea
285 3537 465 3615 arrogantia
486 3535 555 3615 plus
578 3553 668 3613 qnam
692 3533 883 3598 Moabitica?

220 3660 381 3720 Atdices:
421 3658 488 3721 Non
518 3667 548 3717 tu
572 3658 670 3718 credis
694 3677 768 3739 ergo
798 3658 886 3718 dictis
909 3658 1057 3720 Petrum?

135 3744 340 3827 Respondeo:
379 3740 532 3802 Credam?
567 3742 633 3821 quis
670 3740 841 3808 mandavit„-
859 3742 916 3810 illis
947 3740 1052 3804 credi?
