2392 4170
131 241 194 312 186
331 241 457 301 carnut
477 257 553 302 orna.
573 247 650 301 artic.
668 243 702 300 D.
718 244 756 342 ¹lt.
776 247 803 300 L.
823 256 873 316 per

132 401 178 463 lta
199 400 247 479 iit,
277 406 309 461 nt
328 402 466 463 irritante
485 401 555 482 lege
577 408 608 462 et
629 402 879 481 concupiscentia
902 408 932 462 et
951 402 1062 482 peeca-

132 480 195 546 tum
218 486 318 564 magia
339 484 503 565 placeant,
540 491 570 545 et
599 484 652 546 lex
672 486 771 566 magia
809 500 846 546 ao
877 487 975 565 magis
1004 470 1063 545 dia·

132 569 253 650 pliceat.
301 566 377 630 eum
401 586 477 649 ergo
502 569 645 631 collectio
667 575 865 649 peccatorum
887 572 974 630 extra
995 578 1063 649 grt-

133 654 206 714 tiam
230 670 291 712 nou
315 653 372 711 nisi
395 652 493 732 legera
517 652 573 712 eibi
595 655 785 732 praestituat,
816 652 855 713 ad
878 671 969 732 quam
991 668 1064 733 pec·

134 742 203 796 cata
225 755 281 796 sua
303 736 429 814 confert,
453 735 643 816 impossibile
669 744 715 796 eet
740 736 830 812 (licet
847 742 927 796 metu
942 746 1064 816 poenae

134 819 182 879 vel
199 836 260 898 epe
281 820 408 898 praemii
431 819 547 880 fortiter
560 818 705 898 simulet),
729 826 760 879 ut
783 838 845 880 non
861 822 958 900 megia
979 817 1065 880 odiat

134 902 232 982 legem
255 900 350 983 quani
370 912 508 982 peccata,
531 904 670 984 etmagis
686 902 944 983 diligatpeocata,
971 918 1064 981 quam

134 986 279 1047 iustitiam
301 986 389 1064 legia.

217 1071 256 1129 Et
278 1069 349 1148 quid
378 1069 470 1130 faciat
491 1070 602 1150 impius
632 1061 718 1129 extra
740 1071 886 1148 gratiam,
923 1086 992 1128 cum
1016 1087 1065 1129 au-

134 1153 237 1234 periua
270 1152 398 1213 articulo
427 1154 525 1232 primo
556 1152 768 1231 docuerimus,
803 1158 918 1233 quanto
953 1151 1066 1213 sudore

134 1238 205 1296 iusti
226 1247 257 1296 et
278 1237 375 1296 sancti
398 1237 452 1295 viri
475 1236 726 1297 condelectentur
748 1237 809 1316 legi
834 1237 907 1313 Dei,
939 1239 970 1295 et
990 1236 1065 1296 resi·

136 1326 217 1380 stant
240 1319 300 1400 legi
323 1319 527 1380 membrorum
550 1321 733 1400 repugnanti
756 1326 787 1380 et
809 1318 998 1400 captivanti?
1031 1316 1067 1381 Si

135 1403 177 1464 illi
201 1409 351 1482 coguntur
378 1403 556 1464 anamodo
590 1403 710 1479 odiose,
743 1403 796 1463 sed
832 1410 862 1463 et
893 1414 1068 1483 repugnare

135 1488 196 1568 legi
218 1487 276 1548 Dei
298 1494 330 1546 et
352 1487 517 1566 captivari,
546 1486 617 1566 quid
639 1486 753 1547 sacient
780 1487 881 1566 impii,
903 1487 933 1546 iu
957 1480 1123 1577 quibua*

135 1572 193 1631 iata
214 1587 319 1650 pugna
347 1570 471 1648 spiritua
493 1570 629 1631 noudum
660 1570 729 1630 cet?
767 1569 846 1645 Quid
869 1570 961 1630 iaciat
982 1584 1067 1646 caro,

137 1652 186 1713 ubi
209 1653 332 1733 spirituc
354 1666 415 1712 non
442 1653 509 1713 eet?
531 1660 693 1735 praesente
711 1655 1068 1734 spiritupugnatcontra

137 1737 236 1816 legem
259 1736 327 1813 Dei,
350 1744 379 1796 et
401 1745 432 1796 tu
456 1731 541 1814 dicia,
565 1736 646 1816 quod
671 1731 797 1797 absente
821 1738 927 1817 spiritu
950 1742 1069 1816 pugnat

136 1820 282 1900 prolege
306 1813 383 1879 Dei?
427 1819 507 1881 Oaro
530 1821 721 1900 concupiscit
746 1820 892 1881 adversus
915 1819 1068 1899 spiritum,

136 1910 166 1963 et
189 1905 313 1984 spiritus
335 1903 482 1964 adversus
505 1901 687 1981 carnem),
711 1910 741 1964 et
761 1911 793 1963 tu
819 1902 945 1964 docebis
969 1902 1079 1964 solam·

136 2004 259 2047 carnem
291 1986 375 2046 nullo
403 1993 596 2066 repugnante
618 1987 724 2066 spiritu
746 1986 894 2047 iacturam
928 2005 984 2066 pro
1009 1987 1069 2066 epi-

135 2068 215 2130 ritu?
260 2068 339 2144 Quid
370 2077 473 2147 potest
505 2071 642 2129 insanius
673 2069 732 2130 dici
765 2079 794 2129 et
826 2069 925 2149 fingit
969 2068 1070 2130 Malae

137 2151 293 2231 cupiditati
317 2151 465 2230 tribuitur,
488 2160 519 2213 ut
542 2153 634 2213 iaciat
653 2171 741 2233 opus,
764 2160 872 2214 contra
895 2151 977 2230 quod
999 2153 1069 2232 ipaa

137 2234 244 2296 eadem
273 2236 399 2294 summio
430 2235 543 2295 viribus
573 2240 722 2315 pugnat,
740 2236 810 2297 dum
842 2254 989 2315 praeseus
1022 2240 1070 2296 eat

137 2318 219 2379 bona
242 2317 402 2397 cupiditas.
447 2319 548 2380 Oredo
571 2319 647 2378 haec
669 2319 786 2379 factura
808 2319 920 2396 fidem,
949 2338 1005 2398 per
1027 2318 1066 2378 le·

137 2421 206 2483 geru
228 2419 289 2461 non
313 2403 368 2460 uisi
392 2403 495 2481 augeri
518 2409 689 2482 peccatum,
710 2402 741 2462 id
769 2409 847 2480 est,
867 2402 938 2463 odio
963 2401 1068 2462 haberi

138 2485 282 2545 iustitiam
307 2491 337 2543 et
372 2485 467 2545 amari
490 2493 670 2565 peccatum,
704 2486 796 2565 idque
829 2492 896 2550 tcto
930 2484 1069 2566 pondere

138 2574 169 2628 et
191 2569 317 2628 cummis
341 2567 464 2647 viribus,
488 2569 537 2628 ubi
559 2577 668 2630 natura
692 2570 759 2630 sola
782 2570 870 2630 luerit
892 2574 980 2628 extra
1002 2587 1069 2649 gra·

139 2652 227 2729 tiam,
263 2670 331 2711 cum
354 2652 500 2730 ingratia
532 2654 658 2712 cummis
681 2652 794 2713 viribus
823 2661 939 2733 pugnet
962 2663 1070 2712 contra

138 2734 249 2814 legem.
295 2733 389 2794 Simul
413 2734 505 2795 credo
529 2743 644 2816 pateat,
667 2755 728 2796 non
749 2736 841 2796 modo
864 2736 1069 2815 hypocritam,

140 2817 195 2878 aed
224 2823 254 2877 et
285 2819 382 2897 magia
414 2825 609 2898 peccatorem
643 2818 707 2879 lieri
755 2819 951 2880 collectorem
984 2817 1069 2878 illum

141 2902 333 2961 contritionis
355 2919 394 2960 ex
416 2908 615 2981 peecatorum
638 2910 668 2962 et
691 2903 768 2982 legis
790 2903 908 2963 intuitu.

225 2982 304 3058 Quin
327 2990 378 3044 eat
399 2986 529 3064 quisque
550 2987 581 3047 in
605 3004 658 3046 cor
680 3004 778 3062 auum,
802 2991 831 3045 et
860 3003 920 3045 non
946 2983 1070 3044 mentia·

142 3074 189 3126 tur
210 3066 266 3126 sibi
289 3067 363 3146 ipsi,
384 3069 632 3149 respondeatque
648 3070 737 3147 mihi,
760 3088 798 3129 an
821 3086 883 3128 non
907 3082 1070 3128 corsuum

139 3151 183 3209 ita
206 3151 351 3228 inveniat,
374 3159 405 3211 ut
432 3152 535 3212 mallet
557 3152 670 3213 nullam
695 3152 794 3233 legem
818 3150 906 3212 esse?
947 3165 986 3211 an
1007 3166 1070 3212 uon

142 3232 227 3294 odiat
258 3250 389 3312 poenam
423 3244 619 3314 peccatorum
651 3235 741 3296 ease?
785 3255 822 3295 an
867 3253 927 3294 non
960 3234 1072 3294 sentiat

142 3316 199 3376 eibi
221 3316 344 3396 placere
360 3318 560 3398 voluptatem,
578 3318 718 3399 gloriam,
734 3337 820 3399 opes,
834 3316 978 3378 scientias
991 3314 1072 3377 cta?

143 3399 218 3475 Quis
240 3407 296 3479 est,
320 3402 369 3480 qui
393 3403 522 3462 hicnon
545 3401 717 3462 afliciatur?
761 3403 800 3462 At
818 3399 946 3462 affectus
969 3418 1072 3462 nonne

142 3483 235 3543 vellet
257 3502 317 3544 nou
341 3502 409 3545 esse
427 3484 602 3565 prohibita?
646 3484 735 3562 Quod
758 3487 782 3545 ai
806 3486 872 3565 quie
895 3484 1017 3545 simulet
1039 3496 1072 3544 te

151 3655 520 3670 m·-

196 3748 230 3816 *)
250 3743 310 3803 (tal.
329 3746 354 3802 t.
