<?xml version="1.0" encoding="UTF-8"?>
<!DOCTYPE html PUBLIC "-//W3C//DTD XHTML 1.0 Transitional//EN"
    "http://www.w3.org/TR/xhtml1/DTD/xhtml1-transitional.dtd">
<html xmlns="http://www.w3.org/1999/xhtml" xml:lang="en" lang="en">
 <head>
  <title>
</title>
<meta http-equiv="Content-Type" content="text/html;charset=utf-8" />
  <meta name='ocr-system' content='tesseract 3.04.00' />
  <meta name='ocr-capabilities' content='ocr_page ocr_carea ocr_par ocr_line ocrx_word'/>
</head>
<body>
  <div class='ocr_page' id='page_1' title='image "./dmartinilutheri03luthgoog_0183.png"; bbox 0 0 2392 4170; ppageno 0'>
   <div class='ocr_carea' id='block_1_1' title="bbox 131 240 876 320">
    <p class='ocr_par' dir='ltr' id='par_1_1' title="bbox 131 240 876 320">
     <span class='ocr_line' id='line_1_1' title="bbox 131 240 876 320; baseline 0.008 -20"><span class='ocrx_word' id='word_1_1' title='bbox 131 240 195 310; x_wconf 80' lang='grc'><strong>172</strong></span> <span class='ocrx_word' id='word_1_2' title='bbox 330 246 456 307; x_wconf 81' lang='lat' dir='ltr'><strong>Assertio</strong></span> <span class='ocrx_word' id='word_1_3' title='bbox 476 265 551 304; x_wconf 90' lang='lat' dir='ltr'><strong>omn.</strong></span> <span class='ocrx_word' id='word_1_4' title='bbox 570 251 647 306; x_wconf 85' lang='lat' dir='ltr'><strong>artie.</strong></span> <span class='ocrx_word' id='word_1_5' title='bbox 667 247 702 304; x_wconf 87' lang='lat' dir='ltr'><strong>D.</strong></span> <span class='ocrx_word' id='word_1_6' title='bbox 721 249 756 306; x_wconf 86' lang='lat' dir='ltr'><strong>ll.</strong></span> <span class='ocrx_word' id='word_1_7' title='bbox 774 248 806 306; x_wconf 83' lang='lat' dir='ltr'><strong>L.</strong></span> <span class='ocrx_word' id='word_1_8' title='bbox 824 264 876 320; x_wconf 84' lang='lat' dir='ltr'><strong>par</strong></span> 
     </span>
    </p>
   </div>
   <div class='ocr_carea' id='block_1_2' title="bbox 112 400 1075 3816">
    <p class='ocr_par' dir='ltr' id='par_1_2' title="bbox 112 400 1075 3816">
     <span class='ocr_line' id='line_1_2' title="bbox 133 400 1061 484; baseline 0.009 -21"><span class='ocrx_word' id='word_1_9' title='bbox 133 421 200 464; x_wconf 87' lang='lat' dir='ltr'><strong>sem</strong></span> <span class='ocrx_word' id='word_1_10' title='bbox 221 402 276 464; x_wconf 88' lang='lat' dir='ltr'><strong>ulli</strong></span> <span class='ocrx_word' id='word_1_11' title='bbox 297 402 393 466; x_wconf 82' lang='lat' dir='ltr'><strong>videri</strong></span> <span class='ocrx_word' id='word_1_12' title='bbox 416 402 639 484; x_wconf 79' lang='lat' dir='ltr'><strong>damnandam,</strong></span> <span class='ocrx_word' id='word_1_13' title='bbox 668 422 759 484; x_wconf 86' lang='lat' dir='ltr'><strong>quam</strong></span> <span class='ocrx_word' id='word_1_14' title='bbox 789 405 903 467; x_wconf 86' lang='lat' dir='ltr'><strong>seimus</strong></span> <span class='ocrx_word' id='word_1_15' title='bbox 925 400 1061 471; x_wconf 74' lang='lat' dir='ltr'><strong>omnium</strong></span> 
     </span>
     <span class='ocr_line' id='line_1_3' title="bbox 134 485 1060 571; baseline 0.006 -24"><span class='ocrx_word' id='word_1_16' title='bbox 134 485 316 549; x_wconf 76' lang='lat' dir='ltr'><strong>Sanctorum</strong></span> <span class='ocrx_word' id='word_1_17' title='bbox 350 508 405 568; x_wconf 88' lang='lat' dir='ltr'><strong>per</strong></span> <span class='ocrx_word' id='word_1_18' title='bbox 434 487 488 571; x_wconf 66' lang='lat' dir='ltr'><strong>tot}</strong></span> <span class='ocrx_word' id='word_1_19' title='bbox 516 487 621 550; x_wconf 87' lang='lat' dir='ltr'><strong>seeula</strong></span> <span class='ocrx_word' id='word_1_20' title='bbox 659 488 855 551; x_wconf 85' lang='lat' dir='ltr'><strong>oonieesione</strong></span> <span class='ocrx_word' id='word_1_21' title='bbox 887 486 1060 570; x_wconf 76' lang='lat' dir='ltr'><strong>pronatum</strong></span> 
     </span>
     <span class='ocr_line' id='line_1_4' title="bbox 112 566 1060 653; baseline 0.004 -23"><span class='ocrx_word' id='word_1_22' title='bbox 112 603 113 607; x_wconf 62' lang='lat'><em>=</em></span> <span class='ocrx_word' id='word_1_23' title='bbox 133 569 213 647; x_wconf 77' lang='lat' dir='ltr'><strong>Quid</strong></span> <span class='ocrx_word' id='word_1_24' title='bbox 236 572 317 633; x_wconf 88' lang='lat' dir='ltr'><strong>euim</strong></span> <span class='ocrx_word' id='word_1_25' title='bbox 339 573 369 632; x_wconf 89' lang='lat' dir='ltr'><strong>in</strong></span> <span class='ocrx_word' id='word_1_26' title='bbox 382 573 445 632; x_wconf 88' lang='lat' dir='ltr'><strong>vita</strong></span> <span class='ocrx_word' id='word_1_27' title='bbox 458 573 594 633; x_wconf 88' lang='lat' dir='ltr'><strong>omnium</strong></span> <span class='ocrx_word' id='word_1_28' title='bbox 608 571 789 633; x_wconf 76' lang='lat' dir='ltr'><strong>Sanctorum</strong></span> <span class='ocrx_word' id='word_1_29' title='bbox 805 572 949 653; x_wconf 81' lang='lat' dir='ltr'><strong>legimus,</strong></span> <span class='ocrx_word' id='word_1_30' title='bbox 971 566 1060 651; x_wconf 59' lang='lat' dir='ltr'><strong>quart</strong></span> 
     </span>
     <span class='ocr_line' id='line_1_5' title="bbox 133 642 1062 737; baseline 0.003 -23"><span class='ocrx_word' id='word_1_31' title='bbox 133 653 272 729; x_wconf 72' lang='lat' dir='ltr'><strong>labores,</strong></span> <span class='ocrx_word' id='word_1_32' title='bbox 308 655 445 734; x_wconf 76' lang='lat' dir='ltr'><strong>vigilias,</strong></span> <span class='ocrx_word' id='word_1_33' title='bbox 478 656 606 726; x_wconf 79' lang='lat' dir='ltr'><strong>ieiunia,</strong></span> <span class='ocrx_word' id='word_1_34' title='bbox 641 657 812 730; x_wconf 73' lang='lat' dir='ltr'><strong>orationes,</strong></span> <span class='ocrx_word' id='word_1_35' title='bbox 842 655 954 735; x_wconf 84' lang='lat' dir='ltr'><strong>quibus</strong></span> <span class='ocrx_word' id='word_1_36' title='bbox 980 642 1062 737; x_wconf 42' lang='lat' dir='ltr'><strong>rel&amp;</strong></span> 
     </span>
     <span class='ocr_line' id='line_1_6' title="bbox 135 738 1060 829; baseline 0.001 -31"><span class='ocrx_word' id='word_1_37' title='bbox 135 739 286 801; x_wconf 75' lang='lat' dir='ltr'><strong>machinis</strong></span> <span class='ocrx_word' id='word_1_38' title='bbox 308 738 515 817; x_wconf 83' lang='lat' dir='ltr'><strong>spiritualibus</strong></span> <span class='ocrx_word' id='word_1_39' title='bbox 537 744 752 819; x_wconf 84' lang='lat' dir='ltr'><strong>pugnaverunt</strong></span> <span class='ocrx_word' id='word_1_40' title='bbox 769 739 917 820; x_wconf 82' lang='lat' dir='ltr'><strong>adversus</strong></span> <span class='ocrx_word' id='word_1_41' title='bbox 941 750 1060 829; x_wconf 64' lang='lat' dir='ltr'><strong>omem</strong></span> 
     </span>
     <span class='ocr_line' id='line_1_7' title="bbox 135 818 1059 969; baseline 0.001 -87"><span class='ocrx_word' id='word_1_42' title='bbox 135 828 167 882; x_wconf 89' lang='lat' dir='ltr'><strong>et</strong></span> <span class='ocrx_word' id='word_1_43' title='bbox 189 824 456 900; x_wconf 87' lang='lat' dir='ltr'><strong>oonoupiseeutias</strong></span> <span class='ocrx_word' id='word_1_44' title='bbox 479 823 617 905; x_wconf 85' lang='lat' dir='ltr'><strong>eorporis</strong></span> <span class='ocrx_word' id='word_1_45' title='bbox 631 822 676 882; x_wconf 92' lang='lat' dir='ltr'><strong>sui</strong></span> <span class='ocrx_word' id='word_1_46' title='bbox 698 822 835 903; x_wconf 84' lang='lat' dir='ltr'><strong>proprii?</strong></span> <span class='ocrx_word' id='word_1_47' title='bbox 858 820 935 899; x_wconf 79' lang='lat' dir='ltr'><strong>Quis</strong></span> <span class='ocrx_word' id='word_1_48' title='bbox 958 818 1059 969; x_wconf 62' lang='grc' dir='ltr'><strong>0οἨ</strong></span> 
     </span>
     <span class='ocr_line' id='line_1_8' title="bbox 133 903 1030 987; baseline 0.001 -21"><span class='ocrx_word' id='word_1_49' title='bbox 133 923 195 967; x_wconf 93' lang='lat' dir='ltr'><strong>non</strong></span> <span class='ocrx_word' id='word_1_50' title='bbox 219 906 334 987; x_wconf 77' lang='lat' dir='ltr'><strong>gemiti</strong></span> <span class='ocrx_word' id='word_1_51' title='bbox 356 926 417 967; x_wconf 90' lang='lat' dir='ltr'><strong>non</strong></span> <span class='ocrx_word' id='word_1_52' title='bbox 442 905 589 967; x_wconf 76' lang='lat' dir='ltr'><strong>aecusat?</strong></span> <span class='ocrx_word' id='word_1_53' title='bbox 611 924 673 966; x_wconf 92' lang='lat' dir='ltr'><strong>non</strong></span> <span class='ocrx_word' id='word_1_54' title='bbox 696 903 816 966; x_wconf 88' lang='lat' dir='ltr'><strong>laborat</strong></span> <span class='ocrx_word' id='word_1_55' title='bbox 836 907 868 967; x_wconf 93' lang='lat' dir='ltr'><strong>in</strong></span> <span class='ocrx_word' id='word_1_56' title='bbox 892 905 1002 967; x_wconf 82' lang='lat' dir='ltr'><strong>earne&#39;</strong></span> <span class='ocrx_word' id='word_1_57' title='bbox 1026 904 1030 917; x_wconf 92' lang='lat'>&#39;</span> 
     </span>
     <span class='ocr_line' id='line_1_9' title="bbox 132 974 1057 1073; baseline -0.001 -23"><span class='ocrx_word' id='word_1_58' title='bbox 132 995 164 1051; x_wconf 90' lang='lat' dir='ltr'><strong>et</strong></span> <span class='ocrx_word' id='word_1_59' title='bbox 185 989 442 1070; x_wconf 89' lang='lat' dir='ltr'><strong>eonoupisaentiis</strong></span> <span class='ocrx_word' id='word_1_60' title='bbox 465 989 552 1050; x_wconf 89' lang='lat' dir='ltr'><strong>suis?</strong></span> <span class='ocrx_word' id='word_1_61' title='bbox 580 988 656 1050; x_wconf 80' lang='lat' dir='ltr'><strong>Oura</strong></span> <span class='ocrx_word' id='word_1_62' title='bbox 683 1007 756 1069; x_wconf 84' lang='lat' dir='ltr'><strong>ergo</strong></span> <span class='ocrx_word' id='word_1_63' title='bbox 784 990 814 1048; x_wconf 93' lang='lat' dir='ltr'><strong>in</strong></span> <span class='ocrx_word' id='word_1_64' title='bbox 844 989 892 1050; x_wconf 91' lang='lat' dir='ltr'><strong>bis</strong></span> <span class='ocrx_word' id='word_1_65' title='bbox 922 974 1057 1073; x_wconf 44' lang='lat' dir='ltr'><strong>omnib*</strong></span> 
     </span>
     <span class='ocr_line' id='line_1_10' title="bbox 133 1070 1056 1153; baseline 0.003 -21"><span class='ocrx_word' id='word_1_66' title='bbox 133 1072 291 1134; x_wconf 86' lang='lat' dir='ltr'><strong>videamus</strong></span> <span class='ocrx_word' id='word_1_67' title='bbox 307 1074 381 1134; x_wconf 90' lang='lat' dir='ltr'><strong>istas</strong></span> <span class='ocrx_word' id='word_1_68' title='bbox 395 1074 590 1135; x_wconf 79' lang='lat' dir='ltr'><strong>autoritates:</strong></span> <span class='ocrx_word' id='word_1_69' title='bbox 614 1072 694 1133; x_wconf 82' lang='lat' dir='ltr'><strong>Caro</strong></span> <span class='ocrx_word' id='word_1_70' title='bbox 708 1073 899 1153; x_wconf 86' lang='lat' dir='ltr'><strong>eonaupisoit</strong></span> <span class='ocrx_word' id='word_1_71' title='bbox 915 1070 1056 1137; x_wconf 74' lang='lat' dir='ltr'><strong>adventi!</strong></span> 
     </span>
     <span class='ocr_line' id='line_1_11' title="bbox 132 1142 1056 1241; baseline 0.001 -25"><span class='ocrx_word' id='word_1_72' title='bbox 132 1157 281 1236; x_wconf 76' lang='lat' dir='ltr'><strong>spiritum,</strong></span> <span class='ocrx_word' id='word_1_73' title='bbox 303 1157 424 1236; x_wconf 88' lang='lat' dir='ltr'><strong>spiritus</strong></span> <span class='ocrx_word' id='word_1_74' title='bbox 447 1156 594 1218; x_wconf 87' lang='lat' dir='ltr'><strong>adversus</strong></span> <span class='ocrx_word' id='word_1_75' title='bbox 618 1174 758 1232; x_wconf 80' lang='lat' dir='ltr'><strong>earnem,</strong></span> <span class='ocrx_word' id='word_1_76' title='bbox 788 1162 834 1217; x_wconf 88' lang='lat' dir='ltr'><strong>et:</strong></span> <span class='ocrx_word' id='word_1_77' title='bbox 857 1142 1056 1241; x_wconf 72' lang='lat' dir='ltr'><strong>Gondelaaldt</strong></span> 
     </span>
     <span class='ocr_line' id='line_1_12' title="bbox 132 1238 1000 1319; baseline 0.002 -20"><span class='ocrx_word' id='word_1_78' title='bbox 132 1239 194 1319; x_wconf 84' lang='lat' dir='ltr'><strong>legi</strong></span> <span class='ocrx_word' id='word_1_79' title='bbox 206 1239 262 1299; x_wconf 88' lang='lat' dir='ltr'><strong>Dei</strong></span> <span class='ocrx_word' id='word_1_80' title='bbox 286 1239 453 1301; x_wconf 85' lang='lat' dir='ltr'><strong>seeundum</strong></span> <span class='ocrx_word' id='word_1_81' title='bbox 476 1241 653 1300; x_wconf 88' lang='lat' dir='ltr'><strong>interiorem</strong></span> <span class='ocrx_word' id='word_1_82' title='bbox 665 1239 832 1316; x_wconf 88' lang='lat' dir='ltr'><strong>bominem,</strong></span> <span class='ocrx_word' id='word_1_83' title='bbox 856 1238 950 1300; x_wconf 82' lang='lat' dir='ltr'><strong>video</strong></span> <span class='ocrx_word' id='word_1_84' title='bbox 960 1258 1000 1301; x_wconf 87' lang='lat' dir='ltr'><strong>au</strong></span> 
     </span>
     <span class='ocr_line' id='line_1_13' title="bbox 133 1224 1075 1427; baseline 0 -44"><span class='ocrx_word' id='word_1_85' title='bbox 133 1323 226 1384; x_wconf 90' lang='lat' dir='ltr'><strong>aliam</strong></span> <span class='ocrx_word' id='word_1_86' title='bbox 248 1322 348 1403; x_wconf 84' lang='lat' dir='ltr'><strong>legem</strong></span> <span class='ocrx_word' id='word_1_87' title='bbox 370 1324 400 1384; x_wconf 94' lang='lat' dir='ltr'><strong>in</strong></span> <span class='ocrx_word' id='word_1_88' title='bbox 425 1322 569 1383; x_wconf 89' lang='lat' dir='ltr'><strong>membris</strong></span> <span class='ocrx_word' id='word_1_89' title='bbox 593 1324 669 1383; x_wconf 89' lang='lat' dir='ltr'><strong>meis</strong></span> <span class='ocrx_word' id='word_1_90' title='bbox 685 1329 742 1384; x_wconf 86' lang='lat' dir='ltr'><strong>ete.</strong></span> <span class='ocrx_word' id='word_1_91' title='bbox 786 1321 874 1399; x_wconf 78' lang='lat' dir='ltr'><strong>Quae</strong></span> <span class='ocrx_word' id='word_1_92' title='bbox 897 1224 1075 1427; x_wconf 42' lang='lat' dir='ltr'><strong>causaq-</strong></span> 
     </span>
     <span class='ocr_line' id='line_1_14' title="bbox 132 1404 1053 1487; baseline 0.002 -21"><span class='ocrx_word' id='word_1_93' title='bbox 132 1413 165 1466; x_wconf 89' lang='lat' dir='ltr'><strong>ut</strong></span> <span class='ocrx_word' id='word_1_94' title='bbox 185 1406 264 1468; x_wconf 88' lang='lat' dir='ltr'><strong>baso</strong></span> <span class='ocrx_word' id='word_1_95' title='bbox 286 1407 463 1487; x_wconf 89' lang='lat' dir='ltr'><strong>apostolum</strong></span> <span class='ocrx_word' id='word_1_96' title='bbox 485 1407 614 1466; x_wconf 88' lang='lat' dir='ltr'><strong>velimus</strong></span> <span class='ocrx_word' id='word_1_97' title='bbox 636 1424 699 1466; x_wconf 93' lang='lat' dir='ltr'><strong>nou</strong></span> <span class='ocrx_word' id='word_1_98' title='bbox 721 1405 752 1465; x_wconf 90' lang='lat' dir='ltr'><strong>in</strong></span> <span class='ocrx_word' id='word_1_99' title='bbox 774 1424 846 1482; x_wconf 77' lang='lat' dir='ltr'><strong>sua,</strong></span> <span class='ocrx_word' id='word_1_100' title='bbox 876 1404 931 1466; x_wconf 88' lang='lat' dir='ltr'><strong>sed</strong></span> <span class='ocrx_word' id='word_1_101' title='bbox 952 1404 1053 1478; x_wconf 84' lang='lat' dir='ltr'><strong>impid-</strong></span> 
     </span>
     <span class='ocr_line' id='line_1_15' title="bbox 131 1489 1054 1570; baseline 0.001 -20"><span class='ocrx_word' id='word_1_102' title='bbox 131 1509 198 1550; x_wconf 88' lang='lat' dir='ltr'><strong>rum</strong></span> <span class='ocrx_word' id='word_1_103' title='bbox 224 1508 359 1570; x_wconf 89' lang='lat' dir='ltr'><strong>persona</strong></span> <span class='ocrx_word' id='word_1_104' title='bbox 381 1489 498 1568; x_wconf 84' lang='lat' dir='ltr'><strong>diesne,</strong></span> <span class='ocrx_word' id='word_1_105' title='bbox 527 1509 607 1569; x_wconf 89' lang='lat' dir='ltr'><strong>quae</strong></span> <span class='ocrx_word' id='word_1_106' title='bbox 632 1490 662 1549; x_wconf 93' lang='lat' dir='ltr'><strong>in</strong></span> <span class='ocrx_word' id='word_1_107' title='bbox 692 1490 833 1568; x_wconf 90' lang='lat' dir='ltr'><strong>personis</strong></span> <span class='ocrx_word' id='word_1_108' title='bbox 856 1489 1054 1569; x_wconf 73' lang='lat' dir='ltr'><strong>piissimum!</strong></span> 
     </span>
     <span class='ocr_line' id='line_1_16' title="bbox 130 1571 1043 1653; baseline -0.001 -21"><span class='ocrx_word' id='word_1_109' title='bbox 130 1572 269 1634; x_wconf 86' lang='lat' dir='ltr'><strong>ridemus</strong></span> <span class='ocrx_word' id='word_1_110' title='bbox 290 1574 492 1634; x_wconf 81' lang='lat' dir='ltr'><strong>vivasissimis</strong></span> <span class='ocrx_word' id='word_1_111' title='bbox 516 1572 623 1634; x_wconf 91' lang='lat' dir='ltr'><strong>studiis</strong></span> <span class='ocrx_word' id='word_1_112' title='bbox 646 1571 734 1653; x_wconf 82' lang='lat' dir='ltr'><strong>geri?</strong></span> <span class='ocrx_word' id='word_1_113' title='bbox 937 1618 940 1625; x_wconf 89' lang='lat'><em>.</em></span> <span class='ocrx_word' id='word_1_114' title='bbox 1040 1586 1043 1591; x_wconf 85' lang='lat'>·</span> 
     </span>
     <span class='ocr_line' id='line_1_17' title="bbox 216 1646 1075 1735; baseline 0.001 -19"><span class='ocrx_word' id='word_1_115' title='bbox 216 1655 280 1716; x_wconf 88' lang='lat' dir='ltr'><strong>Aut</strong></span> <span class='ocrx_word' id='word_1_116' title='bbox 300 1656 425 1735; x_wconf 82' lang='lat' dir='ltr'><strong>quando</strong></span> <span class='ocrx_word' id='word_1_117' title='bbox 450 1655 582 1717; x_wconf 89' lang='lat' dir='ltr'><strong>vidimus</strong></span> <span class='ocrx_word' id='word_1_118' title='bbox 605 1655 742 1735; x_wconf 84' lang='lat' dir='ltr'><strong>impium,</strong></span> <span class='ocrx_word' id='word_1_119' title='bbox 765 1655 816 1734; x_wconf 88' lang='lat' dir='ltr'><strong>qui</strong></span> <span class='ocrx_word' id='word_1_120' title='bbox 837 1653 898 1716; x_wconf 86' lang='lat' dir='ltr'><strong>bae</strong></span> <span class='ocrx_word' id='word_1_121' title='bbox 914 1646 1075 1729; x_wconf 55' lang='lat' dir='ltr'><strong>molendi,</strong></span> 
     </span>
     <span class='ocr_line' id='line_1_18' title="bbox 135 1732 1075 1820; baseline -0.001 -22"><span class='ocrx_word' id='word_1_122' title='bbox 135 1740 212 1799; x_wconf 89' lang='lat' dir='ltr'><strong>sima</strong></span> <span class='ocrx_word' id='word_1_123' title='bbox 238 1758 343 1820; x_wconf 80' lang='lat' dir='ltr'><strong>pugna</strong></span> <span class='ocrx_word' id='word_1_124' title='bbox 370 1738 517 1800; x_wconf 89' lang='lat' dir='ltr'><strong>adversus</strong></span> <span class='ocrx_word' id='word_1_125' title='bbox 545 1758 667 1800; x_wconf 85' lang='lat' dir='ltr'><strong>earnem</strong></span> <span class='ocrx_word' id='word_1_126' title='bbox 691 1757 777 1798; x_wconf 90' lang='lat' dir='ltr'><strong>suam</strong></span> <span class='ocrx_word' id='word_1_127' title='bbox 801 1737 924 1814; x_wconf 82' lang='lat' dir='ltr'><strong>militet,</strong></span> <span class='ocrx_word' id='word_1_128' title='bbox 954 1732 1075 1799; x_wconf 58' lang='lat' dir='ltr'><strong>moda!</strong></span> 
     </span>
     <span class='ocr_line' id='line_1_19' title="bbox 134 1810 1075 1903; baseline -0.002 -21"><span class='ocrx_word' id='word_1_129' title='bbox 134 1820 263 1883; x_wconf 82' lang='lat' dir='ltr'><strong>lebtetur</strong></span> <span class='ocrx_word' id='word_1_130' title='bbox 296 1823 356 1903; x_wconf 86' lang='lat' dir='ltr'><strong>legi</strong></span> <span class='ocrx_word' id='word_1_131' title='bbox 390 1823 447 1884; x_wconf 87' lang='lat' dir='ltr'><strong>Dei</strong></span> <span class='ocrx_word' id='word_1_132' title='bbox 477 1821 646 1884; x_wconf 85' lang='lat' dir='ltr'><strong>seeundum</strong></span> <span class='ocrx_word' id='word_1_133' title='bbox 677 1821 852 1901; x_wconf 83' lang='lat' dir='ltr'><strong>interiorem</strong></span> <span class='ocrx_word' id='word_1_134' title='bbox 886 1810 1075 1881; x_wconf 83' lang='lat' dir='ltr'><strong>homiuanti’</strong></span> 
     </span>
     <span class='ocr_line' id='line_1_20' title="bbox 133 1902 1056 1983; baseline -0.002 -18"><span class='ocrx_word' id='word_1_135' title='bbox 133 1905 256 1967; x_wconf 92' lang='lat' dir='ltr'><strong>Piorum</strong></span> <span class='ocrx_word' id='word_1_136' title='bbox 279 1906 339 1967; x_wconf 93' lang='lat' dir='ltr'><strong>ista</strong></span> <span class='ocrx_word' id='word_1_137' title='bbox 361 1912 563 1967; x_wconf 89' lang='lat' dir='ltr'><strong>suntsumma</strong></span> <span class='ocrx_word' id='word_1_138' title='bbox 576 1911 606 1966; x_wconf 90' lang='lat' dir='ltr'><strong>et</strong></span> <span class='ocrx_word' id='word_1_139' title='bbox 628 1902 869 1965; x_wconf 84' lang='lat' dir='ltr'><strong>laboriosissima</strong></span> <span class='ocrx_word' id='word_1_140' title='bbox 887 1904 1056 1983; x_wconf 71' lang='lat' dir='ltr'><strong>certamina,</strong></span> 
     </span>
     <span class='ocr_line' id='line_1_21' title="bbox 135 1984 1057 2071; baseline -0.001 -22"><span class='ocrx_word' id='word_1_141' title='bbox 135 1995 236 2049; x_wconf 90' lang='lat' dir='ltr'><strong>etnos</strong></span> <span class='ocrx_word' id='word_1_142' title='bbox 259 2008 296 2049; x_wconf 92' lang='lat' dir='ltr'><strong>ea</strong></span> <span class='ocrx_word' id='word_1_143' title='bbox 307 1989 474 2050; x_wconf 90' lang='lat' dir='ltr'><strong>tribuemus</strong></span> <span class='ocrx_word' id='word_1_144' title='bbox 495 1990 607 2067; x_wconf 84' lang='lat' dir='ltr'><strong>impiis,</strong></span> <span class='ocrx_word' id='word_1_145' title='bbox 628 1989 659 2048; x_wconf 92' lang='lat' dir='ltr'><strong>in</strong></span> <span class='ocrx_word' id='word_1_146' title='bbox 672 1987 956 2066; x_wconf 86' lang='lat' dir='ltr'><strong>ooneupiseeutiam</strong></span> <span class='ocrx_word' id='word_1_147' title='bbox 969 1984 1057 2071; x_wconf 61' lang='lat' dir='ltr'><strong>libert</strong></span> 
     </span>
     <span class='ocr_line' id='line_1_22' title="bbox 135 2068 1056 2151; baseline 0 -21"><span class='ocrx_word' id='word_1_148' title='bbox 135 2077 166 2131; x_wconf 91' lang='lat' dir='ltr'><strong>et</strong></span> <span class='ocrx_word' id='word_1_149' title='bbox 187 2077 298 2150; x_wconf 90' lang='lat' dir='ltr'><strong>sponte</strong></span> <span class='ocrx_word' id='word_1_150' title='bbox 320 2072 492 2147; x_wconf 79' lang='lat' dir='ltr'><strong>ruentibus,</strong></span> <span class='ocrx_word' id='word_1_151' title='bbox 520 2073 584 2133; x_wconf 91' lang='lat' dir='ltr'><strong>imo</strong></span> <span class='ocrx_word' id='word_1_152' title='bbox 607 2069 797 2131; x_wconf 76' lang='lat' dir='ltr'><strong>furentibus?</strong></span> <span class='ocrx_word' id='word_1_153' title='bbox 829 2068 959 2145; x_wconf 73' lang='lat' dir='ltr'><strong>Quoties</strong></span> <span class='ocrx_word' id='word_1_154' title='bbox 986 2080 1056 2151; x_wconf 69' lang='lat' dir='ltr'><strong>rugo</strong></span> 
     </span>
     <span class='ocr_line' id='line_1_23' title="bbox 135 2148 1057 2235; baseline -0.001 -20"><span class='ocrx_word' id='word_1_155' title='bbox 135 2153 165 2216; x_wconf 82' lang='lat' dir='ltr'><strong>S.</strong></span> <span class='ocrx_word' id='word_1_156' title='bbox 188 2153 394 2235; x_wconf 82' lang='lat' dir='ltr'><strong>Hieronymus</strong></span> <span class='ocrx_word' id='word_1_157' title='bbox 423 2155 460 2215; x_wconf 90' lang='lat' dir='ltr'><strong>de</strong></span> <span class='ocrx_word' id='word_1_158' title='bbox 489 2155 638 2216; x_wconf 83' lang='lat' dir='ltr'><strong>ineendiis</strong></span> <span class='ocrx_word' id='word_1_159' title='bbox 676 2152 836 2213; x_wconf 90' lang='lat' dir='ltr'><strong>libidinum</strong></span> <span class='ocrx_word' id='word_1_160' title='bbox 859 2148 1057 2232; x_wconf 54' lang='lat' dir='ltr'><strong>conqueriturss</strong></span> 
     </span>
     <span class='ocr_line' id='line_1_24' title="bbox 135 2235 1057 2308; baseline -0.001 -10"><span class='ocrx_word' id='word_1_161' title='bbox 135 2237 226 2298; x_wconf 90' lang='lat' dir='ltr'><strong>etiam</strong></span> <span class='ocrx_word' id='word_1_162' title='bbox 250 2243 329 2308; x_wconf 81' lang='lat' dir='ltr'><strong>tum,</strong></span> <span class='ocrx_word' id='word_1_163' title='bbox 361 2257 430 2299; x_wconf 87' lang='lat' dir='ltr'><strong>oum</strong></span> <span class='ocrx_word' id='word_1_164' title='bbox 453 2239 548 2299; x_wconf 89' lang='lat' dir='ltr'><strong>multo</strong></span> <span class='ocrx_word' id='word_1_165' title='bbox 569 2237 684 2298; x_wconf 90' lang='lat' dir='ltr'><strong>ieiunio</strong></span> <span class='ocrx_word' id='word_1_166' title='bbox 711 2242 741 2296; x_wconf 90' lang='lat' dir='ltr'><strong>et</strong></span> <span class='ocrx_word' id='word_1_167' title='bbox 768 2235 875 2296; x_wconf 91' lang='lat' dir='ltr'><strong>labore</strong></span> <span class='ocrx_word' id='word_1_168' title='bbox 898 2244 1008 2297; x_wconf 80' lang='lat' dir='ltr'><strong>eontra</strong></span> <span class='ocrx_word' id='word_1_169' title='bbox 1027 2238 1057 2297; x_wconf 63' lang='grc' dir='ltr'><strong>(ι</strong></span> 
     </span>
     <span class='ocr_line' id='line_1_25' title="bbox 135 2314 1058 2400; baseline -0.001 -20"><span class='ocrx_word' id='word_1_170' title='bbox 135 2326 296 2400; x_wconf 73' lang='lat' dir='ltr'><strong>pugnaret,</strong></span> <span class='ocrx_word' id='word_1_171' title='bbox 319 2320 380 2382; x_wconf 86' lang='lat' dir='ltr'><strong>hoo</strong></span> <span class='ocrx_word' id='word_1_172' title='bbox 402 2328 458 2397; x_wconf 77' lang='lat' dir='ltr'><strong>est,</strong></span> <span class='ocrx_word' id='word_1_173' title='bbox 482 2321 552 2382; x_wconf 93' lang='lat' dir='ltr'><strong>dum</strong></span> <span class='ocrx_word' id='word_1_174' title='bbox 576 2325 659 2380; x_wconf 87' lang='lat' dir='ltr'><strong>esset</strong></span> <span class='ocrx_word' id='word_1_175' title='bbox 681 2339 742 2380; x_wconf 92' lang='lat' dir='ltr'><strong>non</strong></span> <span class='ocrx_word' id='word_1_176' title='bbox 767 2318 861 2380; x_wconf 90' lang='lat' dir='ltr'><strong>modo</strong></span> <span class='ocrx_word' id='word_1_177' title='bbox 884 2314 1058 2400; x_wconf 53' lang='lat' dir='ltr'><strong>baptisatud</strong></span> 
     </span>
     <span class='ocr_line' id='line_1_26' title="bbox 134 2401 987 2484; baseline -0.001 -21"><span class='ocrx_word' id='word_1_178' title='bbox 134 2401 189 2465; x_wconf 90' lang='lat' dir='ltr'><strong>sed</strong></span> <span class='ocrx_word' id='word_1_179' title='bbox 216 2409 247 2464; x_wconf 89' lang='lat' dir='ltr'><strong>et</strong></span> <span class='ocrx_word' id='word_1_180' title='bbox 277 2405 497 2467; x_wconf 78' lang='lat' dir='ltr'><strong>sanctissimus.</strong></span> <span class='ocrx_word' id='word_1_181' title='bbox 542 2404 728 2484; x_wconf 76' lang='lat' dir='ltr'><strong>Experiatur</strong></span> <span class='ocrx_word' id='word_1_182' title='bbox 751 2403 880 2481; x_wconf 88' lang='lat' dir='ltr'><strong>quisque</strong></span> <span class='ocrx_word' id='word_1_183' title='bbox 902 2421 937 2463; x_wconf 92' lang='lat' dir='ltr'><strong>se</strong></span> <span class='ocrx_word' id='word_1_184' title='bbox 955 2402 987 2483; x_wconf 95' lang='lat' dir='ltr'><strong>ip</strong></span> 
     </span>
     <span class='ocr_line' id='line_1_27' title="bbox 135 2414 1059 2629; baseline 0.001 -83"><span class='ocrx_word' id='word_1_185' title='bbox 135 2486 296 2560; x_wconf 73' lang='lat' dir='ltr'><strong>etreierat</strong></span> <span class='ocrx_word' id='word_1_186' title='bbox 321 2489 345 2548; x_wconf 87' lang='lat' dir='ltr'><strong>si</strong></span> <span class='ocrx_word' id='word_1_187' title='bbox 368 2486 471 2563; x_wconf 83' lang='lat' dir='ltr'><strong>audet,</strong></span> <span class='ocrx_word' id='word_1_188' title='bbox 493 2507 527 2548; x_wconf 90' lang='lat' dir='ltr'><strong>se</strong></span> <span class='ocrx_word' id='word_1_189' title='bbox 549 2507 610 2548; x_wconf 88' lang='lat' dir='ltr'><strong>nou</strong></span> <span class='ocrx_word' id='word_1_190' title='bbox 633 2484 748 2546; x_wconf 89' lang='lat' dir='ltr'><strong>habere</strong></span> <span class='ocrx_word' id='word_1_191' title='bbox 771 2414 1059 2629; x_wconf 37' lang='lat' dir='ltr'><strong>concupissent&amp;</strong></span> 
     </span>
     <span class='ocr_line' id='line_1_28' title="bbox 135 2566 1023 2650; baseline -0.001 -20"><span class='ocrx_word' id='word_1_192' title='bbox 135 2569 227 2630; x_wconf 89' lang='lat' dir='ltr'><strong>etiam</strong></span> <span class='ocrx_word' id='word_1_193' title='bbox 253 2572 277 2631; x_wconf 93' lang='lat' dir='ltr'><strong>si</strong></span> <span class='ocrx_word' id='word_1_194' title='bbox 306 2571 345 2632; x_wconf 92' lang='lat' dir='ltr'><strong>ad</strong></span> <span class='ocrx_word' id='word_1_195' title='bbox 368 2570 507 2632; x_wconf 84' lang='lat' dir='ltr'><strong>morbum</strong></span> <span class='ocrx_word' id='word_1_196' title='bbox 531 2589 628 2650; x_wconf 89' lang='lat' dir='ltr'><strong>usque</strong></span> <span class='ocrx_word' id='word_1_197' title='bbox 655 2571 771 2629; x_wconf 82' lang='lat' dir='ltr'><strong>ieiunet</strong></span> <span class='ocrx_word' id='word_1_198' title='bbox 798 2575 828 2628; x_wconf 87' lang='lat' dir='ltr'><strong>et</strong></span> <span class='ocrx_word' id='word_1_199' title='bbox 855 2566 986 2633; x_wconf 85' lang='lat' dir='ltr'><strong>laboret.</strong></span> <span class='ocrx_word' id='word_1_200' title='bbox 1019 2590 1023 2597; x_wconf 83' lang='grc'><strong>’</strong></span> 
     </span>
     <span class='ocr_line' id='line_1_29' title="bbox 135 2646 1059 2731; baseline -0.004 -18"><span class='ocrx_word' id='word_1_201' title='bbox 135 2652 216 2714; x_wconf 90' lang='lat' dir='ltr'><strong>unde</strong></span> <span class='ocrx_word' id='word_1_202' title='bbox 237 2654 298 2714; x_wconf 91' lang='lat' dir='ltr'><strong>boo</strong></span> <span class='ocrx_word' id='word_1_203' title='bbox 319 2655 432 2715; x_wconf 89' lang='lat' dir='ltr'><strong>malum</strong></span> <span class='ocrx_word' id='word_1_204' title='bbox 456 2655 559 2715; x_wconf 82' lang='lat' dir='ltr'><strong>furens</strong></span> <span class='ocrx_word' id='word_1_205' title='bbox 588 2659 618 2714; x_wconf 92' lang='lat' dir='ltr'><strong>et</strong></span> <span class='ocrx_word' id='word_1_206' title='bbox 638 2649 842 2713; x_wconf 77' lang='lat' dir='ltr'><strong>indomitum?</strong></span> <span class='ocrx_word' id='word_1_207' title='bbox 869 2651 940 2712; x_wconf 84' lang='lat' dir='ltr'><strong>Non</strong></span> <span class='ocrx_word' id='word_1_208' title='bbox 962 2646 1059 2731; x_wconf 61' lang='lat' dir='ltr'><strong>ntiqui</strong></span> 
     </span>
     <span class='ocr_line' id='line_1_30' title="bbox 135 2726 1059 2813; baseline -0.001 -17"><span class='ocrx_word' id='word_1_209' title='bbox 135 2755 155 2796; x_wconf 89' lang='lat' dir='ltr'><strong>a</strong></span> <span class='ocrx_word' id='word_1_210' title='bbox 175 2742 294 2800; x_wconf 86' lang='lat' dir='ltr'><strong>natura.</strong></span> <span class='ocrx_word' id='word_1_211' title='bbox 340 2736 419 2813; x_wconf 73' lang='lat' dir='ltr'><strong>Quia</strong></span> <span class='ocrx_word' id='word_1_212' title='bbox 442 2737 541 2798; x_wconf 84' lang='lat' dir='ltr'><strong>Adam</strong></span> <span class='ocrx_word' id='word_1_213' title='bbox 564 2737 617 2797; x_wconf 91' lang='lat' dir='ltr'><strong>illo</strong></span> <span class='ocrx_word' id='word_1_214' title='bbox 641 2735 738 2796; x_wconf 80' lang='lat' dir='ltr'><strong>caruit</strong></span> <span class='ocrx_word' id='word_1_215' title='bbox 767 2739 838 2795; x_wconf 90' lang='lat' dir='ltr'><strong>ante</strong></span> <span class='ocrx_word' id='word_1_216' title='bbox 867 2752 991 2811; x_wconf 86' lang='lat' dir='ltr'><strong>oasam,</strong></span> <span class='ocrx_word' id='word_1_217' title='bbox 1012 2726 1059 2795; x_wconf 78' lang='lat' dir='ltr'><strong>sad</strong></span> 
     </span>
     <span class='ocr_line' id='line_1_31' title="bbox 133 2815 1060 2899; baseline -0.002 -20"><span class='ocrx_word' id='word_1_218' title='bbox 133 2826 204 2899; x_wconf 89' lang='lat' dir='ltr'><strong>post</strong></span> <span class='ocrx_word' id='word_1_219' title='bbox 228 2820 347 2899; x_wconf 90' lang='lat' dir='ltr'><strong>lapsum</strong></span> <span class='ocrx_word' id='word_1_220' title='bbox 372 2821 468 2881; x_wconf 90' lang='lat' dir='ltr'><strong>sensit</strong></span> <span class='ocrx_word' id='word_1_221' title='bbox 488 2821 518 2880; x_wconf 95' lang='lat' dir='ltr'><strong>in</strong></span> <span class='ocrx_word' id='word_1_222' title='bbox 543 2839 644 2893; x_wconf 78' lang='lat' dir='ltr'><strong>earne,</strong></span> <span class='ocrx_word' id='word_1_223' title='bbox 667 2823 698 2878; x_wconf 88' lang='lat' dir='ltr'><strong>et</strong></span> <span class='ocrx_word' id='word_1_224' title='bbox 719 2815 808 2878; x_wconf 89' lang='lat' dir='ltr'><strong>uobis</strong></span> <span class='ocrx_word' id='word_1_225' title='bbox 821 2836 876 2897; x_wconf 89' lang='lat' dir='ltr'><strong>per</strong></span> <span class='ocrx_word' id='word_1_226' title='bbox 893 2816 1060 2898; x_wconf 77' lang='lat' dir='ltr'><strong>generatio·</strong></span> 
     </span>
     <span class='ocr_line' id='line_1_32' title="bbox 134 2898 1061 2984; baseline -0.002 -21"><span class='ocrx_word' id='word_1_227' title='bbox 134 2921 204 2963; x_wconf 90' lang='lat' dir='ltr'><strong>nem</strong></span> <span class='ocrx_word' id='word_1_228' title='bbox 227 2902 418 2973; x_wconf 82' lang='lat' dir='ltr'><strong>hereditavit,</strong></span> <span class='ocrx_word' id='word_1_229' title='bbox 441 2903 523 2984; x_wconf 91' lang='lat' dir='ltr'><strong>quod</strong></span> <span class='ocrx_word' id='word_1_230' title='bbox 546 2902 731 2983; x_wconf 89' lang='lat' dir='ltr'><strong>baptismate</strong></span> <span class='ocrx_word' id='word_1_231' title='bbox 751 2901 859 2980; x_wconf 89' lang='lat' dir='ltr'><strong>ineipit</strong></span> <span class='ocrx_word' id='word_1_232' title='bbox 879 2900 956 2978; x_wconf 84' lang='lat' dir='ltr'><strong>tolli,</strong></span> <span class='ocrx_word' id='word_1_233' title='bbox 979 2898 1061 2961; x_wconf 78' lang='lat' dir='ltr'><strong>durat</strong></span> 
     </span>
     <span class='ocr_line' id='line_1_33' title="bbox 135 2982 1060 3064; baseline 0 -20"><span class='ocrx_word' id='word_1_234' title='bbox 135 2990 237 3047; x_wconf 90' lang='lat' dir='ltr'><strong>tamen</strong></span> <span class='ocrx_word' id='word_1_235' title='bbox 260 3005 357 3064; x_wconf 88' lang='lat' dir='ltr'><strong>usque</strong></span> <span class='ocrx_word' id='word_1_236' title='bbox 379 2986 418 3047; x_wconf 87' lang='lat' dir='ltr'><strong>ad</strong></span> <span class='ocrx_word' id='word_1_237' title='bbox 441 2993 571 3047; x_wconf 89' lang='lat' dir='ltr'><strong>mortem</strong></span> <span class='ocrx_word' id='word_1_238' title='bbox 595 2985 705 3061; x_wconf 83' lang='lat' dir='ltr'><strong>earnis,</strong></span> <span class='ocrx_word' id='word_1_239' title='bbox 728 2983 800 3044; x_wconf 89' lang='lat' dir='ltr'><strong>lieet</strong></span> <span class='ocrx_word' id='word_1_240' title='bbox 820 2983 850 3042; x_wconf 89' lang='lat' dir='ltr'><strong>in</strong></span> <span class='ocrx_word' id='word_1_241' title='bbox 866 2983 934 3044; x_wconf 90' lang='lat' dir='ltr'><strong>aliis</strong></span> <span class='ocrx_word' id='word_1_242' title='bbox 957 2982 1060 3061; x_wconf 78' lang='lat' dir='ltr'><strong>miuus,</strong></span> 
     </span>
     <span class='ocr_line' id='line_1_34' title="bbox 134 3065 1060 3149; baseline 0 -21"><span class='ocrx_word' id='word_1_243' title='bbox 134 3068 165 3128; x_wconf 95' lang='lat' dir='ltr'><strong>in</strong></span> <span class='ocrx_word' id='word_1_244' title='bbox 196 3068 263 3129; x_wconf 87' lang='lat' dir='ltr'><strong>aliis</strong></span> <span class='ocrx_word' id='word_1_245' title='bbox 294 3069 402 3149; x_wconf 84' lang='lat' dir='ltr'><strong>magis.</strong></span> <span class='ocrx_word' id='word_1_246' title='bbox 453 3069 542 3131; x_wconf 90' lang='lat' dir='ltr'><strong>Unde</strong></span> <span class='ocrx_word' id='word_1_247' title='bbox 576 3075 605 3129; x_wconf 90' lang='lat' dir='ltr'><strong>et</strong></span> <span class='ocrx_word' id='word_1_248' title='bbox 640 3068 699 3147; x_wconf 92' lang='lat' dir='ltr'><strong>ipsi</strong></span> <span class='ocrx_word' id='word_1_249' title='bbox 732 3065 890 3147; x_wconf 88' lang='lat' dir='ltr'><strong>appellant</strong></span> <span class='ocrx_word' id='word_1_250' title='bbox 916 3065 1060 3145; x_wconf 78' lang='lat' dir='ltr'><strong>fomttam&#39;,</strong></span> 
     </span>
     <span class='ocr_line' id='line_1_35' title="bbox 136 3149 911 3232; baseline -0.001 -21"><span class='ocrx_word' id='word_1_251' title='bbox 136 3149 277 3212; x_wconf 86' lang='lat' dir='ltr'><strong>morbum</strong></span> <span class='ocrx_word' id='word_1_252' title='bbox 300 3159 427 3214; x_wconf 90' lang='lat' dir='ltr'><strong>naturae</strong></span> <span class='ocrx_word' id='word_1_253' title='bbox 450 3159 481 3214; x_wconf 90' lang='lat' dir='ltr'><strong>et</strong></span> <span class='ocrx_word' id='word_1_254' title='bbox 502 3159 676 3232; x_wconf 87' lang='lat' dir='ltr'><strong>tyrannum.</strong></span> <span class='ocrx_word' id='word_1_255' title='bbox 794 3162 797 3168; x_wconf 83' lang='lat'>&#39;</span> <span class='ocrx_word' id='word_1_256' title='bbox 909 3197 911 3201; x_wconf 42' lang='lat'>&gt;</span> 
     </span>
     <span class='ocr_line' id='line_1_36' title="bbox 218 3228 1061 3316; baseline 0.001 -22"><span class='ocrx_word' id='word_1_257' title='bbox 218 3233 420 3296; x_wconf 80' lang='lat' dir='ltr'><strong>Revertamur</strong></span> <span class='ocrx_word' id='word_1_258' title='bbox 432 3235 470 3297; x_wconf 91' lang='lat' dir='ltr'><strong>ad</strong></span> <span class='ocrx_word' id='word_1_259' title='bbox 480 3234 705 3316; x_wconf 75' lang='lat' dir='ltr'><strong>probationem,</strong></span> <span class='ocrx_word' id='word_1_260' title='bbox 719 3230 879 3312; x_wconf 90' lang='lat' dir='ltr'><strong>apostolus</strong></span> <span class='ocrx_word' id='word_1_261' title='bbox 890 3230 1003 3296; x_wconf 70' lang='lat' dir='ltr'><strong>ubas.</strong></span> <span class='ocrx_word' id='word_1_262' title='bbox 1017 3228 1061 3297; x_wconf 77' lang='lat'><strong>12</strong></span> 
     </span>
     <span class='ocr_line' id='line_1_37' title="bbox 135 3313 1061 3398; baseline -0.002 -21"><span class='ocrx_word' id='word_1_263' title='bbox 135 3318 240 3396; x_wconf 83' lang='lat' dir='ltr'><strong>utique</strong></span> <span class='ocrx_word' id='word_1_264' title='bbox 261 3316 421 3398; x_wconf 84' lang='lat' dir='ltr'><strong>baptisatis</strong></span> <span class='ocrx_word' id='word_1_265' title='bbox 445 3326 473 3379; x_wconf 91' lang='lat' dir='ltr'><strong>et</strong></span> <span class='ocrx_word' id='word_1_266' title='bbox 496 3319 610 3380; x_wconf 86' lang='lat' dir='ltr'><strong>sanetis</strong></span> <span class='ocrx_word' id='word_1_267' title='bbox 633 3315 788 3396; x_wconf 79' lang='lat' dir='ltr'><strong>scribens,</strong></span> <span class='ocrx_word' id='word_1_268' title='bbox 810 3313 899 3374; x_wconf 90' lang='lat' dir='ltr'><strong>dioit:</strong></span> <span class='ocrx_word' id='word_1_269' title='bbox 923 3314 1061 3397; x_wconf 80' lang='lat' dir='ltr'><strong>Depona-</strong></span> 
     </span>
     <span class='ocr_line' id='line_1_38' title="bbox 135 3401 1060 3482; baseline -0.001 -22"><span class='ocrx_word' id='word_1_270' title='bbox 135 3418 204 3461; x_wconf 86' lang='lat' dir='ltr'><strong>mue</strong></span> <span class='ocrx_word' id='word_1_271' title='bbox 231 3417 324 3463; x_wconf 91' lang='lat' dir='ltr'><strong>omne</strong></span> <span class='ocrx_word' id='word_1_272' title='bbox 351 3401 472 3482; x_wconf 89' lang='lat' dir='ltr'><strong>pondus</strong></span> <span class='ocrx_word' id='word_1_273' title='bbox 502 3409 532 3461; x_wconf 89' lang='lat' dir='ltr'><strong>et</strong></span> <span class='ocrx_word' id='word_1_274' title='bbox 567 3401 767 3460; x_wconf 85' lang='lat' dir='ltr'><strong>eireumstaus</strong></span> <span class='ocrx_word' id='word_1_275' title='bbox 803 3416 861 3457; x_wconf 91' lang='lat' dir='ltr'><strong>nos</strong></span> <span class='ocrx_word' id='word_1_276' title='bbox 890 3402 1060 3477; x_wconf 80' lang='lat' dir='ltr'><strong>pausatum.</strong></span> 
     </span>
     <span class='ocr_line' id='line_1_39' title="bbox 135 3480 1061 3564; baseline -0.002 -21"><span class='ocrx_word' id='word_1_277' title='bbox 135 3481 194 3543; x_wconf 86' lang='lat' dir='ltr'><strong>Hie</strong></span> <span class='ocrx_word' id='word_1_278' title='bbox 216 3501 249 3544; x_wconf 87' lang='lat' dir='ltr'><strong>se</strong></span> <span class='ocrx_word' id='word_1_279' title='bbox 268 3485 368 3564; x_wconf 88' lang='lat' dir='ltr'><strong>ipsum</strong></span> <span class='ocrx_word' id='word_1_280' title='bbox 392 3504 515 3564; x_wconf 88' lang='lat' dir='ltr'><strong>quoque</strong></span> <span class='ocrx_word' id='word_1_281' title='bbox 536 3483 700 3544; x_wconf 82' lang='lat' dir='ltr'><strong>involvens</strong></span> <span class='ocrx_word' id='word_1_282' title='bbox 723 3480 814 3541; x_wconf 80' lang='lat' dir='ltr'><strong>docet</strong></span> <span class='ocrx_word' id='word_1_283' title='bbox 837 3480 952 3559; x_wconf 90' lang='lat' dir='ltr'><strong>deponi</strong></span> <span class='ocrx_word' id='word_1_284' title='bbox 975 3492 1061 3543; x_wconf 79' lang='lat' dir='ltr'><strong>omna</strong></span> 
     </span>
     <span class='ocr_line' id='line_1_40' title="bbox 136 3562 1060 3648; baseline -0.003 -20"><span class='ocrx_word' id='word_1_285' title='bbox 136 3565 257 3645; x_wconf 89' lang='lat' dir='ltr'><strong>pondus</strong></span> <span class='ocrx_word' id='word_1_286' title='bbox 280 3574 311 3628; x_wconf 89' lang='lat' dir='ltr'><strong>et</strong></span> <span class='ocrx_word' id='word_1_287' title='bbox 332 3574 510 3648; x_wconf 82' lang='lat' dir='ltr'><strong>pensatum,</strong></span> <span class='ocrx_word' id='word_1_288' title='bbox 544 3565 626 3647; x_wconf 89' lang='lat' dir='ltr'><strong>quod</strong></span> <span class='ocrx_word' id='word_1_289' title='bbox 657 3585 713 3626; x_wconf 87' lang='lat' dir='ltr'><strong>uos</strong></span> <span class='ocrx_word' id='word_1_290' title='bbox 737 3565 932 3641; x_wconf 76' lang='lat' dir='ltr'><strong>circumstat,</strong></span> <span class='ocrx_word' id='word_1_291' title='bbox 956 3562 987 3624; x_wconf 95' lang='lat' dir='ltr'><strong>id</strong></span> <span class='ocrx_word' id='word_1_292' title='bbox 1009 3566 1060 3633; x_wconf 78' lang='lat' dir='ltr'><strong>est.</strong></span> 
     </span>
     <span class='ocr_line' id='line_1_41' title="bbox 135 3643 1059 3730; baseline -0.003 -20"><span class='ocrx_word' id='word_1_293' title='bbox 135 3650 331 3730; x_wconf 75' lang='lat' dir='ltr'><strong>pertinaciter</strong></span> <span class='ocrx_word' id='word_1_294' title='bbox 352 3650 491 3710; x_wconf 87' lang='lat' dir='ltr'><strong>inhaeret</strong></span> <span class='ocrx_word' id='word_1_295' title='bbox 513 3657 543 3710; x_wconf 91' lang='lat' dir='ltr'><strong>et</strong></span> <span class='ocrx_word' id='word_1_296' title='bbox 564 3651 673 3725; x_wconf 86' lang='lat' dir='ltr'><strong>instat,</strong></span> <span class='ocrx_word' id='word_1_297' title='bbox 704 3649 781 3710; x_wconf 88' lang='lat' dir='ltr'><strong>mira</strong></span> <span class='ocrx_word' id='word_1_298' title='bbox 811 3645 895 3707; x_wconf 89' lang='lat' dir='ltr'><strong>verbi</strong></span> <span class='ocrx_word' id='word_1_299' title='bbox 927 3643 1059 3728; x_wconf 80' lang='lat' dir='ltr'><strong>emphasi</strong></span> 
     </span>
     <span class='ocr_line' id='line_1_42' title="bbox 136 3729 1060 3816; baseline -0.001 -23"><span class='ocrx_word' id='word_1_300' title='bbox 136 3732 313 3816; x_wconf 78' lang='lat' dir='ltr'><strong>siguitloaus</strong></span> <span class='ocrx_word' id='word_1_301' title='bbox 336 3733 497 3795; x_wconf 84' lang='lat' dir='ltr'><strong>molestam</strong></span> <span class='ocrx_word' id='word_1_302' title='bbox 526 3740 556 3795; x_wconf 91' lang='lat' dir='ltr'><strong>et</strong></span> <span class='ocrx_word' id='word_1_303' title='bbox 577 3730 750 3814; x_wconf 88' lang='lat' dir='ltr'><strong>improbam</strong></span> <span class='ocrx_word' id='word_1_304' title='bbox 777 3730 862 3792; x_wconf 91' lang='lat' dir='ltr'><strong>illam</strong></span> <span class='ocrx_word' id='word_1_305' title='bbox 884 3729 988 3792; x_wconf 84' lang='lat' dir='ltr'><strong>earnis</strong></span> <span class='ocrx_word' id='word_1_306' title='bbox 1008 3746 1060 3792; x_wconf 88' lang='lat' dir='ltr'><strong>uo·</strong></span> 
     </span>
    </p>
   </div>
   <div class='ocr_carea' id='block_1_3' title="bbox 0 0 1202 4170">
    <p class='ocr_par' dir='ltr' id='par_1_3' title="bbox 0 0 1202 4170">
     <span class='ocr_line' id='line_1_43' title="bbox 0 0 1202 4170; baseline 0 0"><span class='ocrx_word' id='word_1_307' title='bbox 0 0 1202 4170; x_wconf 95' lang='lat' dir='ltr'><strong> </strong></span> 
     </span>
    </p>
   </div>
  </div>
 </body>
</html>
