2392 4170
138 274 202 346 406
338 274 442 334 Contra
460 275 607 335 flaminum
626 292 720 349 regem
739 272 861 350 Angitaa

140 449 241 513 'l'urca
270 449 332 513 hoc
352 450 437 513 futile
464 449 619 532 cavillum,
642 458 673 514 at
694 450 791 517 dicet:
835 449 911 512 (lum
945 455 979 511 tu
1004 446 1066 510 hoc

140 553 261 596 asseras
283 534 525 616 sineScripturis
547 537 655 597 etsine
676 536 782 618 signis,
805 555 890 597 mera
905 533 1064 594 hominnm

140 616 315 694 autoritate,
343 617 437 679 nihilo
461 620 558 699 magis
581 619 694 696 efficis,
718 638 809 703 quam
833 619 858 679 si
881 636 941 699 ego
965 635 1064 677 meam

141 718 265 780 quoque
292 700 383 762 fidem
413 720 483 762 esse
513 721 553 762 ex
574 703 641 764 Deo
664 702 781 766 dixero.
823 702 863 762 Et
891 720 953 782 qua
974 699 1065 761 facili·

142 789 205 844 tate
228 790 259 844 tu
283 803 333 846 me
356 786 539 866 contemnis,
562 793 592 847 et
615 805 674 868 ego
697 792 780 848 tuam
803 792 981 863 contemno,
1004 802 1064 863 qua

142 867 306 929 autoritate
330 869 443 949 probas
467 873 562 948 tuam,
584 877 615 931 et
636 889 695 950 ego
719 869 817 951 probo
840 887 951 929 meam.
983 865 1062 943 Quid

141 950 191 1010 hic
212 948 285 1011 fiet?
307 952 365 1012 nisi
389 957 420 1011 ut
443 953 598 1014 moriones
622 954 714 1014 etiam
736 951 932 1032 intelligant,
958 951 1063 1010 Henri-

142 1033 249 1094 cianus
276 1032 452 1096 Themistas
480 1055 554 1115 prae
587 1056 644 1097 sua
672 1036 784 1117 insigni
811 1034 933 1096 inscitia
971 1031 1062 1094 fldem

142 1121 277 1177 nostram
299 1117 429 1180 ludibrio
453 1121 636 1199 exposuisse
658 1127 687 1180 et
710 1139 832 1182 omnem
847 1119 984 1200 gentium
1007 1118 1059 1177 im·

142 1199 287 1279 pietatem
309 1199 510 1279 stabilivisse,
533 1202 662 1284 dignos,
685 1203 794 1283 quibus
824 1222 870 1282 os,
904 1201 1012 1280 lingua
1035 1207 1064 1260 et

143 1302 250 1343 manus
272 1285 540 1364 praeciderentur,
570 1306 609 1348 ne
637 1288 668 1347 in
689 1293 846 1347 aeternum
871 1283 986 1364 aliquid
1012 1291 1064 1343 ant

144 1364 290 1440 dicerent,
312 1376 365 1428 ant
386 1368 563 1431 scriberent.

227 1448 289 1512 Sed
310 1450 372 1512 hoa
394 1452 458 1531 agit
478 1452 632 1533 inquietus
655 1450 766 1529 Satan,
789 1459 822 1512 ut
844 1471 901 1511 nos
925 1470 943 1510 a
966 1449 1063 1531 Scrip-

144 1532 217 1593 turis
241 1542 352 1595 avocet
379 1554 433 1615 per
455 1537 623 1597 sceleratos
650 1536 815 1608 Henricos,
845 1542 876 1594 et
897 1534 1064 1615 sacrilegos

143 1613 329 1695 rl'homistas,
353 1617 497 1678 attidem
520 1626 656 1696 nostram
680 1638 772 1699 super
799 1615 957 1679 hominum
981 1637 1063 1677 men·

144 1695 232 1760 dacia
254 1699 396 1764 collocet.
440 1702 548 1782 Neque
579 1703 660 1762 enim
687 1703 750 1763 iam
778 1701 935 1782 Scriptura
958 1708 1063 1760 sancta

143 1799 221 1860 apua
252 1788 318 1861 est,
346 1785 371 1844 si
399 1785 510 1846 sufficit
542 1785 631 1846 novis
663 1784 821 1846 hominum
855 1783 944 1844 dictis
978 1789 1063 1844 extra

142 1862 329 1946 scripturam
351 1865 499 1929 roborari.

223 1944 292 2011 Nos
312 1956 431 2027 autem,
454 1958 486 2010 ut
509 1951 646 2012 lavemus
671 1950 868 2031 dignissimos
896 1951 975 2010 istos
1013 1950 1062 2010 de-

141 2029 279 2092 fensores
300 2032 473 2112 Papisticae
496 2033 657 2110 ecclcsiae,
679 2034 723 2094 ita
750 2034 878 2093 dicimus
900 2033 1064 2094 anathema

142 2120 172 2173 et
195 2114 389 2177 maledictum
413 2137 498 2195 esse,
526 2119 576 2197 qui
604 2124 730 2177 nostrae
756 2115 826 2176 fidei
854 2114 937 2175 aliud
960 2116 1062 2176 funda·

142 2204 277 2257 mentum
299 2200 446 2279 posuerit,
470 2220 561 2280 quam
583 2200 613 2260 id
637 2199 719 2280 quod
742 2200 875 2279 positum
900 2208 956 2261 est.
989 2200 1061 2259 Pan-

142 2278 188 2337 lus
211 2280 292 2341 enim
317 2284 345 2344 1.
369 2282 440 2343 Cor.
464 2285 483 2345 2
517 2303 628 2363 magna
650 2283 749 2342 sancit
771 2284 947 2356 autoritate,
971 2283 1061 2342 iidem

141 2369 276 2424 nostram
301 2372 444 2445 oportere
467 2367 521 2427 niti
544 2367 575 2426 in
599 2365 698 2426 verbis
721 2366 788 2441 Dei,
811 2365 861 2423 ubi
884 2363 974 2427 dicit:
998 2365 1062 2427 Ser·

140 2463 191 2506 mo
205 2466 290 2508 mens
319 2454 349 2508 et
370 2448 560 2528 praedicatio
580 2469 649 2510 mea
672 2468 732 2508 non
756 2449 786 2507 in
810 2448 1061 2526 persuasibilibus

139 2528 292 2591 humanae
314 2532 484 2611 sapientiae
511 2532 628 2608 verbis,
657 2530 709 2591 sed
744 2531 775 2589 in
799 2533 979 2591 ostensione
1006 2533 1060 2611 spi·

139 2612 213 2672 ritus
236 2619 267 2673 et
287 2615 406 2675 virtutis
430 2613 501 2694 fuit,
524 2625 557 2675 ut
577 2613 654 2674 fides
677 2619 779 2674 vestra
807 2633 869 2672 non
900 2615 939 2673 sit
961 2615 992 2673 in
1018 2633 1060 2674 aa·

137 2694 253 2774 pientia
273 2697 442 2774 hominum,
462 2698 515 2758 sed
539 2700 568 2758 in
592 2699 701 2758 virtute
724 2697 790 2758 Dei.

220 2778 289 2841 Hoc
309 2780 436 2841 fulmine
465 2788 496 2840 et
523 2781 636 2842 tonitru
669 2779 795 2840 coelesti
828 2780 926 2858 quatit
957 2788 988 2838 et
1018 2779 1059 2837 di·

138 2862 264 2942 spergit,
282 2864 361 2923 sicut
376 2870 485 2923 ventus
502 2863 669 2944 pulverem,
683 2863 842 2923 universas
858 2860 960 2921 larvas
974 2863 1059 2922 lruiua

136 2943 261 3005 Heurici
306 2948 336 3007 in
369 2966 425 3007 suo
462 2946 665 3008 insulsissime
706 2944 819 3007 libello.
871 2944 951 3019 Quid
981 2947 1058 3004 enim

137 3026 241 3087 scribit
263 3026 393 3090 stolidus
406 3029 577 3107 Hearicus,
599 3030 657 3091 nisi
675 3026 887 3109 persuasibilia
908 3027 1059 3087 humanae

137 3111 307 3188 sapientiae
330 3112 423 3172 verba
435 3160 444 3191 ,
471 3113 544 3173 dum
567 3113 640 3173 nihil
663 3111 812 3192 spiritus,
844 3110 918 3169 nihil
942 3113 1057 3170 virtutis

137 3192 283 3271 ostendit,
306 3193 362 3257 sed
384 3195 607 3274 longitudinem
626 3202 807 3275 temporum,
831 3191 914 3252 dicta
929 3203 958 3252 et
981 3195 1059 3252 tarta

126 3273 294 3337 bominum
314 3280 477 3339 causatur?
499 3299 592 3340 ausus
616 3279 708 3340 etiam
730 3275 898 3356 impudenti
924 3297 978 3336 ore
1001 3277 1059 3335 exi·

134 3376 218 3436 gere,
240 3367 274 3420 ut
293 3359 384 3422 fidem
402 3370 537 3423 nostram
561 3382 654 3442 super
674 3359 901 3421 haechnmana
921 3358 1059 3439 ligamus,

135 3440 238 3519 palam
269 3444 300 3502 in
323 3464 359 3504 os
388 3445 449 3505 boo
479 3444 614 3505 divinum
643 3443 730 3504 Pauli
757 3443 924 3503 insaniens.
969 3442 1059 3501 Male·

135 3521 248 3585 dictum
271 3526 375 3605 itaque
396 3529 435 3587 sit
456 3535 486 3588 et
507 3527 616 3591 iterum
644 3523 852 3600 maledictum,
876 3544 937 3585 non
959 3525 1056 3584 solum

134 3607 217 3684 quod
240 3608 370 3670 stolidus
382 3611 530 3672 Henricus
547 3617 654 3689 tentat,
677 3611 730 3670 sed
753 3618 783 3669 et
806 3610 980 3668 uuiversum
995 3628 1056 3667 cor·

132 3707 190 3770 pus
213 3692 301 3753 istius
323 3691 505 3771 Behemoth,
527 3715 655 3776 regnum
678 3696 792 3775 Papae,
817 3712 887 3752 oum
912 3692 1056 3752 universis

130 3773 335 3871 dogmatibus
356 3778 434 3865 anis,
455 3776 632 3865 uurbnsnos
650 3798 672 3841 a
688 3778 754 3841 Deo
777 3783 886 3841 nostro
907 3774 1058 3840 abducere
