2392 4170
133 249 198 318 178
349 252 355 258 ’
487 248 531 306 Dc
548 248 715 320 abroganda

136 417 249 477 erroris
270 416 301 475 in
324 413 489 475 vindictam
512 413 748 477 ineredulomm.
791 412 868 488 Quis
888 414 971 475 enim
993 431 1062 475 crc-

136 499 200 578 dat,
221 517 428 560 oeconomum
456 495 538 556 hunc
558 517 706 579 peccasse
737 499 768 557 in
790 497 901 575 Deum,
921 498 975 577 qui
996 504 1061 558 tres

136 581 206 643 illos
228 601 340 641 aurcos
361 581 440 645 forte
464 581 548 640 nullo
577 583 660 642 malo
684 582 810 659 animo,
831 581 887 640 sed
908 599 995 641 mma
1014 581 1061 641 in·

135 666 218 726 curis
239 667 319 726 inter
340 664 461 724 chartas
483 663 620 745 reliquit,
643 666 730 744 qussi
751 683 814 724 non
838 665 935 725 multo
955 664 1060 744 plures

135 749 226 809 fiirsri
248 749 417 829 potuisset,
439 748 464 807 si
486 749 637 827 pecuniae
658 747 761 808 studio
783 748 813 807 id
835 749 976 827 fecisset,
1004 756 1059 808 sut

134 852 197 893 non
220 834 282 892 sliu
305 832 377 892 loco
399 831 645 908 recondidisset,
666 833 692 891 si
712 849 844 911 peceare
865 830 1061 912 placuisset?

133 915 263 994 Deinde,
284 917 310 974 si
333 932 424 994 quam
448 915 581 974 maxime
607 914 690 975 mslo
712 915 817 975 animo
839 915 973 993 lecisset,
994 932 1059 975 non

138 1008 242 1060 tumen
261 1000 320 1058 nisi
342 1001 372 1057 in
396 996 643 1059 traditiunculam
675 1001 766 1058 istum
799 997 963 1059 humanam
988 1016 1060 1079 pec·

136 1089 247 1144 cassat.
287 1080 455 1160 Gregorius
478 1083 523 1140 vir
545 1091 679 1158 sanctus,
703 1083 835 1142 sednon
857 1100 917 1142 uno
939 1090 1059 1143 tantum

136 1166 206 1226 loco
231 1165 474 1245 superstitiosior
496 1167 623 1245 arripuit
644 1167 841 1225 cesssionem
863 1185 919 1247 pro
944 1172 1061 1227 terreu-

134 1249 181 1309 dis
203 1249 416 1326 conscientiis,
447 1256 476 1306 et
508 1248 698 1309 stabiliendis
726 1248 939 1309 traditionibus
961 1249 1060 1309 bomi-

134 1351 222 1412 num,
250 1332 359 1411 quibus
388 1349 478 1409 quam
508 1331 607 1391 libens
630 1337 662 1393 et
692 1342 851 1413 prompt-us
875 1340 1062 1411 cooperetur

134 1415 281 1493 Satanas,
311 1416 385 1475 satis
421 1415 514 1474 docet
544 1415 658 1475 Paulus
679 1424 708 1478 2.
735 1416 868 1478 Timoth.
899 1413 946 1492 3.,
975 1415 1059 1496 quod

135 1501 213 1559 sciat
234 1519 289 1580 per
309 1498 366 1558 has
387 1498 518 1558 feliciter
540 1517 636 1579 opera
659 1501 745 1580 erigi,
768 1507 800 1560 et
815 1498 906 1559 fidem
929 1498 1058 1565 aboleri.

216 1582 269 1643 Sic
289 1590 321 1642 et
347 1581 421 1641 illud
459 1581 497 1640 dc
525 1581 672 1643 Severius
704 1583 982 1643 manifestissimum
1014 1590 1062 1643 est

133 1664 268 1727 Satanae
299 1671 525 1745 commentum,
559 1667 640 1744 quod
663 1669 777 1746 passim
810 1666 972 1747 vulgatur,
1008 1667 1061 1746 qui

133 1755 204 1829 pest
239 1756 367 1809 mortem
401 1749 562 1828 respondit
595 1750 805 1811 intolerabiles
837 1768 955 1830 poenas
988 1767 1059 1809 sese

133 1833 207 1912 pati,
230 1850 293 1893 non
315 1831 397 1912 quud
427 1833 459 1891 iu
482 1832 584 1892 divina
614 1834 757 1893 mandata
792 1841 972 1913 peccasset,
1003 1832 1056 1893 sed

134 1917 244 1976 necin
265 1916 409 1996 humans,
431 1918 488 1976 nisi
511 1916 593 1994 quod
617 1917 710 1977 horas
733 1917 910 1994 eanonicus,
932 1917 1057 1996 exigen-

134 1998 214 2060 tibus
237 1997 503 2080 occupationibus,
524 2019 586 2060 non
599 2001 662 2059 suis
685 2001 772 2060 stetis
785 1998 985 2079 temporibus,
1003 1999 1057 2060 sed

133 2084 334 2162 praeveniens
358 2101 448 2142 mane
463 2101 524 2142 uno
548 2090 687 2163 tempore
709 2091 740 2143 et
757 2090 865 2143 tenore
887 2081 1058 2143 absolverit

135 2165 234 2226 simul.
268 2165 365 2225 Pudet
387 2171 448 2225 tam
472 2166 607 2226 ridiculis
630 2180 659 2224 et
680 2166 845 2246 puerilibus
869 2167 899 2224 in
924 2167 1058 2227 ecclesis

135 2249 392 2309 ludificationibus
406 2249 552 2312 Satanam
574 2251 680 2329 iocari,
703 2258 849 2310 ettamen
869 2256 955 2309 tauta
977 2251 1059 2310 seris

134 2333 397 2393 conscientiarum,
412 2351 466 2413 per
493 2333 572 2393 haec
593 2336 684 2392 etiam
708 2336 738 2392 in
767 2335 885 2414 magnis
916 2341 947 2393 et
968 2332 1058 2394 bonis

133 2416 204 2475 viris
227 2418 346 2496 operari
368 2416 466 2494 adeo,
495 2426 526 2475 ut
547 2418 662 2477 iactent
682 2418 826 2497 Papistae
859 2416 889 2476 id
924 2418 1058 2491 unicum,

133 2500 296 2560 ecelesiam
329 2520 391 2561 non
415 2519 534 2574 errare,
563 2501 651 2577 quasi
679 2499 860 2577 Christus*)
885 2502 1058 2577 mentiatur,

134 2585 185 2662 qui
223 2584 338 2644 electos
372 2582 522 2643 fallendos
568 2602 637 2642 esse
667 2585 836 2663 praedixit,
866 2587 917 2662 qui
952 2587 1057 2663 utique

132 2684 203 2746 pars
226 2667 375 2727 ecclesiae
398 2674 489 2744 suut,
511 2674 565 2725 aut
590 2672 677 2745 quasi
700 2668 833 2727 eeclesia
860 2686 922 2728 non
945 2669 985 2727 sit
1008 2686 1057 2728 ec·

134 2750 243 2828 elesic,
266 2752 289 2810 si
313 2749 478 2829 aliquando
506 2758 586 2810 erret
603 2758 655 2813 aut
677 2759 802 2831 peccet,
825 2770 894 2810 eum
917 2750 1057 2812 Christus

133 2852 202 2894 eam
231 2834 368 2914 quotidie
401 2833 440 2894 ab
469 2853 574 2894 errore
609 2843 639 2894 et
668 2836 804 2914 peccatis
827 2844 955 2915 purget,
979 2836 1058 2895 sicut

133 2916 340 3000 palmitem)
364 2918 395 2976 in
413 2920 484 2993 vite,
506 2919 660 2996 autquasi
682 2938 765 2978 error
777 2937 840 2978 non
862 2919 962 2998 possit
976 2925 1057 2979 stare

133 3018 202 3061 cum
224 2998 285 3059 fide
307 3015 338 3061 et
358 3002 531 3064 sanctitate.
570 3002 671 3080 Caeci,
690 3003 774 3061 caeci
798 3010 828 3061 et
849 3000 944 3062 stulti.
976 3000 1056 3076 Quid

132 3085 223 3164 igitur
244 3083 295 3143 ille
317 3103 449 3163 nequam
466 3086 589 3164 spiritus
612 3094 642 3144 st
663 3083 751 3144 fietus
768 3085 932 3146 Severiuus
945 3086 1058 3162 voluit,

133 3169 191 3226 nisi
213 3176 246 3227 ut
269 3169 435 3228 ministeria
452 3176 482 3227 et
505 3187 599 3247 opera
615 3169 748 3228 caritatis
771 3170 869 3228 aDeo
892 3175 1059 3249 praecepta

133 3250 396 3331 conculcarentur,
420 3259 450 3310 et
466 3271 561 3331 opera
584 3252 754 3312 traditionis
772 3254 924 3312 humanae
944 3271 1058 3332 magno

132 3334 387 3394 conscientiarum
423 3342 539 3395 terrore
561 3335 770 3396 iactarentur?
820 3336 975 3414 Siquidem
1006 3336 1058 3397 Se

132 3419 254 3477 verinus
278 3437 341 3478 non
364 3419 466 3478 solum
490 3418 569 3478 benc
600 3419 674 3478 fecit
704 3419 796 3480 horas
816 3421 1058 3501 praeveniendo,

131 3508 257 3582 propter
279 3503 424 3582 imposita
445 3504 587 3581 negotis,
611 3501 664 3562 sed
692 3505 784 3563 etiam
822 3505 852 3563 in
888 3510 986 3564 totum
1027 3522 1058 3565 c·

128 3585 252 3663 mittere
281 3587 390 3665 potuit.
438 3583 528 3659 Quod
562 3587 642 3646 enim
674 3589 799 3667 negotia
827 3589 966 3667 curavit,
1001 3588 1059 3648 Dei

133 3718 519 3727 .....-.-—--—--..-—..-...
523 3721 541 3726 --

203 3768 233 3841 *J
258 3765 352 3825 llatth.
370 3769 413 3825 24.
444 3767 494 3841 ‘’l)
518 3769 662 3832 lohan'd.
