2392 4170
134 246 183 313 '54
380 252 416 305 De
432 251 515 322 (ispi.
535 251 633 322 sstyt
653 246 795 308 munim

34 464 41 475 ,
142 407 373 466 usitatissimum
411 427 451 466 ex
486 405 637 486 Gregorio
670 406 793 484 dieitur,
831 408 957 469 missurn
995 399 1068 470 ner

142 484 395 550 secerdotis'nou
418 487 738 570 minorisduee'ndam,
761 508 852 570 quam
875 491 948 552 boni
970 493 1068 552 euius·

83 614 87 620 ·
141 591 277 653 auoque,
300 593 358 634 neo
380 573 411 637 S.
433 575 513 634 Petri
537 574 693 634 meliorem
715 573 825 650 tuisse,
853 593 946 655 quem
974 574 1069 636 indae

140 652 305 733 traditoris,
328 660 352 718 si
375 656 608 719 saoriiioussent.
651 655 812 718 Hooenim
835 657 982 738 operario
997 671 1075 718 sues·

140 738 313 819 impietates
349 741 473 820 quidam
512 742 631 818 seiont,
670 748 699 802 et
735 741 806 800 hino
841 741 1068 804 distinctionem

140 825 242 903 operis
273 826 390 903 operati
419 831 456 884 et‘
470 826 578 904 'operis
607 826 762 904 operantis
785 826 967 885 invenerunt
1004 838 1067 906 quo

140 922 248 966 seoure
268 908 327 986 ipsi
361 906 441 969 msie
475 909 578 968 vivere
611 916 641 967 et
662 908 729 968 eliis
756 904 857 968 tumen
886 906 1095 987 benepseere-

141 998 381 1070 praesumerent.
425 991 537 1051 Vermn
560 989 625 1051 tire
667 991 728 1051 rius
750 1000 836 1052 reete
858 988 946 1068 dieii,
974 998 1006 1053 et
1026 986 1069 1051 iiii

139 1090 282 1152 perverse
304 1092 374 1134 eum
396 1074 578 1154 intelligunt.
652 1074 822 1134 eriseimum
837 1082 884 1134 est
900 1075 991 1151 enim,
1012 1092 1067 1155 per

140 1157 251 1236 impios
285 1157 462 1218 sacerdotes
500 1177 561 1217 non
598 1158 696 1216 minus
735 1156 772 1216 de
810 1163 993 1217 testamento
1039 1165 1069 1218 et

139 1247 333 1301 tauromenio
355 1241 422 1301 deri
445 1248 474 1300 et
496 1241 604 1320 arcipi,
627 1258 719 1319 quam
741 1258 796 1320 per
818 1249 957 1320 quotque
979 1254 1066 1301 sone·

141 1323 286 1391 tissimoe.
329 1322 406 1399 Quis
435 1322 515 1384 enim
539 1323 657 1384 dubitet
680 1323 873 1403 evangeiium
896 1323 1067 1404 praedioari

138 1424 194 1486 per
214 1407 350 1486 impios?
372 1410 412 1467 At
424 1408 518 1466 missa
530 1414 577 1467 eet
597 1424 669 1487 pars
686 1407 848 1487 evangeiii,
869 1408 932 1467 imo
948 1424 1069 1468 summe

139 1496 170 1550 et
197 1491 412 1571 compendium
444 1490 620 1570 evangeliis
655 1489 735 1565 Quid
765 1499 812 1549 est
841 1488 920 1550 enim
950 1491 1069 1551 univer-

138 1591 204 1632 sum
228 1575 438 1653 evangelium,
462 1591 552 1653 quam
577 1573 691 1634 bonum
715 1574 853 1632 nuntiam
875 1569 1065 1634 remissionis

139 1657 359 1736 peooetomm?
381 1659 423 1717 At
443 1656 590 1737 quidquid
612 1655 651 1716 de
674 1657 856 1716 remissione
866 1663 1066 1736 peoeatorum

139 1747 169 1798 et
196 1741 406 1801 misericordie
434 1741 489 1800 Dei
518 1740 666 1801 letissime
695 1749 725 1798 et
758 1740 973 1820 eopiosissime
1007 1739 1067 1800 diui

138 1828 250 1902 potest,
272 1823 404 1884 breviter
425 1832 472 1884 eet
497 1825 528 1883 in
551 1822 646 1882 verbo
672 1824 846 1882 testamenti
870 1822 1069 1903 eomprehen-

140 1924 217 1968 sum.
261 1904 349 1968 Unde
372 1913 401 1967 et
425 1907 594 1966 eonoiones
614 1905 780 1985 populares
809 1904 891 1965 uliud
914 1920 983 1966 esse
1004 1921 1068 1967 non

138 1988 298 2062 deberent,
328 2007 419 2069 quem
443 1990 654 2069 expositiones
676 1989 804 2063 missae,
832 1988 862 2047 id
886 1996 941 2067 eet,
965 1986 1065 2050 neele·

137 2073 273 2132 rationes
295 2073 507 2152 promissionis
531 2071 653 2132 divinae
674 2069 764 2131 huius
786 2073 976 2154 testamenti,
1006 2071 1067 2133 hoo

138 2156 218 2214 enirn
240 2163 323 2216 esset
343 2155 436 2217 iidem
459 2151 586 2230 dooere,
616 2163 648 2215 et
674 2173 746 2214 vere
771 2155 935 2215 eeclesiam
963 2153 1067 2215 eedifl·

138 2256 218 2301 sare.
262 2239 302 2298 tt
322 2240 374 2319 qui
397 2255 478 2297 nuno
501 2240 624 2298 missam
654 2245 829 2318 exponunt,
856 2238 886 2296 in
909 2234 1066 2318 allegoriis

135 2320 337 2381 humanarum
360 2322 602 2382 ceremoniarum
625 2320 732 2380 indunt
754 2327 784 2379 et
804 2320 944 2381 illudunt.
1037 2320 1062 2349 ”

218 2403 313 2483 Igitur
346 2406 425 2465 siout
458 2406 570 2485 impius
601 2411 705 2484 potest
738 2403 909 2477 baptisare,
944 2403 976 2464 id
1008 2411 1065 2480 est,

136 2483 263 2546 verbum
285 2489 498 2568 promissionis
521 2496 552 2548 et
577 2489 697 2568 signum
721 2503 820 2566 aquea
848 2503 941 2566 snper
967 2484 1066 2568 bapti·

136 2568 266 2629 sendum
299 2570 393 2649 ferre,
430 2572 474 2632 ita
506 2576 609 2652 potest
643 2575 673 2630 et
705 2570 941 2649 promissionem
973 2570 1064 2632 huius

134 2655 319 2716 seerementi
358 2654 493 2734 proferre
527 2660 558 2714 et
590 2655 762 2713 ministrare
795 2652 990 2716 vescentibus
1034 2656 1065 2714 st

134 2736 224 2796 simui
245 2737 313 2817 ipse
338 2739 438 2817 vesei,
462 2738 543 2797 siout
566 2736 656 2796 ludes
681 2735 808 2797 traditor
828 2737 860 2794 in
883 2752 982 2796 ooeua
1002 2736 1064 2797 Do«

135 2819 216 2883 mini.
260 2819 378 2881 Manet
395 2827 496 2880 temen
520 2838 641 2905 semper
667 2819 748 2879 idem
771 2825 998 2879 seersmentnm
1033 2829 1065 2882 et

133 2906 361 2983 tastamentum,
383 2902 466 2982 quod
488 2904 518 2962 in
542 2902 688 2963 erodente
705 2910 849 2982 operetur
863 2918 950 2962 suum
974 2919 1064 2982 opas,

135 2985 165 3044 in
189 2983 348 3046 incredulo
372 3005 391 3046 o
414 2992 516 3046 eretur
528 2987 660 3046 alienum
685 3003 773 3066 opus.
817 2984 931 3045 Verum
945 2984 1064 3046 inoiie·

132 3067 229 3128 rende
251 3067 344 3149 longe
367 3004 450 3129 atiud
471 3071 589 3149 agitur3
610 3086 679 3128 eum
702 3069 856 3128 enimnon
882 3068 984 3144 misse,
1007 3068 1062 3130 sed

133 3152 289 3211 orationes
324 3151 489 3212 offerantur
510 3153 596 3225 Deo,
637 3151 752 3211 siarum
791 3158 853 3230 est,
888 3150 1062 3213 oblationes

130 3233 215 3312 impii
239 3232 408 3295 sacerdotis
437 3234 511 3296 nihii
539 3234 658 3311 vaiere3
688 3233 742 3293 sed
768 3231 819 3314 (ut
839 3233 921 3294 idem
945 3233 1063 3316 Grego—

134 3316 195 3375 rius
219 3316 278 3392 eit)
303 3336 373 3378 eum
395 3319 431 3396 is,
454 3320 505 3398 qui
526 3319 669 3397 indignus
692 3323 748 3391 est,
771 3316 809 3378 ad
832 3315 1061 3396 depreoandum

132 3400 266 3480 mittitur,
290 3402 409 3462 animus
432 3402 539 3462 iudiois
562 3400 601 3461 ed
614 3400 745 3460 deterius
767 3407 962 3480 provooetur.
990 3398 1061 3465 Nou

131 3500 206 3561 orgo
228 3489 299 3544 sunt
332 3484 546 3546 oouiundenda
574 3482 628 3544 iile
659 3483 737 3561 duo,
773 3484 866 3544 missa
893 3491 923 3544 et
950 3485 1062 3562 oratio,

133 3573 357 3628 sacramentum
382 3576 529 3648 etopus,
562 3573 778 3629 testamentum
807 3574 838 3627 et
867 3566 1061 3651 sacrifitium,

132 3649 204 3728 quia
226 3648 355 3710 aiterum
378 3651 462 3710 venit
483 3671 501 3711 e
524 3653 591 3712 Deo
620 3650 658 3712 ad
689 3670 746 3711 nos
774 3670 829 3731 per
859 3651 1059 3713 ministerium

133 3731 303 3795 sacerdotis
326 3738 357 3794 et
378 3733 474 3815 exigit
495 3733 597 3798 iidem.
641 3732 777 3794 Alterum
799 3732 940 3814 presedit
960 3753 980 3796 e
997 3733 1061 3799 fide
