2392 4170
142 205 205 281 158
287 260 290 265 .
495 206 539 264 De
556 206 721 279 abroganda

143 372 290 452 victima,
323 378 375 431 aut
406 390 463 451 pro
491 380 620 452 peceato
653 373 759 448 luerit,
792 373 899 434 saltem
930 372 1068 452 aliquam

141 461 260 537 partem
275 453 341 514 Deo
363 454 493 533 relinqui
517 462 624 536 totam,
646 475 699 516 our
721 460 796 537 ergo
819 474 876 517 nos
897 475 1011 536 punem
1026 462 1070 517 'et

142 538 245 599 vinum
276 544 371 598 totum
408 538 597 599 comedimus
627 548 656 599 et
687 540 834 620 bibimus,
866 538 941 599 nihil
976 538 1068 619 relin-

141 629 271 701 quentes
294 620 383 682 Deo?
411 640 464 681 our
488 642 550 682 non
574 630 669 682 lotum
700 625 726 682 ei
749 624 964 704 relinquimus,
995 641 1067 683 oum

142 704 272 765 velimus
294 704 354 766 hoo
376 705 628 784 perfectissimum
652 725 719 766 esse
742 704 948 767 sacrificium?

223 787 282 849 Ubi
305 787 355 848 hio
376 789 521 848 subsistet
542 792 619 848 ratio
647 784 809 850 sacrificii?
852 788 961 869 Neque
982 790 1066 851 enim

140 873 255 953 garrire
283 870 411 949 suffieit,
432 871 585 933 Christum
613 872 713 933 offerri
738 873 868 935 anobis
895 870 951 934 sub
984 891 1068 954 pane

141 964 173 1017 et
195 956 277 1018 vino.
310 954 389 1015 Nam
412 961 443 1015 et
460 956 559 1034 ipsum
582 956 730 1016 sumimus
752 956 808 1018 sub
824 974 912 1101 pane
927 963 959 1017 et
980 957 1067 1039 vino,

140 1044 173 1100 at
193 1040 266 1100 nihil
288 1040 364 1099 sumi
394 1059 412 1097 a
445 1039 533 1099 nobis
557 1038 648 1100 debet
676 1039 714 1100 de
743 1042 822 1101 seori
847 1041 895 1102 oio
926 1049 956 1100 st
974 1039 1066 1101 holo-

144 1131 251 1183 oausto
274 1121 408 1184 Domini.
454 1121 592 1202 Pugnant
630 1121 732 1184 offerri
763 1125 830 1186 Deo
876 1132 906 1184 et
936 1122 1065 1184 sumi'a

139 1204 239 1268 nobis.
283 1205 487 1285 Aooipiebant
506 1205 632 1266 Levitae
661 1207 777 1269 olima
808 1207 923 1288 populo
966 1206 1064 1269 lsrael

140 1288 245 1350 oblata
281 1308 405 1367 eorum,
438 1288 492 1348 sed
522 1289 595 1349 nihil
629 1307 734 1350 eorum
769 1292 951 1371 sumebant,
983 1309 1064 1371 quae

140 1371 299 1434 offerenda
326 1380 414 1432 erant
436 1373 513 1433 Deo.
558 1373 608 1433 Sis
636 1380 667 1432 e't
694 1374 766 1435 dum
795 1392 927 1456 corpora
956 1381 1065 1435 nostra

141 1462 172 1516 et
194 1454 301 1517 laudes
324 1454 543 1535 sacrificamus,
567 1457 640 1516 nibil
663 1457 774 1531 nobis,
797 1457 850 1518 sed
875 1457 984 1517 omnia
1005 1457 1063 1519 soli

139 1538 207 1600 Deo
230 1538 421 1621 exhibemus,
444 1547 478 1599 ut
498 1546 559 1600 stet
578 1541 656 1600 ratio
679 1540 837 1620 saorifloii,
860 1541 951 1601 etiam
975 1540 1063 1622 spiri·

140 1623 239 1687 tualis.
282 1622 409 1683 Prorsus
436 1623 605 1684 inauditum
629 1623 718 1704 igitur
740 1633 908 1686 monstrum
942 1630 991 1684 est
1012 1642 1063 1685 sa-

138 1704 284 1767 orifioium
307 1706 389 1766 istud
410 1707 616 1787 papistioum,
649 1714 681 1767 ut
711 1709 775 1769 fers
796 1710 863 1789 ipse
887 1707 971 1788 Papa
993 1724 1061 1769 oum

138 1808 196 1850 suo
220 1807 350 1870 corpore
373 1797 439 1851 toto
456 1809 519 1850 non
541 1793 581 1850 sit
603 1809 702 1871 aeque
714 1801 916 1853 monstrosus.
949 1789 1062 1853 Totum

138 1892 196 1934 nos
219 1893 372 1953 voramus,
395 1883 426 1934 et
447 1882 544 1935 totum
569 1874 635 1935 Deo
658 1874 825 1955 offerimus,
846 1874 907 1935 hoo
927 1881 974 1935 est
997 1883 1061 1936 tan·

139 1964 202 2018 tum
225 1956 343 2037 disere,
376 1977 476 2038 neque
498 1977 660 2037 voramus,
693 1961 719 2020 si
741 1958 923 2037 offerimus,
961 1976 1063 2039 neque

138 2040 304 2120 offerimus,
326 2041 352 2101 si
374 2059 528 2102 voramus.
572 2040 611 2101 Et
631 2043 674 2102 ita
707 2043 778 2103 dum
802 2053 962 2122 utrumque
986 2043 1062 2103 faoi·

138 2144 215 2203 mus,
239 2131 378 2185 neutrum
399 2125 536 2189 facimus.
580 2123 655 2200 Quis
677 2126 794 2187 audivit
815 2144 948 2206 unquam
973 2125 1063 2187 talia?

137 2209 242 2270 omnia
275 2207 332 2268 sihi
355 2210 599 2290 pugnantissime
629 2211 843 2272 contradicunt
869 2217 899 2270 et
928 2211 1061 2270 invioem

137 2311 206 2353 sese
228 2302 421 2372 consumunt,
445 2303 496 2354 aur
519 2296 694 2354 necessario
717 2303 749 2356 et
769 2292 967 2355 infallibiliter
991 2311 1062 2354 oon·

137 2377 276 2454 eludunt,
305 2374 528 2439 Eucharistiam
557 2377 740 2439 sacrificium
770 2397 839 2440 esse
872 2395 934 2437 non
957 2394 1060 2457 posse.

136 2458 262 2524 Diluant
285 2460 371 2541 haee,
395 2482 482 2544 rogO,
505 2461 713 2524 Lovanienses
736 2470 767 2525 st
789 2462 987 2525 Parisienses.

533 2621 662 2681 Sexto.

219 2779 285 2840 Hoc
307 2788 353 2839 est
376 2796 487 2858 eorpus
511 2797 627 2851 meum,
655 2776 704 2836 hio
726 2783 774 2835 est
793 2776 875 2835 salix
898 2778 1060 2857 sanguinis

134 2864 204 2925 mei.
249 2861 305 2922 Hie
326 2864 436 2942 pignus
460 2869 490 2921 et
521 2863 640 2942 signum
675 2861 887 2940 promissionis
921 2863 1059 2940 apponit.

133 2944 181 3008 Ita
208 2948 287 3005 enim
323 2946 416 3005 habet
449 2946 609 3005 eonsilium
645 2944 766 3002 divinae
803 2941 965 3019 bonitatis,
989 2963 1059 3006 suas

133 3030 354 3110 promissiones
383 3028 486 3107 aliquo
510 3031 640 3108 pignore
678 3046 734 3087 eeu
757 3025 857 3106 sigillo
882 3028 1008 3106 signare
1031 3036 1059 3088 et

134 3115 259 3175 munire.
304 3111 357 3174 sic
381 3113 524 3173 Abrahae
547 3113 693 3192 imposuit
715 3110 978 3170 eircumoisionem
1003 3130 1059 3192 pro

134 3195 292 3276 signaculo
316 3197 397 3276 paoli
420 3206 449 3255 et
469 3197 681 3277 promissionis
713 3194 890 3254 desemine
925 3212 983 3252 suo
1008 3194 1057 3255 do·

133 3286 241 3357 natae,
274 3286 303 3339 et
325 3278 392 3339 Noe
428 3299 496 3340 oum
520 3283 711 3360 promitteret
745 3297 778 3337 se
800 3278 866 3336 fore
892 3277 990 3337 Deum
1015 3298 1057 3338 se·

133 3360 207 3421 mini
228 3379 296 3437 suo,
321 3381 377 3422 neo
400 3362 478 3423 ultra
505 3372 615 3423 terram
640 3362 881 3442 dissipaturum,
912 3363 1058 3441 apposuit

131 3462 188 3524 pro
211 3445 300 3525 signo
324 3446 515 3507 memorabili
537 3466 640 3507 areum
663 3448 694 3506 in
717 3446 857 3506 nubibus.
902 3442 953 3503 Sis
975 3442 1058 3505 dein·

132 3526 209 3609 oeps
228 3527 291 3588 fere
313 3547 421 3588 omnes
444 3531 665 3610 promissiones
687 3530 790 3608 aliquo
804 3530 892 3608 signo
916 3524 1057 3607 firmavit,

131 3609 211 3672 adeo
247 3619 279 3672 ut
300 3610 360 3672 hoo
391 3630 475 3675 more
502 3612 648 3689 Isaias*)
672 3615 790 3674 iuberet
825 3611 929 3673 thaz
952 3629 1056 3693 regem

135 3715 381 3724 ...mm-...-
388 3718 392 3722 .
398 3718 479 3723 -..
488 3718 553 3724 ..—

203 3747 233 3820 ·)
255 3747 317 3803 uss.
338 3749 364 3804 7.
