2392 4170
123 201 210 297 '480¹
426 233 584 287 Coulutatio
604 235 770 287 Lutheriaua

133 387 217 446 ane
238 405 300 446 nou
324 394 370 445 est
391 395 551 464 peecatum
565 386 748 463 damnabile
771 407 838 446 oum
861 388 905 446 sie
918 385 1058 447 debuerit

134 467 332 529 oonoludere:
355 467 438 528 Eleae
460 488 521 530 non
545 478 593 529 est
613 479 791 549 peecatum,
815 490 853 528 ne
875 467 1059 549 ignosoibile

133 552 266 631 quidem,
289 570 348 610 nee
367 553 416 611 eui
438 571 514 631 opus
537 555 574 613 sit
598 554 814 614 misericordia.
850 552 937 613 Siout
958 551 986 611 si
1008 571 1059 611 me

132 635 347 714 redargueres,
380 636 431 714 qui
452 638 545 696 risum
570 637 689 696 veniale
713 643 873 715 peceatum
897 635 1060 710 dixissem,

133 731 163 777 et
195 727 265 798 post
292 716 419 777 effusam
447 727 541 779 tuam'
564 738 686 779 omnem
718 720 846 779 salivam
881 726 912 778 et
944 716 1059 777 sudore

60 843 64 850 .
133 801 284 861 exhausto
308 800 430 859 tandem
454 801 615 862 anhelares
638 803 667 861 iu
694 822 741 860 me
764 803 883 870 dieens2
907 800 952 860 Eu
977 801 1058 866 risus

133 902 193 943 uon
231 892 277 943 est
307 884 436 942 mortale
464 891 636 964 peceatum.
690 885 772 944 'Palis
808 893 854 943 est
886 883 1056 962 disputatio

131 966 221 1026 Elihu
245 966 391 1025 adversus
411 965 529 1042 lob*).
574 967 665 1028 Putes
695 975 796 1027 autem
827 986 953 1045 parvum
988 985 1057 1026 esee

132 1059 250 1129 partem
274 1049 456 1128 patientiae,
491 1050 568 1109 ferre
598 1051 653 1110 has
682 1053 849 1130 nequitias,
882 1048 992 1125 dolos,
1028 1058 1057 1108 et

133 1142 213 1192 artes
236 1150 353 1208 eorum,
376 1134 428 1210 qui
440 1133 605 1212 Magistros
618 1133 700 1194 orbis
715 1142 860 1193 terrarum
884 1151 918 1191 se
941 1133 1059 1195 iactam

133 1217 163 1275 in
186 1223 304 1276 retem
341 1233 429 1275 saera
457 1225 488 1275 et
519 1215 715 1276 necessaria?
758 1215 827 1276 Non
856 1233 968 1294 queror
994 1216 1056 1275 iem

134 1317 188 1358 eos
210 1297 365 1378 ignorare,
388 1298 459 1376 quid
482 1301 708 1379 superstitum,
732 1300 785 1358 sed
804 1299 886 1377 quod
904 1298 1058 1361 malitiose

133 1382 277 1441 simulent
299 1390 330 1441 et
351 1391 466 1460 negent
487 1401 556 1441 sese
578 1383 737 1461 ignorare,
767 1389 797 1440 et
819 1383 980 1460 imponent
1000 1381 1059 1460 piis

133 1465 277 1525 eordibus
300 1465 470 1544 impudenti
493 1464 654 1525 mendacio
677 1483 743 1526 suo,
1027 1528 1032 1535 ,

216 1547 277 1607 Sed
298 1545 442 1607 fiduciam
479 1548 551 1607 mihi
584 1549 656 1606 laeit
687 1547 904 1607 formidolosus
927 1557 957 1604 et
980 1546 1056 1625 lugi·

132 1632 212 1691 tivus
235 1629 391 1710 Sophiste.
434 1629 561 1691 Paulum
585 1633 614 1689 in
637 1632 746 1691 faeiem
770 1632 835 1689 eius
858 1637 1000 1702 statuam,
1024 1639 1057 1689 ut

133 1713 268 1793 effugere
288 1731 350 1772 nou
378 1714 491 1793 possit,
528 1732 694 1793 persequar
726 1721 757 1773 et
785 1710 1056 1792 eomprehendam,

133 1817 172 1856 ne
194 1805 367 1872 eonvertar,
391 1795 491 1857 donee
513 1797 644 1857 deficiat.
677 1796 896 1856 AutLatomus
916 1794 1055 1865 Paulum,

134 1890 185 1939 aut
209 1879 318 1938 Paulus
340 1878 501 1939 Latomnm
524 1879 659 1956 occidet,
688 1880 797 1939 frustra
819 1877 980 1958 praesidiis
1002 1878 1055 1939 hu-

134 1964 232 2023 manis
254 1960 409 2024 fidentem.
453 1961 577 2037 Quaero
601 1964 691 2042 igitur
719 1963 864 2042 primum:
898 1963 946 2021 An
970 1960 1055 2038 mihi,

135 2053 169 2106 ut
189 2045 363 2106 Christiano
386 2044 587 2122 Evangelium
610 2045 760 2123 professo,
783 2044 873 2104 lineat
896 2042 1054 2123 appellare

125 2128 311 2209 peceatum,
334 2126 417 2206 quod
440 2129 599 2207 apostolus
622 2129 733 2188 Paulus
757 2138 847 2188 vooat
868 2127 1055 2207 peecatum?

134 2208 217 2273 Nihil
239 2213 299 2269 iam
323 2210 456 2290 disputo,
479 2211 551 2289 quid
575 2220 733 2290 peecatum
747 2210 909 2288 significet,
933 2211 970 2268 de
995 2210 1056 2270 hoo

135 2305 206 2374 post
226 2294 343 2353 videro.
387 2293 467 2354 Volo
491 2295 667 2373 simpliciter
690 2296 762 2353 milii
792 2293 990 2371 responderi,
1016 2313 1054 2353 an

134 2381 194 2438 isto
217 2377 344 2436 Paulino
368 2377 519 2437 voeabulo
543 2378 615 2437 mihi
638 2377 728 2437 lineat
752 2376 815 2436 uti?
838 2376 949 2436 Sinon
974 2377 1055 2454 lieet,

136 2460 272 2521 deleatur
294 2460 416 2537 Paulus,
440 2461 463 2519 si
488 2461 575 2537 lieet,
598 2461 669 2539 quid
695 2462 816 2539 tragicis
838 2461 902 2518 istis
927 2457 1055 2520 vooibus

134 2545 166 2603 in
189 2563 238 2604 me
257 2545 395 2623 mugiunt
411 2543 584 2623 sophistae,
608 2544 689 2622 quod
715 2562 791 2622 opus
817 2544 928 2602 bouum
952 2542 1055 2621 appel·

135 2628 221 2687 latim
243 2626 425 2708 peecatum?
469 2627 580 2687 Nonne
608 2627 681 2706 ipsis
712 2628 795 2700 lieet,
831 2627 943 2685 bonum
976 2644 1054 2705 opus

135 2730 247 2771 vocare
269 2711 479 2790 imperfectum
504 2718 535 2770 et
552 2709 728 2772 infirmnm?
753 2709 831 2784 Quid
855 2708 951 2788 ergo?
974 2707 1056 2768 Nuu-

135 2794 208 2874 quid
231 2803 344 2873 nogent
366 2813 424 2870 me,
448 2804 480 2852 ut
501 2793 602 2853 verbis
625 2812 729 2852 eornm
754 2792 844 2851 utar?
881 2792 943 2851 Aut
961 2810 1056 2870 quare

135 2878 243 2938 nolunt
272 2879 358 2956 oogi,
393 2884 426 2935 ut
460 2877 534 2936 meis
568 2887 599 2935 et
622 2876 754 2935 Paulinis
784 2875 882 2935 verbis
911 2875 1055 2935 utantur?

134 2961 196 3039 lpsi
218 2961 327 3019 nolunt
349 2966 508 3039 peceatum
523 2960 688 3039 appellare.
732 2959 823 3035 Est03
846 2968 876 3017 et
899 2977 958 3037 ego
982 2958 1054 3018 nolo

134 3043 339 3104 infirmitatem
376 3056 406 3102 et
429 3043 690 3122 imperfectionem
728 3062 848 3103 vocare.
895 3044 937 3102 At
959 3042 1056 3100 saneti

134 3127 240 3188 Patres
262 3135 423 3207 peecatum
445 3128 634 3206 interpretati
657 3137 725 3186 eunt
742 3126 1002 3204 imperfectionem
1026 3131 1056 3184 et

134 3209 350 3272 infirmitatem.
393 3210 488 3286 Est03
521 3211 587 3288 quis
624 3229 672 3267 me
696 3219 786 3287 eoget
808 3209 928 3267 Petrum
954 3205 1054 3266 verbis

134 3294 199 3354 uti?
234 3295 301 3373 quis
336 3299 428 3373 coget
461 3312 509 3352 me
532 3292 616 3352 Pauli
652 3293 774 3352 verbum
810 3290 972 3351 deserere?
1008 3291 1052 3349 An

135 3378 252 3456 dinem,
286 3379 358 3457 quia
380 3376 543 3436 absurdum
569 3385 600 3434 et
626 3373 851 3454 perieulosuml
897 3371 963 3433 Hoo
994 3375 1052 3434 iam

109 3481 197 3528 ‚nou
219 3464 249 3521 iu
282 3481 332 3521 me
354 3460 531 3539 bulherum,
566 3458 620 3518 sed
650 3462 679 3518 in
702 3458 828 3518 Paulum
857 3465 887 3517 et
916 3457 1052 3536 spiritum

135 3546 245 3608 Christi
268 3545 375 3623 vergit.

135 3691 349 3702 -.-—..---—--
450 3687 536 3693 ‚..--..
550 3686 554 3690 ,

206 3746 237 3810 ⁸)
257 3742 317 3797 tob.
340 3741 383 3797 18.
