2392 4170
28 3862 89 3938 Ι

157 262 224 335 att
427 266 742 327 nemum

159 432 243 495 aliud
265 432 421 515 proferent
448 434 559 515 eapitis
588 436 634 494 sui
656 431 848 514 figmentum,
873 450 915 493 ne
947 431 1031 513 eapti
1049 436 1084 492 et

159 516 281 579 ooniuri
308 515 478 579 rideantur.
521 516 639 593 Quibus
667 514 860 597 respondeo:
901 514 942 576 Et
967 532 1025 575 on·
1041 514 1085 575 nh

159 602 248 662 initio
269 619 334 661 non
354 604 415 662 ista
436 600 629 662 domuerunt?
672 599 748 675 Quia
768 597 931 660 anirnahus
943 600 1085 679 imper-

160 683 233 744 ditis
253 696 284 744 et
305 703 388 745 nuno
416 685 616 765 pereuntibus
636 683 718 743 hane
737 682 965 743 distinctionem
986 684 1018 742 in
1037 680 1085 741 lu·

159 768 234 829 turis
254 766 543 848 reeulinliquando
558 765 799 848 excogitandam
810 762 982 826 revelarit?
1001 782 1086 845 quae

160 850 349 932 simpliciter,
371 860 404 910 ut
415 862 516 929 sonat,
538 860 679 911 unctum
691 849 920 925 intellexerunt,
939 850 1089 929 ignoran-

160 936 208 995 t'ea
228 933 382 995 ooeutnm
402 934 485 995 hano
505 934 772 1014 aequivocationis
792 932 979 993 illusionem.

160 1016 263 1078 adhue
282 1036 342 1099 age
363 1027 490 1099 surgant
511 1026 542 1078 et
571 1017 720 1079 dooeant.
753 1018 833 1076 sieut
864 1032 946 1075 nune
976 1014 1088 1076 distin-

159 1110 273 1181 guunt,
294 1100 430 1161 clament
450 1100 490 1161 ad
512 1101 636 1183 vulgum
648 1102 679 1161 in
692 1100 776 1160 huno
795 1098 935 1160 modum:
955 1097 1088 1178 Sdtote,

93 1202 98 1209 ·
160 1182 244 1263 quod
266 1184 363 1246 multo
385 1186 493 1244 melius
515 1192 572 1263 est,
593 1204 663 1245 esse
684 1184 864 1264 simpliciter
874 1182 1087 1244 Christianum

160 1285 253 1346 quam
275 1268 469 1347 religiosum,
502 1266 622 1329 ridebis
643 1280 720 1346 quot
752 1268 813 1326 sint
834 1266 987 1343 intraturi,
1017 1266 1087 1327 into

161 1352 294 1411 mansuri
315 1352 347 1410 in
363 1353 564 1412 montanerio.
606 1351 648 1411 At
668 1369 751 1410 nune
759 1349 884 1427 donent,
905 1349 1087 1433 Religiones

160 1452 230 1494 esse
252 1433 348 1494 mullo
371 1434 515 1494 meliores
537 1443 569 1494 et
590 1436 761 1494 sanctiores
782 1434 1032 1493 eommunistetu
1048 1431 1087 1492 n-

159 1515 284 1581 delium.
327 1516 412 1577 liaeo
445 1524 493 1577 est
515 1537 578 1579 rox
597 1518 650 1578 illa
670 1516 870 1597 perditionis,
891 1534 953 1596 qua
975 1513 1087 1576 lldeles

159 1619 179 1659 a
200 1599 323 1660 Christo
353 1599 502 1661 divellunt
529 1620 586 1682 spe
621 1602 747 1660 maioris
769 1601 908 1680 pietatis,
935 1616 1031 1678 quarn
1041 1600 1085 1669 jn

160 1682 283 1742 Christo
316 1684 507 1745 invenerunt.
571 1684 640 1744 lloe
667 1694 714 1742 est
756 1682 970 1763 saerilegium,
1004 1681 1087 1743 haee

161 1764 371 1847 implicatio,
405 1784 475 1827 eum
506 1785 567 1847 qua
589 1766 728 1829 Christus
750 1784 875 1826 manere
895 1783 958 1826 non
970 1772 1088 1847 potest,

160 1866 252 1928 quarn
274 1850 332 1909 nisi
353 1852 513 1931 lactarent,
532 1852 592 1932 ipsi
613 1869 738 1910 manere
758 1868 823 1910 non
844 1856 984 1931 possent.

242 1930 310 1992 lieo
330 1942 387 2013 est,
408 1933 492 2014 qnod
512 1936 647 2011 iactent,
669 1934 768 1994 maius
789 1943 820 1993 et
839 1932 1010 2013 principale
1030 1952 1085 1993 au·

159 2016 225 2096 geri
246 2018 426 2078 aooessione
447 2019 573 2078 minoris
594 2028 625 2077 et
646 2016 829 2078 secundarii.
870 2015 1002 2077 Etiamsi
1023 2016 1086 2077 lton

160 2117 266 2159 rerum
288 2109 380 2178 esset,
401 2102 469 2180 quis
491 2102 559 2161 rudi
581 2101 676 2181 vulgo
690 2099 907 2173 moderabitur,
928 2118 969 2159 ne
982 2100 1085 2160 rninua

160 2178 217 2263 pro
240 2184 358 2243 iuniore
387 2184 615 2264 apprehendat,
644 2183 834 2244 sicutmodo
855 2179 952 2244 faciti
995 2183 1074 2244 lliru

161 2266 263 2326 uolunt
296 2274 342 2326 est
379 2267 429 2326 hio
450 2287 513 2328 non
536 2287 647 2343 errare,
668 2267 741 2328 ideo
761 2266 940 2326 seandalum
960 2266 1024 2328 hoe
1046 2267 1084 2326 de

162 2350 212 2409 ria
233 2348 404 2411 tollendum
427 2361 485 2427 est,
507 2360 537 2412 et
559 2353 680 2413 unicum
698 2350 772 2410 illud
796 2352 1082 2430 maiusproponeu·

162 2431 243 2496 dum.
288 2433 406 2493 Deinde
428 2453 482 2494 eur
496 2454 557 2495 non
571 2444 735 2515 tantopore
747 2433 877 2494 suadent
897 2433 1084 2509 hominihus,

162 2524 195 2576 ut
217 2517 336 2578 minore
354 2517 461 2578 relicto
474 2518 705 2599 apprehendant
728 2519 835 2593 maius,
855 2524 886 2576 et
910 2536 1037 2578 eurnon
1051 2516 1082 2600 ¹)

161 2599 324 2680 religiosos
347 2599 460 2661 docent
483 2604 583 2678 exire,
614 2608 805 2682 quantopere
826 2618 845 2660 a
867 2602 983 2661 maiore
1005 2602 1083 2661 invi·

160 2691 227 2743 taut
249 2684 287 2744 ad
310 2704 398 2744 suum
421 2687 536 2762 minus,
566 2693 596 2746 et
617 2686 756 2746 alliciunt
776 2685 814 2744 ad
836 2683 994 2744 intrandas
1015 2685 1083 2745 reli·

161 2766 292 2848 giones?
332 2765 422 2827 Nune
442 2777 544 2829 aulem
575 2768 739 2849 dupliciter
759 2768 818 2828 hoo
839 2768 1000 2827 mentitum
1024 2776 1084 2828 est:

162 2852 277 2929 primo,
315 2850 398 2929 quod
426 2872 460 2911 re
483 2871 554 2912 vera
576 2870 665 2913 suum
688 2853 890 2911 monasticum
912 2852 1083 2912 institutum

160 2951 217 3013 pro
240 2935 355 2993 maiore
377 2946 408 2994 et
428 2936 588 3016 principali
611 2934 734 3014 habent,
758 2944 787 2993 et
807 2934 1014 2995 Christianum
1028 2952 1083 3015 pro

162 3020 279 3077 minore
301 3025 332 3077 et
354 3026 543 3098 contempto,
565 3019 625 3079 hoo
639 3016 773 3104 probau't
786 3034 892 3078 eorum
915 3017 1084 3099 sacrilegae

162 3106 193 3158 et
214 3098 415 3180 blasphemae
438 3121 532 3162 voees
553 3102 592 3161 ad
615 3104 793 3183 religionem
810 3101 1009 3161 exhortantes
1030 3119 1083 3183 po

162 3184 219 3243 lius
243 3201 334 3263 qoam
361 3183 400 3244 ad
423 3184 702 3264 Christianismum,
724 3186 853 3245 alterurn
875 3184 1081 3261 mendacium,

156 3267 243 3344 'quod
265 3276 296 3326 et
317 3266 399 3329 eliud
432 3275 571 3329 sanetum
592 3268 725 3350 lingitur.
769 3267 860 3329 Solus
897 3269 977 3328 enirn
1001 3267 1084 3329 Chri·

162 3357 228 3409 stua
250 3360 373 3410 senoina
396 3358 457 3431 est,
491 3370 550 3411 neo
571 3353 700 3433 patitur,
734 3360 766 3411 ut
787 3351 852 3411 ullo
876 3352 937 3412 alio
959 3353 1084 3412 nomine

161 3432 387 3493 nanetilleemur
410 3442 441 3494 et
463 3435 631 3512 solvemur,
661 3444 808 3515 utsupra
830 3452 870 3494 ex
892 3435 984 3495 Petro
1004 3444 1083 3496 retu·

161 3514 260 3578 limus.
303 3514 406 3592 Quare
444 3535 629 3598 quoeunque
651 3526 681 3579 te
705 3519 847 3598 verteris,
881 3519 1019 3578 invenies
1041 3519 1082 3578 in·

160 3600 297 3659 stitutum
319 3602 461 3680 impium,
484 3602 680 3684 saerilegum,
716 3600 948 3681 blasphemum,
975 3600 1082 3663 adrer-

159 3683 273 3745 sarium
286 3681 407 3744 Christo
422 3702 491 3744 esse
504 3692 615 3746 nature
628 3706 694 3766 sua,
716 3684 958 3766 perditionisque
973 3683 1083 3746 etum

234 3888 267 3967 l)
289 3830 325 3947 ln
339 3829 420 3945 edit.
439 3880 538 3957 priore
556 3877 661 3936 desani
674 3871 776 3928 warhan
789 3885 838 3925 sax
851 3885 920 3926 nou.
