2392 4170
382 242 523 301 Ambrosii
542 242 653 300 Cathar.
674 259 699 303 a.
717 244 798 303 tout.
993 238 1055 310 333

133 399 264 482 profecit
285 423 343 480 res,
365 420 465 484 eaque
487 401 736 485 indispensabilia
759 403 850 464 etiam
877 422 976 483 papas
997 405 1054 483 ipsi

135 486 180 560 (si
201 488 352 566 pecuniae
364 507 424 547 non
437 488 554 548 fulserit
565 493 666 568 spes),
690 493 722 547 at
744 487 825 567 qnod
850 487 909 546 hoo
931 486 1055 546 stultum

133 575 239 629 votum
269 578 376 630 contra
398 570 454 630 Dei
478 582 672 651 praeceptum
696 572 855 648 emittitur,
878 570 928 648 qni
951 589 1054 631 curam

133 652 240 712 uxoris
262 658 293 712 st
313 653 475 714 liberorum
499 656 664 734 praecepit,
688 672 727 713 ne
749 665 908 733 peccatum
922 651 1056 730 quidem,

132 735 195 795 imo
218 734 337 814 insigne
360 737 500 797 meritum
524 746 674 813 censetur,
695 736 774 796 adeo
797 736 1056 814 decipitistaspe·

133 817 307 878 ciosissima
329 818 434 880 facies
478 821 509 878 ln
533 821 612 878 hanc
640 819 747 878 faciem
773 818 885 898 colligo
908 816 1056 877 Fraterni·

133 909 230 960 tatum
252 909 364 980 sectas,
387 903 424 960 ed
447 901 631 962 abolendam
655 903 822 980 principem
846 901 928 960 illam
952 900 1055 960 irater-

134 984 260 1042 nitatem
284 982 355 1043 fidei
375 992 405 1044 et
420 985 552 1044 caritatis
576 1004 630 1064 per
652 993 790 1044 satanam
815 983 1056 1066 singulariindu·

133 1067 208 1124 stria
225 1067 375 1128 inventas.
419 1067 496 1129 Nam
520 1076 550 1126 et
577 1068 635 1127 hae
657 1066 712 1126 sub
736 1067 909 1127 nominibus
931 1065 1057 1127 Sarrcto·

134 1167 200 1209 rum
225 1157 255 1208 et
277 1150 527 1210 inreverentiam
552 1150 745 1227 reliquiarum
776 1149 984 1245 stabiliuntur,
1019 1149 1057 1208 de

134 1250 262 1310 quarum
286 1231 383 1292 abusu
412 1235 595 1292 dictumest
625 1233 710 1308 alias
735 1241 766 1291 et
793 1234 917 1312 proprio
945 1234 974 1291 in
998 1233 1057 1292 hoo

135 1327 305 1375 monstrum
328 1301 405 1376 libro
426 1315 516 1376 luerit
538 1335 626 1395 opus

218 1397 412 1458 Duodecimn
434 1406 465 1459 et
477 1398 581 1460 ultima
595 1395 684 1480 (nam
701 1398 767 1458 aliis
780 1397 856 1456 alias
869 1416 1057 1458 commemo·

135 1479 247 1540 randas
269 1481 426 1559 relinquo)
452 1490 499 1541 est
519 1483 614 1542 chaos
637 1481 709 1541 illud
732 1488 762 1540 et
783 1480 875 1540 ianua
896 1483 1057 1559 patensiu·

133 1565 222 1637 terni,
244 1563 414 1624 incredibili
447 1564 524 1624 facie
546 1562 739 1643 spectabilis,
763 1562 991 1641 Universitates‚
1013 1564 1058 1623 in-

136 1665 240 1725 quam,
272 1648 302 1706 in
340 1645 449 1725 quibus
472 1648 604 1727 periuria
635 1655 665 1707 et
698 1646 811 1706 abusus
846 1647 977 1706 nominis
1001 1646 1058 1706 Dei

136 1738 207 1789 sunt
227 1731 378 1804 introitus,
412 1729 522 1789 deinde
544 1732 738 1790 conversatio
771 1732 800 1789 in
835 1747 926 1788 omne
957 1730 1058 1789 scelus

138 1812 233 1872 libera
256 1819 287 1872 et
307 1811 570 1890 licentiosissima3
598 1814 654 1872 snb
678 1813 714 1872 iis
745 1822 846 1871 lamen
870 1815 1004 1891 peccatis
1028 1819 1059 1872 et

136 1894 358 1975 perditionibus
380 1897 565 1974 promittitur
588 1897 715 1955 scientia
738 1904 768 1953 et
782 1896 942 1972 sapientie,
967 1896 1056 1954 etiam

136 1979 325 2059 praestitutis
348 1978 440 2038 titulis
463 1987 493 2038 et
503 1977 648 2058 gradibus
665 1980 732 2038 vice
745 1977 862 2037 scilicet
875 1978 1058 2038 mercedum.

138 2059 217 2136 Quid
242 2066 342 2121 autern
367 2068 525 2140 praestant
546 2061 690 2122 tandem?
735 2061 865 2120 Primum
899 2060 1058 2121 electiores

138 2144 300 2204 Christiani
330 2144 435 2224 pupuli
464 2144 677 2205 adulescentes
707 2144 757 2204 hic
785 2146 1007 2224 prostituuntur
1029 2153 1059 2204 et

139 2230 168 2286 iu
193 2237 302 2306 patens
319 2234 423 2306 guttur
445 2227 552 2288 inferni
576 2229 790 2308 proiioiuntnr,
814 2234 845 2286 ut
868 2247 922 2306 per
944 2226 1057 2286 idolum

140 2311 262 2370 hloloch
286 2310 446 2390 figuratam
470 2319 571 2390 putem
596 2311 675 2370 hano
686 2310 899 2390 perditionem,
915 2312 962 2369 oui
980 2310 1059 2371 filios

139 2403 169 2452 et
191 2391 268 2452 filias
291 2394 364 2453 olim
398 2393 613 2454 dilectissimos
652 2394 823 2453 lustrabant
857 2413 909 2472 per
947 2396 1058 2472 ignem.

141 2476 258 2536 Deinde
285 2477 446 2556 proposito
476 2476 657 2555 Aristotele,
680 2495 738 2535 neo
764 2479 832 2556 ipso
862 2486 944 2536 recte
973 2477 1058 2537 intel·

140 2561 230 2636 lecto,
269 2578 337 2619 oum
370 2560 534 2639 gentilibus
568 2568 598 2619 et
634 2560 774 2620 humanis
809 2559 899 2618 literis
937 2561 1060 2640 ingenia

141 2643 313 2702 Christiana
335 2651 540 2722 occupantur,
573 2644 636 2703 imo
669 2650 874 2703 excaecantur
908 2652 938 2701 et
960 2644 1059 2722 oppri-

142 2736 272 2786 muntur.
315 2725 354 2785 m
375 2745 431 2805 pro
453 2726 548 2786 verbo
573 2726 629 2785 Dei
651 2744 751 2805 papae
773 2725 1060 2804 dogmatalractnn-

140 2820 196 2885 tur,
220 2819 253 2868 ut
273 2809 411 2868 videatur
433 2809 471 2869 ad
494 2809 696 2889 Evangelinm
720 2809 1061 2887 funditusexslinguen·

141 2894 211 2952 dum
242 2910 299 2951 neo
334 2893 472 2963 astutius,
508 2912 565 2951 nee
599 2891 752 2951 elficaoins
786 2892 938 2950 invenisse
973 2900 1059 2952 satan

143 2981 360 3052 commentum,
384 2992 476 3053 qnam
500 2975 737 3036 Universitatum
766 2973 988 3054 erigendarum,
1011 2974 1062 3034 uhi

142 3058 198 3119 sub
223 3057 310 3118 titulo
342 3057 500 3118 doctrinae
523 3058 715 3118 Christianae
743 3076 804 3117 non
833 3059 891 3118 nisi
922 3076 1061 3136 pugnan-

144 3143 262 3202 tissima
285 3140 476 3202 Christianae
492 3140 561 3202 fidei
586 3142 777 3204 docerentur.
810 3140 858 3200 De
875 3159 981 3219 quare
999 3141 1062 3200 lon·

144 3245 183 3304 ga
207 3232 238 3284 et
262 3223 355 3283 multa
389 3224 479 3284 nohis
502 3234 583 3284 esset
606 3224 787 3304 disputatio,
823 3225 848 3282 si
880 3230 999 3302 tempus
1032 3232 1062 3282 et

142 3310 238 3368 otium
261 3307 386 3367 faveret.
420 3308 522 3386 Atque
543 3329 582 3367 ex
605 3308 651 3368 his
673 3308 774 3367 lustris
796 3313 827 3366 et
848 3305 980 3385 spelaeis
995 3304 1059 3387 in')

142 3390 350 3471 gubernacula
373 3391 570 3451 ecclesiarum
595 3401 758 3466 vocantur,
786 3392 810 3449 si
834 3389 957 3469 quando
986 3391 1061 3469 opti-

143 3493 209 3535 mos
233 3492 345 3534 vocare
369 3475 467 3534 visum
490 3487 545 3537 est

147 3729 158 3745 '
179 3745 189 3796 r
200 3747 208 3806 t
230 3743 260 3797 in
278 3742 320 3797 ao.
338 3742 413 3796 aa:
432 3741 474 3796 as.
