2392 4170
405 261 489 322 llissa
507 260 618 337 privata
635 267 670 324 D.
688 258 723 325 ll.
741 262 773 324 L.
995 246 1058 335 17Ἷ

132 451 239 494 servos
270 453 343 495 suos
365 437 543 517 prophetas.
598 437 673 498 llem
708 438 876 518 Apostolus
912 437 1003 503 Hebr.
1027 437 1058 504 2.

133 517 222 594 dicit,
252 514 352 578 Deum
388 520 482 581 fuisse
512 528 717 581 contestatum
751 523 869 600 signis,
897 521 1057 601 prodigiis,

136 599 300 661 virtutibus
334 612 365 662 ct
398 604 662 665 distributionibus
686 604 815 685 Spiritus
852 607 969 682 sancti,
1003 607 1056 665 sed

130 684 329 764 praecedenti
352 686 447 747 verbo
472 686 588 750 salutis.
632 687 726 768 Signa
759 691 840 748 euim
864 687 969 749 diviua
988 703 1059 749 sunt

133 767 311 852 testimonie
333 782 364 829 et
383 769 496 831 robora
520 770 603 830 verbi
627 771 720 831 divini
743 791 799 833 ceu
822 770 923 851 sigilla
945 778 976 831 et
998 774 1058 853 sig-

131 856 260 912 naturae
282 853 490 932 epistolarum.
534 853 659 915 Scilicet
679 862 713 915 ut
744 855 790 915 his
812 853 986 934 Scripturae
1009 874 1057 915 sr-

132 935 189 994 mis
211 937 346 996 munitus
368 955 431 997 non
455 935 584 1014 dubites,
607 937 754 1018 easigna,
777 956 857 1017 quae
879 940 945 998 sine
962 937 1057 1000 serbo

131 1016 200 1077 sola
221 1020 348 1078 veniunt
369 1026 422 1080 sut
443 1026 516 1081 ente
538 1007 663 1081 verbum
677 1023 813 1099 veniunt,
836 1040 906 1082 esse
927 1021 1058 1083 certissi-

132 1119 198 1160 mas
221 1104 419 1181 operationes
443 1102 594 1182 Satanae,
628 1106 823 1184 permittente
846 1105 913 1166 Deo
950 1107 1058 1166 tentari

131 1181 223 1245 tidem
247 1190 341 1249 tuam.
1007 1221 1010 1225 >

214 1267 289 1348 lam,
314 1288 381 1330 cum
405 1275 505 1331 certus
530 1275 560 1330 et
576 1270 788 1331 securissimus
811 1273 862 1353 sis,
886 1271 961 1332 nihil
975 1270 1058 1332 credi

132 1357 286 1432 oportere,
309 1352 487 1433 quodDeus
510 1371 572 1414 non
585 1355 689 1434 exegit
710 1353 802 1432 credi,
827 1374 880 1415 cur
896 1372 957 1415 non
980 1354 1058 1415 istos

132 1435 254 1515 spiritus
277 1438 451 1497 contemnis
482 1455 550 1497 curn
572 1435 705 1512 fiducia,
736 1439 802 1499 sive
831 1457 886 1518 per
914 1437 1057 1513 Sanctus,

132 1519 198 1578 sive
220 1539 274 1599 per
296 1527 476 1601 peccatores
503 1518 701 1582 celebratos?
729 1539 798 1582 cum
833 1524 900 1582 sine
928 1531 1057 1601 peccato

132 1611 163 1661 et
184 1604 321 1683 periculo
343 1612 543 1664 contemnere
563 1604 665 1684 possis
683 1602 847 1682 liberrime,
870 1603 1057 1665 nechabeas

132 1685 248 1763 timere,
273 1706 312 1747 ne
336 1687 436 1748 Deum
460 1685 598 1747 offendas
615 1705 678 1747 non
698 1687 863 1769 credendo,
887 1689 937 1767 qui
957 1688 1056 1747 solum

132 1769 195 1828 suis
218 1770 318 1830 verbis
343 1777 373 1831 te
395 1771 459 1831 vult
487 1769 622 1834 credere.
666 1769 796 1851 Contra,
825 1771 897 1851 quid
919 1771 1056 1852 periculo

132 1859 162 1913 tc
185 1855 350 1914 committis
363 1853 518 1915 credendo
541 1853 596 1934 eis,
618 1854 789 1916 sinecauss
812 1865 842 1915 et
859 1853 1059 1916 necessitate?

132 1945 166 1997 ut
199 1938 289 1997 etiarn
322 1939 380 1998 hac
407 1940 527 1999 ratione
560 1936 665 1998 videas
694 1956 749 2000 eos
776 1939 899 2019 spiritus
922 1936 1057 2000 Satanae

132 2038 212 2100 esse,
236 2021 320 2100 quod
341 2022 435 2082 liceat
456 2023 499 2082 sis
522 2039 585 2082 non
608 2019 742 2082 credere.
772 2019 843 2085 Non
867 2023 947 2082 enim
970 2017 1057 2083 Deus

132 2104 206 2165 tolia
224 2110 378 2186 operatur,
401 2105 511 2187 quibus
533 2105 625 2166 liceat
646 2125 708 2166 uon
723 2107 857 2168 credere.
892 2105 959 2166 lloc
976 2105 1059 2165 enim

132 2187 279 2250 adleves
312 2197 343 2248 et
364 2189 518 2249 illusorios
546 2190 668 2269 spiritus
698 2192 854 2270 pertinet,
895 2191 950 2251 Dei
978 2189 1060 2250 seria

133 2279 204 2331 sunt
225 2291 330 2352 opero,
352 2271 443 2332 fidem
473 2273 649 2352 exigentia,
678 2274 880 2353 perverbum
916 2280 947 2334 et
974 2274 1059 2333 mini·

135 2364 214 2416 atros
244 2357 297 2416 tibi
327 2357 507 2436 proposita,
528 2374 628 2435 neque
658 2358 757 2436 ipsum
781 2356 934 2417 Christum
964 2358 1060 2430 nasci,

136 2440 198 2521 pati
220 2447 251 2500 et
273 2458 432 2519 resurgere
455 2439 559 2515 voluit,
583 2457 733 2499 summum
754 2459 880 2520 opernm
905 2441 979 2519 eius,
1002 2440 1060 2500 nisi

135 2524 391 2605 praecedentibus
413 2521 583 2602 prophetiis
609 2523 697 2582 variis
720 2529 751 2582 et
773 2524 964 2584 testimoniis.

219 2607 320 2683 Quid?
343 2605 425 2688 quod
448 2606 574 2667 evidens
607 2613 668 2684 est,
698 2605 881 2686 Gregorium
914 2624 983 2666 esse
1005 2605 1061 2665 lal-

137 2711 203 2752 sum
258 2712 312 2772 per
344 2693 477 2751 animam
519 2690 683 2750 oeconomi
707 2690 764 2769 sui,
797 2708 888 2769 quem
930 2689 969 2750 ob
1000 2697 1061 2748 tres

137 2793 250 2835 aureos
279 2777 357 2836 iuter
396 2774 516 2834 chartas
551 2780 689 2851 repertos
727 2781 799 2852 post
835 2780 963 2835 mortem
997 2773 1062 2831 eius

138 2876 262 2939 magno,
285 2857 339 2931 sed
361 2859 445 2918 inani
466 2863 581 2918 terrore
610 2853 735 2916 fratrum
764 2856 849 2918 velut
884 2855 1062 2917 damnatum

84 2974 86 2979 ·
138 2962 207 3003 cum
230 2943 329 3003 aureis
353 2939 494 3021 sepelivit
522 2939 718 3000 anathemate
740 2958 934 3020 percussum,
956 2948 987 2999 et
1008 2955 1064 3018 po-

138 3032 206 3086 stea
239 3027 363 3107 triginta
394 3025 510 3086 dierum
533 3023 632 3083 Missis
654 3023 692 3082 de
713 3026 891 3104 purgatorio
913 3022 1063 3083 liberavit.

141 3108 215 3184 Quis
247 3110 380 3170 hicnon
405 3110 488 3169 ridet
515 3116 622 3168 sancto
647 3107 712 3166 viro
741 3107 896 3179 aSatans
918 3125 987 3167 esse
1007 3106 1063 3165 im·

141 3193 301 3274 positum?
324 3191 434 3274 puerili
456 3191 547 3273 plans
570 3198 689 3266 errore,
722 3189 777 3250 sed
800 3192 851 3270 qui
873 3190 935 3250 lide
957 3196 987 3249 et
1009 3189 1063 3268 hp·

141 3276 269 3337 militate
293 3278 322 3336 in
346 3278 415 3357 ipso
438 3274 636 3355 regnantibus
658 3271 840 3334 damnabilis
863 3275 892 3334 ei
914 3291 976 3333 nou
998 3273 1064 3333 fuir.

142 3360 267 3423 Scilicet
295 3361 417 3440 spiritus
446 3377 578 3438 nequam
601 3355 690 3416 finxit
722 3376 756 3418 sa
785 3356 825 3417 ob
859 3365 918 3418 tres
954 3373 1065 3417 suroca

141 3463 267 3527 passum
294 3446 380 3525 ignes
407 3443 576 3523 purgatorii
599 3448 628 3500 et
643 3441 767 3520 triginta
778 3440 879 3501 Missis
895 3439 1065 3516 liberatum,

144 3534 177 3590 ut
198 3533 452 3610 prosperarentur
472 3527 561 3605 signa
575 3530 606 3584 et
627 3524 778 3606 prodigis,
800 3526 910 3605 quibus
932 3525 961 3585 in
985 3540 1066 3584 erro·

144 3631 209 3674 rem
231 3612 415 3674 ducerentur
442 3606 590 3692 electi*)‚
618 3614 650 3668 ct
671 3606 784 3671 efficax
812 3608 899 3671 fleret
927 3606 1067 3690 operatio

218 3805 245 3872 a)
265 3805 291 3860 2.
313 3800 406 3858 ‘lhcaa
426 3802 452 3857 2.
530 3816 536 3827 ·

175 3902 266 3949 caum
280 3914 332 3956 ορ».
346 3903 374 3948 ι.
387 3903 415 3946 a.
430 3901 459 3945 su
472 3901 513 3947 ror.
524 3899 576 3945 ιιιι.
589 3900 604 3944 a
618 3911 641 3956 p.
657 3899 707 3944 vor.
721 3899 760 3944 vr.
866 3872 908 3937 tl
