2392 4170
302 255 411 312 Bullsru
429 216 565 314 noenu.
585 255 704 315 damnat.
725 275 750 315 s.
770 256 847 317 1520.
976 252 1039 323 169

468 480 682 545 Secundum

171 650 198 711 tr
216 667 311 730 puero
331 655 406 731 post
433 647 618 728 baptismum
647 668 762 730 negare
783 669 946 712 remanens
968 670 1038 713 esse

169 738 330 813 peccatum,
338 731 523 794 estPauiunr
535 738 567 793 et
580 732 732 802 Christum
741 734 831 795 simul
843 734 1038 796 conculcare.

199 836 310 901 Paulus
331 838 442 903 Roma.
464 842 493 903 7.
508 837 595 899 dicit:
619 838 908 919 concupiscentiam
923 841 1038 901 nescie-

86 949 88 963 »
138 919 188 981 ian
207 940 276 983 csse
297 928 474 1002 peccatum,
497 923 554 982 nisi
584 922 635 983 lex
666 921 797 984 diceret:
827 922 897 984 Nou
927 942 1038 983 concu-

86 1007 89 1045 ¹
138 1004 227 1083 μἰοιιι.
248 1004 308 1066 Hic
330 1006 397 1066 sine
419 1004 513 1067 dubio
536 1004 640 1081 claret,
663 1006 943 1086 concupiscentiam
967 1024 1036 1066 esse

86 1120 88 1125 ·
136 1093 285 1167 pecatum,
308 1095 341 1148 at
362 1089 430 1169 quis
445 1094 492 1149 est
506 1088 675 1162 hominurn,
692 1089 743 1169 qui
755 1087 1036 1169 concupiscentiam

86 1188 89 1197 ·
134 1188 176 1231 ron
195 1172 295 1248 sentit,
316 1178 481 1251 postquam
504 1170 682 1251 adoleverit,
705 1173 845 1253 quamvis
855 1172 1038 1252 baptisatus,

134 1270 183 1315 ιιι
209 1256 260 1316 hic
290 1255 450 1335 apostolus
485 1256 696 1316 sanctissimus
729 1254 842 1316 nedum
868 1254 1054 1336 baptisatus

132 1352 198 1399 mm
218 1330 499 1418 concupiscentiam
522 1339 671 1400 accuset?
698 1336 787 1400 Unde
809 1337 1037 1418 ergohocpec

133 1426 228 1501 mum,
251 1421 309 1482 nisi
333 1440 373 1483 ex
394 1422 554 1484 nativitate
577 1423 694 1500 carnis,
717 1423 808 1483 etiam
830 1427 903 1501 post
923 1420 1038 1502 baptis·

133 1520 197 1566 unm
217 1505 405 1566 remanens?

198 1588 297 1669 Atque
319 1589 447 1667 nequis
469 1594 556 1669 putet
578 1587 753 1669 apostolum
776 1588 806 1647 in
830 1603 965 1667 persona
986 1584 1038 1647 ali·

131 1686 201 1730 osum
221 1671 317 1752 toqui,
334 1670 403 1733 Gal.
426 1675 456 1737 5.
479 1671 517 1733 ad
541 1691 606 1751 cos,
629 1672 681 1751 qui
694 1671 801 1751 spiritu
811 1669 965 1745 vivebant,
989 1687 1039 1751 gc·

130 1753 208 1815 uerali
231 1751 383 1816 sententia
407 1754 499 1817 dicit:
521 1754 553 1816 Si
577 1755 685 1836 spiritu
707 1754 856 1835 vivimus,
879 1753 985 1833 spiritu
1008 1758 1039 1812 et

130 1835 312 1902 ambulemus.
357 1837 436 1914 Quid
460 1844 525 1899 crat
546 1855 674 1899 neccsse
695 1836 859 1914 mandare,
878 1842 911 1896 ut
932 1835 1038 1914 spiritu

130 1918 277 1996 abolent,
301 1921 352 2001 qui
375 1921 481 2001 spiritu
505 1922 621 1999 vivunt,
644 1921 668 1982 si
693 1940 754 1983 non
778 1924 918 2000 superest
929 1936 1038 1998 pecca-

86 2032 89 2087 ᾗ
129 2006 181 2063 trus
200 2005 309 2080 carnis,
332 2003 416 2086 quod
440 2004 644 2084 crucifigant?
665 2004 809 2085 Denique
832 2002 905 2064 dicit
926 2019 994 2081 cap.
1008 2004 1037 2066 5:

131 2081 196 2148 tirso
215 2087 406 2167 concupiscit
434 2088 581 2148 adversus
609 2089 747 2168 spiritum
778 2093 808 2148 et
836 2086 958 2166 spiritus
988 2083 1038 2144 ad-

132 2184 218 2230 versus
239 2189 375 2234 carnem.
419 2170 505 2232 Haec
527 2172 608 2232 enim
631 2171 687 2232 sibi
720 2171 851 2232 invicem
875 2169 1038 2230 adversan-

134 2254 182 2333 tur,
206 2259 322 2315 utnon
347 2271 549 2335 quascunque
571 2254 680 2328 ruitis,
703 2254 756 2316 illa
776 2253 906 2315 faciatis.
951 2250 1038 2325 Quae

136 2339 214 2397 uuus
236 2343 342 2417 potest
364 2354 432 2398 esse
455 2338 707 2417 concupiscentia
726 2339 859 2418 spiritus,
883 2334 940 2395 nisi
963 2333 1036 2392 cari·

139 2416 189 2479 tui
206 2426 278 2481 utet
293 2420 483 2500 Augustinus
497 2421 620 2498 saepius
631 2422 856 2502 iuterpretatur,
873 2417 923 2477 ubi
934 2423 1036 2476 autern

141 2500 223 2565 nitas
241 2503 301 2564 nisi
322 2504 353 2563 in
376 2502 561 2583 baptisatis?
584 2503 623 2564 Et
644 2509 746 2566 tamen
770 2505 801 2564 in
824 2503 872 2563 his
894 2505 1034 2580 pugnant

140 2584 241 2666 tueque
263 2586 524 2665 coucupiscentia.

195 2668 234 2729 lit
254 2687 334 2748 quae
356 2675 439 2730 esset
460 2669 652 2749 apostolicae
674 2669 833 2731 doctrinae
848 2665 894 2726 ris
908 2672 938 2725 et
951 2669 1034 2724 auto·

134 2746 198 2832 ritas,
217 2752 243 2812 si
264 2771 328 2814 non
351 2752 536 2832 generaliter
558 2752 597 2813 ad
620 2771 728 2815 omnes
750 2751 890 2811 homines
905 2747 1035 2826 pertinc-

133 2830 182 2892 teti
212 2834 282 2896 Non
305 2835 386 2895 euim
409 2834 551 2896 absolute
574 2835 675 2897 dicere
697 2834 869 2907 debuisset,
898 2831 1035 2910 spiritum

133 2916 285 2979 tarnem
308 2915 365 2978 sibi
388 2936 536 2998 pugnare,
582 2919 637 2980 sed
659 2918 833 3001 aliquorum
855 2914 1037 2996 spiritumet

135 3001 570 3079 tarnem‚scilicetma10rum.
602 3001 691 3063 Nunc
721 3007 821 3064 autem
849 3015 974 3079 prorsus
997 2996 1036 3058 de

134 3081 252 3144 cunibus
284 3083 464 3146 Christianis
493 3083 580 3145 dicit:
626 3084 808 3165 Quicunque
837 3090 938 3143 autem
966 3086 1037 3140 sunt

134 3157 232 3244 (inst,
254 3186 380 3228 carnem
402 3186 489 3227 suam
505 3167 721 3230 erucifixerunt
744 3188 813 3229 cum
827 3167 908 3227 vitiis
922 3170 951 3225 st·
964 3182 1034 3223 oon·

134 3248 305 3326 tupiscentiis
328 3249 403 3310 suis.
426 3249 515 3326 Quod
540 3251 697 3330 quomodo
720 3257 824 3333 potest
845 3249 931 3310 aliter
948 3247 1034 3307 intel·

135 3321 172 3405 ligi
189 3351 278 3412 quarn
301 3330 375 3393 iilud
398 3332 507 3396 Roma.
531 3336 566 3399 6:
609 3333 678 3396 Nou
701 3354 775 3414 ergo
798 3339 905 3413 regnet
926 3350 1035 3411 pecca·

135 3410 178 3471 tun
195 3414 224 3476 in
238 3421 342 3476 vestro
359 3416 479 3478 mortali
502 3435 643 3496 corpore,
666 3423 700 3479 ut
710 3416 860 3479 obediatis
875 3416 1034 3495 concupis-

136 3497 217 3557 ttutiis
239 3497 329 3558 eius?
372 3497 433 3559 Gur
460 3498 602 3578 prohibet
625 3500 752 3562 obedire
773 3498 1032 3579 concupiscentiis

136 3581 256 3658 unone,
280 3581 305 3640 si
327 3600 390 3641 non
413 3587 483 3641 sunt
504 3582 532 3642 in
545 3601 676 3664 corpore
697 3581 865 3665 baptisati?
883 3582 944 3643 Gur
966 3600 1034 3661 reg-

135 3667 187 3718 ttre
214 3668 310 3738 vetat,
333 3664 356 3722 si
387 3663 502 3724 nultum
533 3664 620 3726 adest
641 3666 827 3747 peccatum?
863 3663 928 3724 Nisi
951 3662 1032 3742 quod

136 3749 187 3803 tue
204 3745 232 3806 iu
255 3745 397 3808 omnibus
409 3752 570 3828 peccatum
593 3757 684 3813 estet
700 3748 964 3832 concupiscentia,
978 3744 1033 3806 sed
