2392 4170
134 241 198 310 364
363 245 846 317 ammonendum

136 399 248 479 ubique
270 398 357 461 dicit:
384 400 565 463 Mandanes
593 407 746 482 qnatenus
774 401 1054 480 distrios-praeut

134 483 250 565 pieudo
271 483 452 545 mandantes
473 493 505 546 et
524 484 676 546 eiusmodi
696 485 812 545 similes
833 483 949 545 buoe'ss
970 484 1056 544 tmi-

135 567 293 643 dissimss,
315 567 425 647 quibus
446 586 555 628 omnes
580 568 705 629 soboles
731 576 882 648 oooupst,
918 575 951 628 ut
978 566 1056 627 bne

133 650 240 711 Petrus
262 669 325 710 non
347 651 526 730 loquentes,
552 652 607 711 sed
634 658 780 712 sonantes
802 649 955 730 appellet,
985 668 1055 711 sum

133 734 193 794 sint
220 752 315 793 voees
346 752 465 811 merae,
498 734 571 794 nibil
604 736 663 794 nisi
697 734 882 794 vanissimae
913 733 1056 794 vanitatis

135 815 300 878 doetrioes.
341 816 381 876 lit
403 827 505 876 tomen
527 817 576 877 bis
603 817 739 898 pestibus
765 817 904 878 allioiunt
925 815 1055 877 nobilio

133 899 1055 1063 iffiliddssbiieiffillmadiuidiibm'ffi

135 1064 212 1141 Quis
233 1066 313 1124 enim
344 1067 374 1124 in
397 1065 652 1126 Universitstibns
677 1085 738 1126 uon
765 1066 868 1125 studet
886 1064 979 1144 lumi,
1004 1072 1058 1127 sut

133 1147 268 1227 glorioe,
301 1155 354 1208 aut
386 1150 440 1208 otii
471 1148 590 1228 gratia?
629 1158 663 1208 ut
689 1151 844 1225 omittam,
875 1147 961 1228 quod
991 1148 1054 1210 ni·

133 1250 203 1291 nae
223 1231 397 1291 ineseeutur
419 1231 534 1292 lasciva
554 1230 608 1291 ills
628 1231 831 1292 etlieentiosa
851 1232 914 1291 vits
930 1230 1055 1293 Unirer·

133 1314 280 1375 sitstum?
307 1301 449 1389 Summa,
477 1315 527 1374 ius
547 1313 738 1375 Osoonienm
766 1313 856 1375 nobis
878 1313 932 1376 dst
953 1313 1055 1377 (lelle-

133 1398 252 1476 giorum
280 1408 311 1458 et
337 1397 518 1458 Seholarum
545 1398 709 1478 populum,
739 1416 801 1457 non
831 1398 889 1457 nisi
917 1399 1057 1474 vanitati,

133 1479 235 1559 luxui,
257 1480 419 1556 laseiviae,
442 1480 527 1556 otio,
558 1499 693 1560 pompae
713 1480 867 1559 deditum,
901 1490 931 1541 et
953 1489 1055 1541 temes

132 1562 302 1624 incredibili
326 1562 420 1624 boatu
447 1563 597 1642 superbus
624 1583 707 1645 papa
729 1583 798 1623 oum
820 1564 884 1622 suis
905 1562 1055 1643 spostoh

134 1645 243 1706 borum
266 1653 390 1724 statum,
411 1665 499 1726 opes,
519 1646 696 1726 hypocrisin
719 1648 835 1707 iactant
855 1647 886 1706 in
907 1647 973 1706 suis
993 1646 1054 1707 De·

134 1729 243 1807 oretis,
275 1736 310 1789 nt
339 1749 411 1788 vere
438 1728 547 1789 Petrus
580 1728 713 1809 superba
740 1730 883 1789 vanitatis
911 1728 1055 1810 appellet,

133 1813 267 1892 speeiem
290 1812 379 1871 istam
391 1812 513 1892 pietatis
536 1821 568 1872 et
587 1812 744 1892 religionis
763 1821 794 1871 et
814 1812 972 1888 scientiae,
994 1830 1056 1892 qus

131 1893 503 2057 dibiil'ssliddi'
518 1894 1055 2038 ttttttttttt⁰¹ttttbt

133 2077 222 2119 oens:
244 2059 284 2119 nt
308 2078 344 2119 os
365 2059 483 2120 illorum
507 2060 641 2138 loquitur
653 2060 770 2120 tumida
790 2059 977 2121 admirantes
991 2080 1055 2140 per

132 2160 227 2201 sonas
248 2140 385 2201 utilitatis
398 2143 506 2221 grstia.
540 2143 621 2204 [dees
637 2162 796 2223 personas,
819 2145 955 2223 speeies,
970 2162 1056 2223 porn-

132 2243 204 2303 pss,
227 2231 258 2284 et
280 2227 423 2300 omnino,
447 2243 522 2303 quus
545 2227 684 2306 superins
706 2225 800 2286 fsoiee
821 2225 1055 2305 appellavimus,

134 2313 235 2368 voest.
278 2306 343 2368 Hos
365 2309 444 2368 enim
478 2308 572 2368 iaotet
598 2328 653 2368 rex
681 2310 740 2369 iste
767 2309 914 2369 ieoierum
942 2310 1055 2389 magni

133 2387 211 2449 lisos
232 2388 347 2463 titulos,
369 2391 539 2470 privilegia,
560 2390 714 2451 libertates
737 2400 796 2451 eto.

217 2472 256 2532 lit
278 2473 403 2551 pulchre
426 2473 511 2534 addit
533 2493 604 2549 eos,
634 2475 685 2552 qui
715 2493 785 2534 vere
808 2472 997 2553 effugerant,
1025 2477 1054 2533 in

131 2572 234 2615 errore
261 2564 496 2631 eonversantes,
530 2554 632 2638 (mihi.
656 2557 775 2616 videtur
802 2557 863 2616 boe
890 2556 983 2631 velle,
1015 2565 1055 2634 ut,

132 2637 278 2715 quidquid
301 2638 516 2720 ebaptismate
528 2647 558 2698 et
580 2640 673 2699 verbo
693 2640 752 2699 Dei
774 2647 877 2699 natum
898 2649 928 2698 et
951 2639 1055 2700 libers·

131 2729 194 2781 tum
217 2740 236 2780 s
256 2723 502 2801 peceatisluerit,
526 2741 609 2796 mox,
633 2721 685 2781 ubi
696 2722 874 2797 adoleverit,
895 2723 927 2780 iu
950 2741 1054 2784 eorum

132 2801 288 2866 doetrinae
312 2814 342 2864 et
363 2806 463 2864 studia
484 2806 603 2883 rapitur
624 2813 656 2865 et
676 2806 880 2882 immergitur,
904 2816 934 2864 ut
958 2807 990 2865 in
1012 2826 1054 2865 er·

132 2904 201 2946 rore
223 2888 397 2948 conversuri
421 2898 581 2966 eoguntur,
603 2887 677 2948 lieet
698 2907 752 2962 per
768 2887 920 2948 Christum
943 2888 1054 2966 effuge

132 2969 192 3029 rint
212 2976 304 3030 auten
326 2988 433 3030 omnes
457 2988 585 3031 errores.
628 2969 697 3031 Hoo
725 2970 774 3047 iit,
801 2969 872 3029 dnm
901 2969 1003 3030 aiide
1024 2972 1054 3031 io

132 3055 333 3123 eeremoniee,
356 3055 492 3131 aspiritu
507 3054 536 3113 in
559 3071 718 3132 personas,
740 3055 877 3131 agretia
897 3055 928 3112 in
950 3072 1055 3133 opera,

132 3152 152 3193 a
165 3136 292 3196 veritate
305 3137 336 3195 iu
359 3137 504 3215 speeiem,
527 3136 715 3215 hypocrisin,
737 3145 769 3195 et
784 3138 956 3196 universam
972 3136 1054 3197 illem

131 3215 276 3278 iaeierum
307 3236 454 3298 pompam
486 3229 590 3289 ruunt,
623 3238 677 3297 per
706 3220 884 3298 impiissime
912 3221 1054 3279 vanitatis

132 3299 282 3379 superbae
304 3320 409 3361 eorum
432 3300 588 3382 Decreta),
609 3301 782 3361 libertatem
803 3301 862 3361 iilis
879 3303 1053 3381 promitten

132 3387 197 3460 tes,
220 3402 288 3444 oum
310 3385 371 3443 siut
400 3386 479 3444 servi
502 3385 720 3464 eormptionis3
738 3384 810 3444 ,hoo
838 3392 868 3444 et
896 3383 933 3444 sd
957 3383 1056 3445 ludul-

133 3467 252 3607 pentias
274 3468 414 3546 pertinet,
436 3474 466 3528 et
487 3467 526 3526 sd
550 3486 673 3527 omnem
695 3467 778 3527 iilam
804 3466 1056 3546 fallaciamque

144 3549 279 3610 seierum
301 3549 433 3609 studium
456 3549 636 3631 praedicent
657 3549 788 3626 bonnm,
817 3557 849 3609 ut
871 3552 921 3628 qui
944 3551 974 3611 iu
996 3551 1055 3612 iilis

133 3630 282 3708 ambulet,
321 3641 427 3692 sancte
466 3639 496 3692 et
526 3633 576 3713 pie
608 3630 765 3693 ambulare
798 3631 947 3693 credatur:
1006 3634 1055 3694 Sia

88 3754 92 3765 ι
133 3714 214 3776 enim
244 3714 367 3777 ordines
394 3713 606 3795 sseerdotum,
641 3714 881 3794 monoohornm,
905 3724 936 3781 et
962 3718 1054 3791 totius
