2392 4170
192 268 256 336 3oe
422 269 580 340 masio
599 270 632 326 D.
648 267 684 326 fl.
704 271 729 325 L.
749 269 785 322 ad
803 265 905 324 lllrrum

193 444 254 487 nae
280 425 359 486 haee
378 423 496 486 ferent?
530 424 596 484 Vos
628 426 720 486 stiam
747 424 880 484 linxistis
907 424 1118 485 oommenbm

196 510 333 569 omnium
356 508 575 588 nequissimum
597 507 671 568 illud
693 507 831 568 informis
851 506 939 582 fidei,
961 522 1024 585 quo
1044 505 1118 566 nsi·

194 592 252 651 lius
274 599 305 652 et
326 593 420 651 lulius
441 588 604 671 saerilegia
624 597 726 652 vestra
747 593 777 651 in
796 590 971 671 Soripturas
980 587 1038 649 ner
1060 606 1119 650 seu

194 674 329 735 latrones
351 673 444 735 Moab
456 674 623 737 mitteretis.
668 673 763 734 Nobis
781 682 883 734 autem
895 670 1008 732 Paulus
1030 671 1119 734 dian:

194 755 282 832 Quae
303 759 436 821 societas
459 757 535 816 lunis
558 765 589 815 et
609 756 826 818 tenebrarum?
849 755 936 832 Quas
953 756 1119 818 conventio

196 840 307 903 Christi
329 847 360 900 et
382 838 501 900 Belial?
524 840 587 900 Aut
607 859 682 920 ergo
703 847 791 920 petra
812 838 910 900 solam
933 838 1043 918 luosm,
1065 845 1120 900 ant

195 923 278 983 solas
301 922 460 999 tenebras,
489 921 520 983 id
543 929 604 1004 est,
632 923 732 983 solum
753 929 910 1001 sanetum,
942 929 994 982 ant
1016 921 1118 983 solum

195 1006 320 1085 impium
343 1005 512 1085 signifieat,
539 1014 702 1085 utrumque
723 1004 897 1086 significare
918 1020 981 1066 non
1003 1011 1117 1086 potest,

195 1090 286 1168 quia,
317 1090 370 1166 qui
391 1107 452 1149 non
477 1094 524 1148 est
545 1107 682 1168 mesum,
706 1099 814 1162 eontra
843 1107 892 1153 me
915 1096 971 1149 ess.
1015 1086 1120 1165 Quare

195 1171 354 1233 Romanus
376 1171 518 1232 Pontifex
539 1173 565 1230 si
587 1173 627 1232 sit
647 1173 768 1250 impius,
791 1179 877 1253 patra
889 1184 958 1231 asse
980 1190 1044 1233 non
1065 1188 1119 1252 po

195 1261 269 1332 test,
296 1272 335 1314 ao
351 1273 410 1397 fier
429 1255 490 1315 hoo
516 1262 603 1333 petra
632 1272 744 1334 papam
766 1253 941 1335 signilloare
962 1268 1119 1334 nunqnam

199 1343 308 1417 polest„
380 1336 454 1398 abes
477 1337 560 1416 quod
582 1337 632 1397 hio
652 1340 797 1417 gannias,
827 1339 918 1398 miser
938 1335 1124 1398 Thomislal-

277 1419 348 1481 Non
377 1438 452 1501 ergo
486 1421 617 1479 feremus
645 1420 701 1480 lias
728 1420 850 1481 rabidas
871 1422 1060 1500 papislarum
1089 1425 1122 1480 et

195 1502 421 1563 Thomistarum
444 1502 665 1583 blasphemias,
688 1511 720 1562 ut
739 1503 820 1562 idem
844 1506 882 1562 sit
903 1504 933 1562 in
956 1502 1120 1584 seripturis

195 1587 311 1646 sanetis
331 1593 493 1665 peecatum
516 1593 547 1645 et
569 1588 684 1666 gralia,
706 1587 800 1647 virtus
823 1596 854 1646 et
876 1587 998 1664 vitium,
1021 1587 1120 1648 bonus

197 1676 227 1728 el
250 1669 366 1746 malus,
396 1672 465 1750 pius
493 1671 670 1749 olimpius,
705 1679 734 1728 el
756 1670 897 1749 impietas
919 1668 975 1728 sub
998 1670 1121 1750 pietalis

199 1753 325 1811 nomine
345 1771 415 1813 sese
442 1759 562 1812 tueatur
583 1759 614 1812 et
643 1762 769 1832 regnet,
801 1769 840 1811 ne
858 1751 933 1812 illud
959 1751 1070 1813 Esaiae
1091 1755 1120 1816 o.

198 1851 267 1894 oum
290 1835 335 1894 eis
357 1835 533 1895 audiamus:
573 1835 638 1896 Vae
667 1834 773 1912 vobis,
805 1836 856 1914 qui
885 1835 985 1898 diuitis
1008 1834 1123 1903 malurn

198 1916 324 1995 bonurn,
347 1918 461 1979 bonurn
483 1918 608 1995 malum,
632 1925 782 1998 ponentes
795 1919 894 1978 luoem
918 1918 1073 1996 tenebras,
1093 1925 1127 1978 et

199 1999 343 2060 tenebras
366 2000 483 2078 lnoem,
515 2009 665 2079 ponentes
687 2020 825 2062 amarum
848 2000 953 2077 dulos,
982 2009 1012 2061 el
1036 1999 1126 2062 duloe

199 2101 352 2143 amarum.
394 2084 508 2143 Verum
530 2082 666 2144 haeresis
679 2084 869 2144 Thomistioa
889 2083 942 2144 illa
964 2091 1022 2164 est,
1045 2102 1126 2164 quae

201 2164 312 2225 Daniel
334 2166 362 2228 8.
385 2165 494 2225 dieitur
515 2166 675 2246 impudens
688 2168 776 2248 faeie,
799 2175 829 2228 et
850 2167 957 2228 ierem.
971 2170 1004 2231 3:
1028 2167 1125 2228 Frons

200 2248 368 2307 merelriois
398 2249 480 2310 faeta
509 2249 647 2329 esttibi,
677 2251 800 2311 noluisti
830 2248 1021 2311 erubeaoere.
1065 2249 1124 2326 Qui

200 2332 282 2390 enim
304 2331 348 2390 sio
369 2331 499 2392 frontem
523 2332 753 2414 perfrieuernnt,
775 2340 808 2393 ut
829 2332 962 2393 audeam
976 2335 1007 2393 in
1029 2333 1126 2413 publi·

201 2430 239 2473 oo
262 2414 415 2474 eeclesiae
438 2415 550 2476 bonum
575 2424 604 2474 et
627 2416 739 2476 malurn
751 2416 832 2477 idem
847 2416 960 2495 lasere,
982 2424 1013 2476 et
1024 2416 1124 2476 Deum

201 2514 270 2555 oum
294 2496 429 2575 diabolo,
452 2498 603 2559 Christum
627 2518 695 2559 oum
708 2500 803 2560 Belial
825 2516 1023 2580 oomponsre,
1046 2517 1127 2579 quae

201 2579 318 2659 reliqua
339 2581 389 2640 vel
410 2580 484 2662 fingi
506 2588 649 2662 poterunt
671 2590 824 2661 monstra,
846 2601 926 2661 quae
948 2601 1009 2643 non
1033 2583 1124 2643 aude·

200 2670 267 2722 rent
287 2664 440 2724 statuere?
461 2665 474 2724 l
497 2684 592 2744 nuno,
628 2665 791 2726 catharine
813 2666 934 2743 infelix,
965 2673 996 2726 et
1018 2662 1126 2727 distin·

201 2763 261 2825 gne
284 2746 373 2806 nobis
396 2748 538 2808 informia
560 2747 641 2809 bona
663 2756 694 2809 et
716 2749 807 2828 mala,
829 2750 974 2810 informes
987 2749 1126 2810 Christos

201 2835 230 2888 el
254 2829 360 2911 Belial,
382 2837 510 2909 estoque
533 2830 625 2911 digne
645 2831 820 2910 Thomista,
842 2833 903 2893 lroo
925 2840 981 2910 est,
1004 2831 1126 2893 saerile-

202 2929 259 2991 gus
281 2919 313 2972 el
333 2911 538 2973 monstrificas
551 2914 726 2996 scripturae
747 2915 805 2976 Dei
826 2915 914 2976 latro.

283 2993 348 3055 lam
380 3014 472 3073 quam
494 2995 682 3058 Thourios-iae
709 3006 741 3058 et
762 2999 822 3059 hoo
845 2997 1004 3074 dissolvis,
1041 2997 1125 3078 qnod

200 3076 264 3137 dixi
286 3095 342 3156 per
361 3098 542 3158 pronomen,
564 3080 675 3160 Meam,
696 3082 830 3143 subverti
855 3083 958 3142 omnia
982 3080 1127 3161 nemra,

201 3177 271 3221 oum
294 3159 431 3222 Christus
453 3161 494 3223 ibi
518 3162 557 3224 de
578 3170 644 3225 tola
666 3165 798 3225 ecelesia
819 3184 875 3225 sus
889 3165 1041 3245 loquatur,
1063 3180 1126 3225 non

204 3248 321 3302 tanturn
349 3242 387 3304 de
408 3244 566 3323 Romans,
591 3254 623 3306 ut
649 3249 789 3308 satanins
816 3257 846 3309 et
867 3248 1048 3328 blasphema
1069 3245 1128 3307 De

202 3333 286 3387 oreta
298 3326 413 3390 volunt.
447 3327 537 3411 Quia,
560 3331 669 3409 inquis,
692 3330 828 3396 Christus
850 3350 912 3392 non
926 3331 1014 3392 nisis:
1036 3329 1128 3391 naui·

200 3404 302 3469 fleabo
317 3410 464 3473 eoolesias
476 3431 560 3473 mess
573 3411 738 3492 pluraliter,
761 3415 815 3474 ssd
827 3415 992 3475 eeclesiam
1014 3430 1128 3494 meam,

203 3509 279 3570 ergo
299 3491 472 3554 Romanam
494 3496 591 3557 solam
613 3497 711 3558 voluit
725 3496 879 3559 asdiflosri
902 3516 995 3579 supra
1008 3504 1127 3578 petram

204 3574 252 3648 (id
270 3582 325 3651 esl,
348 3575 493 3660 papam).
521 3578 627 3639 Plaeel
638 3579 809 3658 dissolutio,
831 3590 864 3642 ul
875 3580 1129 3642 camaranum

201 3655 507 3740 Romanissimaque,
539 3683 609 3723 nam
632 3664 703 3725 hino
733 3665 889 3744 sequitur,
919 3665 1035 3727 nullam
1058 3681 1129 3729 usse

201 3739 365 3803 eoelesiam
388 3743 418 3803 in
441 3745 516 3806 orbe
525 3754 672 3808 terrarum
689 3765 782 3828 supra
792 3748 1128 3830 perronensem,
