2392 4170
132 245 196 314 236
331 247 456 305 Assertio
476 266 551 304 omn.
570 251 645 304 artic.
664 249 697 305 D.
715 227 750 304 u'
768 251 796 305 L.
815 267 865 321 per

135 422 195 484 que
215 405 352 484 periculo
375 405 424 464 hic
446 403 551 464 credet
573 405 619 465 vel
642 405 831 487 concredat,
853 425 915 467 non
928 413 976 467 est
989 406 1058 468 hae·

134 488 263 563 rotinus,
293 487 317 546 si
340 489 549 567 purgatorium
573 507 635 548 non
659 488 767 565 credit,
795 508 854 550 neo
872 489 952 565 ¹ideo
975 489 1059 552 chn-

134 571 263 649 stiauus,
286 571 310 629 si
334 572 437 633 credit.
481 570 699 632 Graecaenim
723 572 854 633 ecclesia
876 591 940 633 non
962 573 1060 634 credit

137 672 263 714 manens
287 653 452 730 catholica,
482 673 540 714 neo
569 656 596 714 ei
624 661 733 734 nocet,
761 656 843 735 quod
866 676 885 716 a
907 657 1060 737 papistiee

135 737 275 813 ecclesia,
299 738 435 797 omnium
457 737 747 814 schismaticissima,
770 739 947 799 criminatur
969 745 1000 799 et
1014 740 1059 799 in·

135 820 294 880 simulatur
316 821 499 896 schismatis,
521 820 620 880 solum
635 819 674 880 eb
697 821 768 900 hoo,
790 823 936 900 quianon
960 823 1060 902 sequi·

135 909 183 963 tur
205 923 277 964 suos
301 923 436 983 nugaces
459 924 477 962 a
499 923 532 963 se
558 910 695 983 repertos
708 905 852 965 articulos
876 904 956 966 fidei.
989 905 1058 987 Ego

135 993 236 1047 tamen
261 994 291 1047 et
302 985 393 1046 credo
407 988 612 1067 purgatorium
626 1005 704 1064 esse,
727 996 756 1047 et
768 989 907 1067 consuto,
928 987 1059 1049 suadeo·

135 1087 194 1148 que
216 1068 416 1144 credendum,
439 1068 493 1129 sed
517 1070 667 1128 nerninem
687 1070 757 1129 voto
780 1072 859 1150 cogi.
902 1070 1004 1149 Sicut,
1033 1072 1059 1132 si

135 1170 196 1212 non
217 1153 338 1212 credam
361 1153 510 1213 Thomnm
522 1152 705 1230 Aquinatem
730 1172 799 1213 esse
815 1160 965 1233 sanctum,
987 1153 1061 1215 licet

136 1254 257 1315 epape
279 1237 505 1312 canonisatum,
539 1254 599 1295 non
624 1255 691 1295 sum
713 1235 900 1314 haereticus,
933 1236 1058 1317 quando

117 1324 166 1377 ‘et
186 1319 207 1376 ii
230 1338 290 1379 non
316 1329 386 1378 sont
408 1319 570 1394 haeretiei,
593 1320 643 1397 qui
667 1319 817 1379 Thomnm
839 1329 964 1400 negant,
987 1319 1060 1381 licet

134 1421 153 1460 a
174 1421 256 1482 papa
277 1404 480 1482 approbatum
503 1410 533 1462 et
550 1400 762 1462 confirmatum
784 1403 814 1461 in
832 1404 895 1464 suis
918 1402 1014 1466 libris.

373 1585 610 1654 Tricesimus
641 1595 825 1648 octavus:

199 1730 327 1790 Animae
349 1732 378 1791 in
405 1732 584 1811 purgatorio
606 1749 670 1792 nou
700 1741 770 1791 sunt
793 1749 920 1792 securae
941 1731 980 1792 de
1001 1751 1059 1794 sua

198 1814 311 1890 salute,
343 1814 451 1874 saltem
481 1834 605 1891 omnes,
640 1833 698 1875 nec
723 1813 885 1894 probatum
915 1825 961 1876 est
987 1815 1058 1876 ullis

197 1904 250 1958 aut
270 1897 456 1972 rationibus,
488 1904 541 1957 out
568 1897 745 1977 Scripturis,
767 1899 851 1977 ipsas
879 1916 948 1959 esse
970 1905 1060 1959 extra

198 1988 308 2041 statum
333 1978 466 2040 merendi
490 1988 542 2039 aut
564 1981 725 2060 augendae
747 1981 891 2044 caritatis.

392 2161 636 2222 Tricesimns
665 2182 805 2223 nonus:

199 2306 327 2365 Animae
350 2308 379 2365 in
403 2309 579 2387 purgatorio
595 2316 726 2387 peccant
741 2311 806 2368 sine
821 2308 1058 2387 intermissione,

197 2387 341 2467 quamdiu
365 2397 515 2467 quaerunt
536 2393 682 2469 requiem,
705 2397 735 2451 et
756 2391 879 2451 horrent
901 2410 1030 2471 poenas.

424 2572 770 2653 Quadragesimus:

198 2699 326 2760 Animae
349 2721 388 2762 ex
411 2704 589 2782 purgatorio
613 2702 758 2763 liberatae
782 2701 932 2782 suffragiis
956 2702 1057 2763 viven-

197 2785 269 2843 tium
292 2785 390 2845 minus
403 2785 541 2864 beantur,
565 2786 694 2864 quamsi
712 2804 766 2864 per
777 2804 811 2843 se
828 2785 1057 2849 satisfecissent

216 2899 280 2960 Hos
294 2908 354 2960 tres
372 2902 516 2960 articulos
539 2899 710 2980 disputavi,
724 2906 910 2982 protestatus
928 2919 1058 2961 maesse

133 3000 233 3042 rerum
256 2985 380 3043 istorum
403 2985 552 3063 ignarum,
576 3004 634 3044 nec
654 2984 755 3044 adhuc
766 2984 928 3063 probatum
943 2982 1057 3063 aliquid

133 3065 299 3143 inventum,
323 3068 378 3126 nisi
402 3065 485 3146 quod
506 3067 548 3127 iili
572 3066 685 3128 dictum
708 3076 739 3127 et
759 3069 872 3128 factum
896 3066 1057 3145 ecclesiae,

132 3147 240 3223 idest,
264 3169 363 3230 papae
386 3158 414 3208 et
437 3169 560 3210 suorum
583 3152 816 3226 somniatorum,
840 3149 910 3210 mihi
934 3168 990 3228 pro
1013 3169 1058 3210 re·

57 3238 60 3242 ’
133 3229 206 3310 gule
226 3230 296 3291 fidei
315 3231 496 3308 obtrudunt,
532 3234 614 3311 quod
649 3241 823 3295 contemno.
875 3231 950 3292 Cum
982 3250 1057 3312 ergo

135 3312 207 3373 nihil
231 3316 305 3374 certi
328 3316 443 3396 possim
465 3315 515 3375 hic
537 3317 659 3392 dooere,
681 3318 816 3395 satisque
839 3315 1056 3394 disputaverim

133 3396 220 3475 elias,
243 3399 349 3459 merito
372 3399 497 3476 quiesco
511 3399 840 3478 consulensomnibus,
864 3408 954 3469 ntea,
977 3416 1057 3477 quae

133 3482 264 3559 aguntur
286 3499 354 3540 curn
375 3480 544 3557 animabus,
568 3483 671 3542 divino
693 3481 806 3542 iudicio
831 3481 1057 3556 commendent,

133 3563 291 3643 sciantque
315 3584 426 3644 papam
441 3583 509 3624 cum
521 3585 576 3625 sua
593 3565 725 3625 ecclesia
740 3565 835 3625 multo
848 3565 948 3624 minus
960 3563 998 3624 de
1010 3563 1056 3624 his

132 3644 222 3706 rebus
245 3665 346 3723 nosse,
370 3666 460 3726 qnam
475 3646 551 3707 ullus
575 3647 612 3707 de
636 3649 765 3708 minimis
787 3647 922 3707 fidelium
935 3646 1058 3723 Christi,

132 3728 203 3792 ideo
227 3750 298 3791 suas
320 3730 423 3793 Bultas
447 3731 477 3791 in
507 3730 565 3792 hec
593 3750 627 3792 re
654 3749 727 3792 vere
755 3750 824 3794 esse
845 3729 961 3811 bullae,
994 3731 1056 3792 imo
