2392 4170
396 251 428 307 n.
444 250 480 306 u.
499 251 577 321 uum
594 251 781 308 ramnum.
876 226 883 239 '
1015 251 1057 317 81

151 404 262 466 dunum
283 425 355 466 esse
376 405 587 486 spectandam,
611 405 693 466 uude
714 405 911 467 humilientur
930 413 961 468 st
975 408 1057 468 exaf-

151 496 244 568 tentur,
273 507 367 568 quam
390 497 588 569 peccatorum
617 508 741 550 suorum
763 489 898 570 turbam,
920 509 1009 571 quae,
1032 491 1058 551 si

150 574 208 633 citra
226 576 388 633 veritatem
411 573 469 633 Dei
490 581 676 652 spectentur,
699 575 801 654 potius
821 573 1006 635 refricabunt
1027 581 1059 636 et

151 655 285 734 augebunt
314 657 436 735 peceati
472 655 673 732 desiderium,
708 675 799 736 quam
841 659 1056 719 contritionem

151 747 244 816 parent.
287 739 395 800 Taceo
417 738 467 799 bic
486 739 693 818 insuperabile
715 740 810 801 cahos
828 740 951 819 laboris,
974 740 1056 820 quod

151 820 220 883 robis
240 823 471 902 imposuerunt,
499 823 616 883 sufficet
639 830 672 883 ut
693 825 829 883 omniurn
859 832 1055 896 peecatorum

151 903 296 967 tumemus
317 907 549 982 contritionem,
573 924 641 966 cum
664 906 725 967 huc
745 908 784 967 sit
806 907 1005 986 impossibiie,
1027 914 1059 967 et

152 989 278 1049 uiuorem
301 996 422 1069 partem
442 998 640 1068 pennatorum
668 989 747 1049 scire
774 992 945 1070 possimus,
976 991 1059 1050 deni·

151 1087 194 1149 que
212 1079 242 1131 et
262 1071 346 1132 bona
368 1090 464 1151 opera
491 1074 687 1133 inveniantur
707 1092 776 1133 esse
799 1083 943 1152 peccata,
971 1075 1057 1133 iuxta

151 1152 206 1213 iffad
224 1153 304 1215 Psef.
328 1155 450 1233 142*):
472 1154 542 1216 Nou
558 1157 652 1215 intres
665 1157 693 1215 iu
718 1157 862 1216 iudicium
886 1176 954 1217 uum
967 1175 1057 1217 servo

152 1241 197 1314 tuo,
215 1239 286 1317 quia
308 1256 371 1299 nou
394 1237 606 1299 iustificabitur
625 1240 656 1298 in
684 1247 853 1318 conspeetu
881 1246 934 1301 tuo
958 1240 1057 1300 omnis

140 1320 246 1404 niseus.
289 1319 371 1382 Satis
401 1323 483 1382 enim
510 1328 572 1399 est,
608 1325 634 1383 si
663 1341 701 1401 eu
730 1322 891 1383 doleamus
918 1331 1057 1403 peccatu,

152 1419 212 1481 qaae
232 1412 398 1484 praesente
417 1405 608 1466 conscientia
633 1405 789 1481 mordent,
821 1417 851 1465 et
881 1406 960 1466 facili
989 1425 1057 1486 pro-

90 1508 92 1541 ι
151 1496 237 1565 penu
258 1489 428 1549 memoriae
449 1496 686 1568 cognoscuntur,
709 1509 780 1548 num
804 1489 855 1567 qui
868 1492 913 1549 sic
931 1489 1057 1549 effectus

151 1576 191 1646 at,
211 1571 327 1650 absque
349 1570 442 1632 dubio
465 1578 589 1651 paratus
611 1580 658 1632 est
681 1572 718 1632 de
741 1572 883 1633 omnibus
905 1571 1011 1633 dolere
1028 1583 1058 1632 et

150 1651 246 1798 littae,
268 1653 447 1734 dolebitque
468 1673 506 1714 ao
526 1654 659 1735 timebit,
692 1654 743 1714 ubi
765 1655 795 1715 in
817 1655 949 1721 futurum
970 1674 1058 1716 reve·

213 1737 331 1799 fuerint.

211 1819 295 1881 (fave
319 1838 396 1900 ergo
418 1822 447 1881 iu
470 1821 684 1881 contritionem
713 1828 797 1881 tuam
820 1819 974 1899 confidas,
1006 1827 1060 1880 sut

148 1899 225 1963 icturi
257 1913 311 1964 tuo
347 1903 462 1963 tribues
488 1904 701 1965 remissionem
729 1909 937 1983 peccatorum.
988 1903 1056 1962 Non

147 1987 251 2066 respicit
271 1996 303 2048 te
334 1998 461 2066 propter
487 1987 684 2066 bucolicus,
714 1988 769 2047 sed
800 1993 926 2067 propter
955 1985 1058 2063 fldem,

146 2084 192 2146 qm
212 2071 300 2131 minis
324 2079 354 2130 et
377 2071 534 2149 promissis
556 2071 622 2131 eius
643 2070 808 2146 credidisti,
832 2087 912 2149 quae
929 2077 1084 2151 operatu¹

148 2153 340 2215 uiatorem
362 2154 529 2232 eiusmodi,
560 2173 599 2213 ec
627 2173 682 2234 per
711 2154 771 2213 boc
793 2172 856 2214 uun
880 2152 1057 2231 diligentiae

90 2258 93 2277 ¹
145 2245 325 2312 peecatorum
346 2236 533 2313 collectici,¹
558 2236 613 2297 sed
637 2238 755 2296 veritati
779 2237 835 2296 Dei
858 2244 889 2295 et
910 2233 981 2295 fidei
1004 2254 1057 2295 uu·

145 2325 208 2381 strue
228 2320 375 2399 debetur,
404 2319 548 2400 quidquid
580 2320 653 2381 boni
688 2320 931 2400 inpoenitentia
958 2318 1057 2379 fuerit.

145 2399 234 2465 bera
256 2405 365 2466 omnia
386 2413 456 2463 sunt
477 2422 572 2483 opere
595 2404 761 2479 etfructus‚
786 2422 866 2482 quae
880 2421 936 2462 sus
947 2409 1058 2482 sponte

146 2496 314 2567 sequautur,
337 2495 367 2548 et
389 2487 502 2547 bouum
525 2487 680 2548 homiuem
710 2505 770 2546 uon
795 2487 925 2563 fuciunt,
962 2485 1017 2545 sed
1040 2505 1059 2546 e

143 2567 210 2633 bono
239 2573 304 2632 iam
335 2588 389 2649 per
415 2570 507 2631 fidem
534 2572 669 2630 veritatis
692 2568 753 2630 Dei
779 2569 862 2629 facto
891 2566 981 2644 fiunt,
1014 2570 1059 2627 sic

138 2650 226 2715 fernus
249 2653 391 2715 aseendit
412 2655 441 2714 in
464 2655 508 2715 ira
531 2655 606 2725 eius,
624 2654 695 2732 quia
724 2654 819 2712 iratus
841 2658 963 2712 montes
985 2670 1059 2711 cou-

137 2737 228 2798 turbat
263 2744 296 2797 et
328 2737 500 2812 succendit,
533 2745 567 2798 ut
588 2737 700 2797 Psafm.
731 2739 779 2798 17.
809 2734 933 2811 dicitur,
977 2735 1061 2814 prior

134 2828 175 2881 est
193 2828 293 2881 terror
317 2822 574 2894 comminationis,
597 2822 647 2899 qui
660 2819 820 2879 succendit
840 2819 963 2897 impios,
980 2818 1060 2877 bauo

134 2900 204 2964 ides
226 2908 397 2982 acceptans
417 2903 514 2963 fumat
535 2904 727 2963 contritionis
749 2901 891 2962 nebulam
915 2910 972 2960 ctu.

211 2986 367 3049 Goutritio
400 2992 502 3046 tamen
532 2986 632 3046 minus
668 2984 820 3065 tyrannidi
849 2991 891 3044 et.
909 2983 1059 3062 quaestui,

131 3069 234 3131 sedin
257 3076 359 3130 totum
381 3069 530 3149 impietati
552 3075 583 3130 et
605 3068 751 3130 doctrinis
774 3067 985 3148 pestilentibus
1008 3084 1061 3146 pu·

131 3154 195 3215 tuit.
230 3152 395 3215 Confessio
419 3171 490 3213 vero
515 3161 545 3213 et
567 3153 737 3214 satisfactio
759 3150 903 3231 egregiae
918 3149 1062 3210 officinae

130 3235 229 3298 factae
251 3242 325 3297 sunt
346 3235 421 3295 fuori
437 3244 468 3297 et
490 3237 657 3316 potentiae.
691 3235 738 3295 De
760 3233 1061 3313 confessioneprius.

130 3318 199 3381 Non
230 3327 279 3380 est
317 3317 458 3396 dubium,
495 3319 724 3380 confessionem
759 3325 957 3397 peccatorum
992 3333 1062 3376 esse

131 3404 350 3477 necessarium,
371 3408 403 3462 et
425 3403 567 3463 divinitus
590 3401 766 3462 mandatam
789 3400 896 3462 Mattb.
917 3401 951 3463 3:
982 3401 1062 3479 Bap-

131 3486 301 3549 tirubautur
323 3485 495 3547 alnbanne
517 3487 547 3547 iu
569 3486 710 3561 Iordane,
733 3482 913 3544 coufitentes
933 3491 1061 3562 peecata

131 3588 195 3632 sna.
219 3569 244 3631 1.
265 3569 373 3630 lohan.
399 3574 431 3632 t:
460 3569 492 3630 Si
520 3569 652 3631 confessi
679 3567 823 3628 fuerimus
852 3574 981 3648 peccata
1007 3585 1059 3627 no-

185 3744 212 3808 ⁸)
232 3741 338 3795 Psafm.
359 3741 419 3798 14³.
807 3800 810 3804 ,
980 3798 984 3809 .

156 3848 253 3891 lantbert
266 3859 321 3898 opp.
335 3847 363 3890 V.
377 3845 406 3886 Δ.
420 3845 449 3886 sd
463 3845 503 3886 ref.
516 3843 567 3887 hut
580 3845 595 3888 i.
609 3856 632 3896 p.
645 3844 695 3888 Vol.
708 3844 736 3889 V.
957 3811 982 3878 6
