2392 4170
423 256 554 333 utulenta
572 273 716 334 ιοιιιιιιι.
992 273 1055 343 tto

136 447 205 510 eam
227 448 350 531 ipsimet
364 448 452 512 lateri
476 456 639 533 nugantur,
662 468 735 511 auos
761 447 921 512 aamidooa
944 448 1052 512 saltem

133 552 245 614 magua
267 553 307 594 ex
330 541 416 615 parte
438 533 612 615 spirituales
635 553 697 595 non
721 552 798 598 eoae
816 533 876 594 et
867 552 898 594 tn
912 524 1066 612 eeclesia.

133 616 190 677 nini
213 617 385 697 spirituales
407 617 476 697 aiat,
499 616 652 678 sauritioea
671 636 732 677 non
756 624 836 694 sunt,
859 623 974 678 eertum
998 624 1055 696 eat,

96 776 98 780 y
133 718 238 761 eorum
254 699 443 762 aaoritieium
472 718 534 761 non
564 699 829 780 aeclesiasticum,
852 699 911 762 aed
930 699 1053 762 menda·

129 783 213 844 aium
233 783 400 845 humanum
424 803 502 847 ease.

176 912 181 922 ’
214 887 341 951 Sextum
371 888 504 951 oifloium
532 896 579 957 eat
621 909 709 950 orare
745 907 800 970 pro
829 889 907 951 aliia:
952 888 1051 965 Quam

132 971 223 1036 foede
245 980 275 1032 et
292 972 489 1054 impudenter
510 972 560 1034 hie
581 972 732 1034 illuserint
752 971 817 1033 orbi
841 973 944 1034 larvae
976 974 1053 1034 iatae

133 1062 163 1117 et
185 1075 225 1117 ex
246 1075 320 1117 vera
341 1056 473 1119 ecelesia
495 1055 598 1118 flotam
622 1054 775 1137 quandam
788 1074 980 1137 synagogam
1000 1074 1052 1117 no·

132 1138 180 1237 bie
211 1139 353 1215 fecerint
387 1139 633 1222 indignissimum
677 1147 725 1200 eat
759 1140 885 1218 audire,
910 1138 1052 1201 Christus

132 1224 213 1284 euim
236 1221 379 1309 omnibua
407 1224 470 1285 auia
494 1223 672 1285 Christiania
695 1223 865 1284 orationem
894 1223 976 1284 illam
1001 1221 1053 1283 do-

133 1304 275 1368 mininam
298 1305 543 1384 tradiditque
571 1306 640 1368 aola
667 1307 742 1368 aa'tia
772 1304 894 1368 abunde
919 1305 1052 1386 probare

132 1396 165 1452 et
184 1388 369 1451 oouflrmttre
391 1410 566 1471 poseamus,
580 1389 794 1451 aaoerdotium
817 1409 886 1457 eoae
907 1409 999 1449 unum
1021 1396 1052 1449 et

124 1490 295 1545 oommnne
317 1472 474 1554 omnibus,
497 1493 601 1535 ruraaa
622 1473 805 1554 papistioum
844 1471 1050 1534 sacerdotium

132 1573 204 1617 eoae
224 1575 340 1618 merum
362 1556 554 1619 mendatium
570 1562 665 1625 extra
688 1556 850 1617 eeclesiam
873 1555 984 1617 Deire
1008 1575 1051 1615 er·

132 1642 250 1700 turn'et
282 1658 367 1700 mera
387 1639 579 1721 impudentia
599 1640 630 1700 in
653 1639 816 1701 eoele'aiam
840 1575 1052 1700 aubinuodue·

133 1728 206 1786 tum
249 1721 326 1784 Cum
349 1725 430 1783 enim
453 1741 542 1785 orare
562 1740 619 1803 pro
642 1723 709 1783 aliie
732 1723 770 1783 ait
801 1721 937 1784 mediare
959 1729 988 1783 et
1009 1722 1052 1782 in·

133 1803 296 1886 terpellare
318 1805 427 1881 Deum,
448 1805 707 1886 quemadmodum
731 1805 821 1867 deant
847 1805 946 1871 aolnm
969 1805 1052 1866 curi-

132 1895 214 1950 atum
235 1894 267 1950 et
287 1906 398 1949 omnen
424 1889 531 1950 fratrea
555 1889 619 1950 eiua
648 1887 911 1970 (quandoquidem
939 1897 971 1949 et
998 1887 1053 1950 Pa·
1133 1898 1135 1903 '

132 1972 231 2053 pistae
254 1969 316 2032 hou
336 1973 470 2033 maxime
500 1972 608 2033 volunt
639 1990 708 2033 eme
740 1971 941 2045 aaoerdotea
970 1970 1051 2050 quod

132 2073 189 2136 pro
207 2053 308 2116 Laioia
331 2055 509 2117 Curiatiania
531 2064 635 2133 orant,
657 2056 720 2129 imo
743 2054 792 2115 hie
813 2061 861 2116 eat
882 2054 996 2135 Dagon
1018 2054 1062 2112 il-‘

132 2137 230 2199 lorum
253 2142 285 2201 et
306 2138 390 2200 Deua
411 2140 518 2200 unione
540 2102 656 2200 ventrio
677 2123 835 2221 illorum),
867 2138 929 2221 hoo
951 2145 1052 2198 autem
1147 2174 1150 2179 »

132 2238 222 2281 orare
243 2221 385 2282 omuibus
407 2224 446 2284 ait
468 2222 667 2296 mandatum
694 2227 777 2283 oerte
800 2210 941 2282 omnibua
964 2204 1054 2282 aim'ul

132 2298 312 2365 mandatum
336 2310 383 2363 eat
403 2305 579 2372 aaoerdotio
600 2306 696 2387 longi.

216 2405 345 2469 Neaeiaa
373 2408 492 2488 itaque,
520 2429 559 2471 an
591 2412 708 2471 maiore
737 2411 787 2471 vel
813 2410 988 2492 ignorantia
1005 2408 1053 2469 vel

133 2491 304 2553 temeritate
336 2489 466 2552 larvales
498 2493 547 2553 iati
581 2491 670 2555 hniua
704 2494 852 2555 orationis
881 2490 1055 2554 dominicae

134 2575 195 2637 vim
218 2579 250 2636 et
272 2571 406 2635 oldoium
431 2592 492 2635 non
513 2574 745 2673 probaverint,
768 2576 839 2637 'dum
863 2592 931 2636 eam
955 2575 1053 2635 omni-

133 2658 191 2720 bua
225 2674 419 2718 communem
450 2662 482 2718 et
512 2658 570 2738 ipai
611 2657 841 2741 praedicarent,
885 2667 915 2720 et
952 2664 1053 2719 tamen

135 2740 243 2803 orandi
265 2739 400 2803 affinium
431 2758 488 2802 oeu
510 2739 703 2802 sacerdotale
732 2741 788 2805 eibi
816 2709 891 2804 aolia
912 2743 988 2840 ipris
1010 2758 1055 2801 ar·

135 2830 289 2906 rogarent,
311 2822 452 2886 omnibus
482 2823 548 2884 aliia
571 2822 748 2886 adimerent.
793 2823 873 2901 Quid
904 2825 985 2885 enim
1009 2831 1056 2885 eat

136 2906 251 2969 dieere.
274 2906 340 2969 Noa
362 2906 421 2968 aoli
443 2925 549 2967 eumue
571 2905 766 2980 aaoerdotea
787 2927 845 2969 roa
867 2908 941 2969 eatis
962 2907 1072 2981 Ιιιιίιιι
1107 2914 1110 2918 ’

135 2990 194 3051 ιιίιί
213 2989 268 3052 id:
293 2988 361 3051 Noa
383 2989 440 3051 aoii
468 3009 574 3051 aumuu
597 2989 761 3052 Christiani
788 2998 818 3053 et
840 3009 928 3051 orare
948 2996 1056 3088 poten·

89 3127 92 3133 .
136 3079 192 3148 tea,
213 3090 271 3135 voa
293 3079 402 3152 gentas
427 3080 474 3134 et
491 3091 552 3134 non
576 3091 680 3147 orare
702 3072 756 3135 aed
778 3073 893 3138 nostrie
912 3074 1056 3135 orationi-

135 3156 222 3219 bue
213 3156 311 3225 iuvari
332 3156 502 3236 potentes?
544 3156 661 3218 Ruraun
684 3155 755 3237 qnid
778 3163 833 3218 eat
846 3153 962 3216 dioere:
992 3156 1056 3216 Voa

136 3237 532 3321 quoqueoraredebirtia,
559 3238 808 3316 noerolium,
836 3238 963 3299 niaiid:
993 3236 1056 3301 Voa

137 3323 210 3383 aetia
232 3341 356 3403 quoque
378 3322 557 3385 aaoerdotea
580 3329 610 3383 et
639 3323 748 3384 fratrea
771 3285 893 3397 olant,
914 3328 1056 3401 potentes

137 3424 242 3499 eoram
264 3405 332 3466 Deo
354 3411 436 3468 etate
457 3425 514 3488 pro
535 3404 699 3468 omnibus?

221 3508 282 3572 Sed
304 3528 395 3591 quam
417 3511 497 3572 iusta
519 3517 567 3572 eat
594 3511 730 3574 rindiota
752 3510 841 3573 Dei
833 3529 863 3570 ru
886 3509 961 3569 iatoa
983 3507 1057 3589 abo·

139 3592 302 3656 minabilea
324 3594 483 3656 oratores?
526 3593 632 3673 ane,
662 3594 732 3657 dum
764 3594 822 3656 ooli
851 3590 957 3654 volunt
979 3609 1058 3668 erae,

138 3679 191 3760 qni
211 3695 268 3761 pro
287 3675 407 3763 populo
430 3683 534 3784 orent3
553 3675 626 3741 laeti
671 3684 743 3742 aunt
763 3674 893 3745 mirabili
922 3672 1057 3745 oonsilio
