2392 4170
370 237 533 296 Antithriatl
554 238 588 294 D.
607 239 642 296 ll.
663 240 810 295 Luthcrus.
1000 236 1062 304 135

148 393 203 456 ills
225 395 416 458 macharum
431 397 618 458 insaniarum
627 403 761 476 autores,
776 392 859 474 quod
870 413 932 456 non
947 403 1009 456 tam
1019 395 1060 456 ia-

150 479 197 557 cio,
217 485 250 538 nt
271 479 402 542 Romani
426 481 559 541 nominis
580 481 730 541 honorem
752 479 939 557 custodiam,
969 498 1060 558 quam

150 581 179 622 ne
197 563 339 642 superbia
361 565 450 624 nimis
473 563 570 640 infler,
592 571 624 624 et
637 563 746 643 dignus
764 563 835 622 mihi
849 562 964 640 videar,
987 562 1062 624 talia

153 652 202 705 tarn
224 647 362 728 pulchra,
386 655 447 707 tam
470 648 607 728 gloriosa
628 648 692 727 pati
714 666 770 726 pro
795 646 1000 707 veritateDsi.
1028 645 1061 706 Si

152 730 218 788 anim
235 742 306 793 vete
329 729 487 791 Romanus
510 731 674 811 episcopus
699 730 728 789 in
754 748 803 790 me
831 731 877 790 sic
905 731 1062 811 insaniret,

153 813 206 891 quis
225 812 359 874 Lnthero
382 832 486 874 coram
510 814 577 875 Deo
600 814 718 875 felicior
740 820 840 891 esset,
863 814 914 892 qui
938 813 1061 874 ohtam

153 896 329 957 uanllestam
353 898 512 958 veritatem
540 916 560 958 a
589 906 674 960 tanto
702 897 814 958 vertice
843 896 1061 957 damnaretur?

153 976 219 1053 Quid
239 981 320 1041 enim
341 980 392 1041 hic
415 981 583 1062 optandum
606 981 678 1042 mihi
699 981 795 1058 foret,
819 999 909 1060 qnam
933 986 966 1040 ut
987 1000 1061 1039 nun·

154 1079 229 1141 qaam
251 1063 446 1141 absolverer,
467 1065 700 1141 reconciliarer,
722 1065 966 1125 communicarer
987 1063 1062 1124 anti·

153 1144 249 1206 uasa
271 1148 320 1207 isti
343 1148 575 1224 indoctissimo,
604 1148 807 1228 impiissimo,
837 1146 1062 1209 furiosissima?

155 1226 224 1289 latix
243 1229 296 1290 illa
319 1230 394 1307 dies,
417 1231 490 1292 lelix
511 1233 565 1293 illa
588 1250 686 1311 mors,
711 1250 781 1290 cum
796 1230 908 1309 gaudio
932 1237 962 1290 et
982 1248 1062 1290 sum·

155 1330 193 1373 na
210 1315 392 1392 gratitudine
415 1315 482 1374 Deo
504 1316 673 1392 referenda,
696 1315 721 1375 si
746 1313 869 1392 quando
890 1313 954 1389 fiat,
977 1321 1010 1373 ut
1027 1313 1060 1372 in

156 1394 202 1456 ista
219 1414 313 1458 cansa
336 1416 385 1457 me
407 1399 619 1478 apprehendat
640 1407 670 1457 et
692 1397 810 1477 perdat.
834 1395 895 1457 Sed
915 1396 982 1457 aliis
1007 1395 1060 1456 des

154 1475 225 1539 laius
245 1482 378 1541 nominis
393 1481 554 1558 honorem,
569 1488 600 1542 et
619 1480 744 1560 dignum
757 1480 874 1559 quaerit
894 1480 954 1540 ista
967 1497 1061 1540 causa

155 1571 310 1642 martyrem,
334 1583 393 1644 ego
416 1567 552 1644 peccatis
575 1566 650 1624 meis
674 1565 734 1624 alia
755 1564 878 1623 meritus
900 1579 978 1624 aum.

218 1645 489 1709 Existimationem
512 1649 604 1730 igitur
626 1654 713 1707 suam
736 1648 864 1726 quisque
887 1645 999 1707 habeat
1022 1646 1061 1706 de

96 1734 98 1757 ²
153 1725 293 1806 Romania,
316 1750 387 1810 ego,
407 1734 544 1810 quisquis
562 1731 752 1791 fuerithuius
770 1728 1060 1807 bullacautor‚cum

96 1860 98 1875 .
152 1813 389 1888 poantichristo
413 1814 529 1895 habeo,
558 1822 589 1875 et
611 1821 719 1874 contra
741 1812 954 1874 antichristum
984 1813 1062 1873 haec

150 1893 253 1973 mbo,
283 1897 497 1977 redempturus
521 1899 680 1958 veritatem
703 1896 831 1974 Ohristi,
854 1895 935 1975 quod
958 1896 989 1954 in
1013 1912 1061 1954 ms

149 1973 232 2056 hait,
254 1998 349 2059 quarn
366 1981 418 2040 ille
440 1982 636 2060 exstinguere
650 1986 788 2043 conatur.
810 1978 1063 2058 Atqueprimum,

148 2062 262 2123 utnilril
293 2063 325 2122 in
356 2076 406 2124 me
439 2064 577 2124 obtineat
606 2080 645 2124 ex
674 2063 826 2138 omnibus,
853 2080 933 2142 qnae
956 2061 1062 2137 coluit,

145 2151 290 2222 protestor
312 2164 417 2207 coram
441 2147 508 2207 Deo
540 2157 569 2206 et
592 2148 725 2208 Domino
753 2151 859 2206 nostro
880 2144 954 2206 dean
978 2144 1062 2205 chri-

144 2234 190 2307 m,
212 2237 245 2291 et
267 2231 386 2289 sanctis
410 2230 528 2309 angelis
554 2231 630 2304 eius,
654 2239 685 2290 et
705 2235 772 2290 toto
795 2228 920 2304 mundo,
942 2244 990 2287 rne
1004 2228 1061 2287 dis·

144 2313 250 2373 natue
275 2314 462 2373 totocorde
489 2312 679 2375 damnationi
706 2313 795 2373 huius
819 2311 936 2389 bullae,
969 2328 1059 2388 quam

142 2394 367 2470 ttmaledico,
390 2403 422 2457 et
443 2414 598 2471 exsecror,
622 2397 704 2457 velut
732 2396 851 2457 hostem
879 2394 1061 2472 sacrilegam

142 2478 413 2558 «blasphemiam
438 2479 550 2540 Christi
582 2479 635 2541 lilii
660 2480 717 2541 Dei
747 2487 777 2539 et
798 2478 922 2538 Domini
956 2476 1061 2555 nostri,

140 2560 241 2624 lmen.
289 2560 410 2621 Deinde
431 2581 537 2623 assero
560 2570 590 2624 et
612 2563 781 2644 amplector
794 2560 906 2621 fiducia
925 2560 1060 2638 totaspi·

135 2644 202 2705 ritus
228 2645 293 2704 mei
316 2644 462 2705 articulos
493 2664 548 2724 par
570 2664 637 2707 eam
661 2646 840 2720 damnatus,
865 2641 1060 2704 asserendos·

134 2745 190 2806 qua
212 2729 394 2808 pronuncio
416 2729 558 2789 omnibus
573 2729 762 2802 Christianis,
785 2725 841 2787 sub
853 2745 955 2805 poena
965 2731 1059 2785 astor-

133 2829 188 2873 naa
210 2809 451 2888 maledictionis,
475 2818 504 2872 et
538 2813 732 2874 antichristos
749 2809 919 2886 habendos,
937 2809 1060 2888 quicun-

133 2912 190 2974 que
212 2893 320 2954 bullae
342 2897 568 2970 consenserint,
599 2911 676 2976 quos
698 2903 729 2955 et
749 2894 797 2954 his
828 2893 964 2972 scriptis,
988 2911 1059 2952 con·

131 2978 237 3038 iuncto
261 2976 336 3036 mihi
358 2979 495 3038 omnium
518 2980 638 3059 spirito,
662 2979 713 3057 qui
735 2997 809 3058 pure
832 2976 984 3037 Christum
1008 2994 1056 3037 co·

131 3066 289 3140 gnoscunt
309 3065 341 3120 et
362 3061 482 3139 nolunt,
510 3080 566 3142 pro
595 3063 725 3122 ethnicis
755 3060 855 3121 habeo
886 3066 917 3120 et
946 3060 1059 3139 devito,

132 3143 303 3205 iocundum
326 3153 524 3224 praeceptum
555 3145 691 3206 ciusdem
714 3144 838 3205 Domini
868 3145 967 3206 nostri
987 3146 1059 3205 lesu

133 3226 257 3308 (bristi,
282 3227 391 3291 Antea.
434 3228 520 3289 Haec
543 3246 610 3290 mea
632 3229 790 3289 revocatio
814 3233 901 3306 esto,
925 3246 943 3288 o
966 3227 1058 3309 bulla,

131 3328 204 3370 aare
227 3309 379 3370 bullarum
403 3310 474 3371 lilia.
556 3325 559 3330 ’

214 3393 286 3453 Hac
307 3410 377 3454 mac
397 3394 592 3455 confessione
625 3413 679 3454 seu
711 3395 934 3475 protestatione
965 3393 1056 3469 faeta,

133 3477 220 3536 cuius
245 3482 339 3535 testas
360 3495 429 3536 esse
453 3476 523 3538 volo
547 3478 739 3556 omnat,2qui
762 3477 839 3537 haec
852 3477 989 3557 legerint,
1007 3496 1057 3537 an·

131 3565 257 3638 tequam
296 3559 335 3618 ad
371 3559 578 3621 defendendos
617 3560 881 3640 declarandosque
910 3560 1058 3621 articulos

131 3640 313 3722 procedam,
336 3642 453 3722 aliquot
474 3645 660 3722 argumentis
682 3644 712 3703 in
735 3645 834 3724 ipsam
853 3643 967 3704 bullam
984 3662 1058 3702 oon·

133 3723 294 3786 tutandam
317 3726 497 3808 praeludere
519 3727 622 3805 libuit,
646 3746 775 3807 quorum
797 3729 928 3810 primum
947 3724 985 3788 ab
1015 3727 1059 3787 in·
