2392 4170
462 246 541 301 Doct.
559 245 638 303 Mart
657 245 737 304 Luth.
783 304 789 313 f
993 245 1056 314 423

135 409 220 488 virga
244 410 361 488 virgam
380 411 504 485 vorarit,
527 428 618 488 quam
642 416 756 470 temere
777 430 814 472 ea
827 412 984 492 depravet,
1006 413 1056 472 sit-

135 512 194 572 que
218 512 331 571 verum,
354 493 438 572 quod
455 496 540 572 virga
558 492 675 552 dicatur
692 495 796 572 draco,
819 498 869 575 qui
890 495 944 554 luit
961 496 1056 576 virga,

135 595 196 655 qua
218 577 437 656 consequentia
461 582 619 655 sequetur,
648 584 678 636 et
700 578 749 638 hie
770 599 882 658 panem
906 577 982 653 diet,
1005 579 1054 656 qui

134 661 222 738 panis
246 678 306 718 non
331 660 380 733 sit,
398 658 452 719 sed
475 659 584 719 inerit?
608 661 655 718 An
680 660 739 720 hoc
761 668 808 722 est
823 661 1057 741 sineScriptura

135 741 276 802 omnibus
299 742 377 801 locis
400 742 573 821 Scripturas
596 744 772 824 aptandum,
796 744 878 822 quod
901 765 961 805 uno
985 744 1055 805 loco

105 873 109 880 .
136 824 306 905 reperitur?
344 823 468 886 Scilicet
490 825 548 885 hac
569 826 758 887 Thomistica
789 829 940 907 sapientia
961 827 1056 887 fretus

136 910 179 986 sio
207 927 332 986 argues:
369 906 524 988 Scriptura
557 910 651 969 semel
683 911 769 991 dicit,
801 911 957 990 Virginem
987 929 1056 971 esse

137 998 279 1068 matrem,
303 1010 377 1071 ergo
400 998 523 1071 oportet
545 991 654 1053 rnultas
680 994 755 1053 alias
779 1013 902 1072 quoque
924 995 1056 1073 virgines

137 1094 204 1134 esse
226 1082 347 1151 matres,
371 1076 442 1134 licet
453 1071 611 1155 Scriptura
633 1076 671 1136 de
692 1078 728 1136 iis
746 1077 819 1137 nihil
841 1078 931 1152 dicat,
953 1096 1056 1155 quem·

136 1156 301 1218 admodum
318 1158 372 1218 hic
393 1158 475 1234 iacit,
497 1178 608 1238 panem
633 1179 694 1220 non
714 1179 781 1219 esse
798 1181 909 1240 panem
925 1164 1057 1239 oportet,

136 1243 206 1320 quia
232 1242 316 1319 virga
338 1261 398 1302 non
422 1249 468 1300 est
492 1244 586 1321 virga.

218 1323 269 1386 Sic
291 1334 438 1385 sexcenta
463 1327 607 1405 exempla
635 1326 762 1386 monstri
790 1326 878 1386 huius
906 1325 1057 1385 simillae

136 1407 297 1489 Scripturis
320 1408 482 1488 produces.
534 1408 682 1469 Nimirum
710 1409 855 1469 Arionem
885 1408 1002 1468 faecem
1026 1414 1057 1466 et

136 1493 285 1552 sentinam
318 1492 381 1552 olet
410 1491 458 1553 hic
487 1490 621 1552 larvatus
646 1491 820 1562 Thomista,
854 1512 924 1551 narn
954 1498 984 1551 et
1013 1489 1056 1550 illi
1135 1507 1138 1515 ·

136 1595 205 1636 cum
224 1580 402 1653 urgerentur
414 1572 577 1654 Scripturis
596 1574 797 1651 evidentibus,
820 1575 972 1635 Christum
988 1592 1058 1634 esse

138 1660 245 1736 Deum,
269 1659 327 1718 hac
348 1659 431 1738 regia
454 1665 485 1718 et
505 1659 637 1738 Anglica
658 1660 758 1718 acutis
780 1664 866 1719 tauto
889 1665 960 1717 ants
982 1666 1056 1718 tern-

98 1768 104 1777 ·
138 1762 213 1822 pore
234 1742 392 1802 dixerunt:
424 1740 560 1802 Christus
583 1743 789 1820 nuncupative
811 1750 857 1801 est
879 1740 979 1821 Deus,
1002 1737 1055 1799 sed

137 1845 198 1885 non
221 1843 308 1901 vere,
337 1824 397 1885 hoo
419 1830 480 1903 est,
510 1824 618 1885 dicitur
645 1844 698 1884 seu
724 1831 853 1886 vocatur
877 1825 973 1899 Deus,
1001 1822 1055 1883 sed

137 1928 197 1968 non
221 1909 356 1968 nascitur
378 1907 477 1988 Deus,
500 1907 657 1986 quomodo
680 1914 711 1967 et
732 1908 782 1968 hic
804 1927 901 1969 novus
924 1907 1056 1966 Ariauus

138 1991 230 2053 audet
252 1990 479 2070 blasphemare,
506 1991 587 2071 apud
612 1991 737 2051 Paulum
767 1991 825 2051 dici
849 2010 975 2069 panem,
1002 1987 1055 2047 sed

138 2097 198 2137 non
222 2094 292 2136 esse
314 2094 435 2154 panem.
470 2071 523 2136 Sic
545 2083 575 2135 et
598 2075 795 2135 Manichacus
817 2074 906 2134 facile
926 2071 1058 2132 tuebitur

138 2160 188 2217 hio
216 2159 368 2237 gloriosus
399 2165 534 2218 assertor
562 2157 848 2235 sacramentorum,
880 2157 929 2233 qui
957 2153 1057 2213 verbis

140 2242 194 2301 Dei
219 2260 282 2300 rem
305 2240 520 2301 subtraxerunt
542 2248 572 2302 et
593 2241 776 2321 phantasma
798 2238 1026 2300 substituerunt.

223 2323 362 2402 Denique
385 2331 416 2382 et
437 2343 495 2403 ego
519 2325 599 2405 regis
629 2333 693 2384 arte
722 2332 788 2382 utar
814 2323 842 2382 in
867 2341 935 2380 eum
964 2327 995 2380 et
1017 2319 1057 2379 di·

140 2426 224 2466 cam:
246 2406 434 2465 Themistica
455 2415 507 2466 tua
524 2407 823 2467 transsubstantiatio
846 2424 906 2464 uon
925 2410 981 2476 est,
1004 2401 1057 2462 sed

140 2490 249 2550 dicitur
277 2487 593 2565 transsubstantiatio,
625 2510 678 2550 seu
707 2496 752 2549 est
775 2488 881 2548 similis
904 2484 1059 2546 transsub-

138 2571 338 2633 stantiationi.
369 2568 532 2645 Quomodo
550 2592 599 2632 me
615 2572 808 2654 prohibebit?
831 2571 879 2632 An
902 2589 963 2629 non
987 2568 1059 2628 mihi

140 2658 185 2717 sic
208 2655 310 2715 licebit
335 2654 365 2712 in
395 2671 450 2712 suo
481 2660 606 2715 veterno
636 2657 759 2734 nugari,
790 2662 821 2715 ut
843 2657 908 2734 ipse
931 2658 1060 2728 nugatur

140 2742 171 2799 in
194 2736 406 2799 sincerissimis
430 2735 528 2795 verbis
551 2737 630 2797 Dei?
650 2738 751 2800 Probo
775 2744 875 2798 autem
900 2737 958 2796 sic:
981 2733 1061 2809 Quia

141 2822 237 2882 semel
260 2822 371 2900 legitur
392 2821 422 2879 in
437 2816 600 2898 Scripturis
618 2821 712 2898 Virga
733 2821 848 2899 vocari,
871 2818 953 2899 quod
977 2819 1061 2896 virga

142 2926 203 2966 nou
228 2914 284 2981 est,
306 2921 380 2983 ergo
398 2901 470 2962 mihi
484 2901 565 2982 licet,
587 2901 637 2962 ubi
660 2903 797 2979 voluero,
819 2904 899 2962 intus
922 2910 953 2960 et
975 2907 1062 2960 extra

142 2989 330 3067 Scripturas,
359 2987 523 3047 autoritate
550 2985 673 3064 propria
701 2984 827 3046 alicuius
855 3005 968 3065 negare
991 2982 1061 3043 sub·

142 3072 284 3132 stantiam
308 3081 337 3129 et
353 3087 490 3130 asserere
510 3068 607 3128 solam
626 3070 894 3147 nuncupationem,
918 3069 973 3128 nisi
988 3066 1061 3127 tanti

144 3156 245 3234 Regis,
268 3163 328 3214 tam
351 3151 541 3226 Themistici,
564 3157 625 3209 tarn
648 3149 777 3223 subtilis,
801 3155 861 3210 tarn
884 3150 1009 3231 gloriosi
1027 3157 1064 3209 et

143 3236 335 3316 gloriabundi
358 3236 520 3296 assertoris
544 3232 719 3313 exemplum
743 3240 774 3292 et
796 3235 966 3293 autoritatis
990 3231 1062 3293 nihil

145 3320 253 3380 valeat.

227 3401 320 3462 Vides
344 3420 428 3480 ergo,
450 3401 557 3480 lector,
580 3419 672 3480 quarn
695 3397 801 3460 similis
818 3397 857 3456 sit
875 3395 931 3455 sibi
953 3396 1064 3476 ubique

145 3494 175 3547 et
197 3483 331 3562 undique
352 3484 542 3544 Thomistioa
568 3484 736 3564 sapientia,
763 3479 926 3541 rudissima
953 3479 1007 3539 illa
1034 3485 1065 3541 et

144 3570 264 3630 asinina
280 3566 415 3628 ruditas?
438 3567 621 3646 Perpetuum
639 3575 687 3629 est
700 3566 780 3626 enim
793 3562 1063 3625 insulsissimorum

145 3652 359 3733 sophistarum
382 3649 503 3723 vitium,
526 3656 558 3709 ut
580 3651 760 3731 principium
784 3653 907 3729 petant,
931 3650 962 3706 et
983 3644 1065 3724 quod

146 3735 278 3816 probare
312 3732 446 3813 debent,
490 3731 653 3812 probatum
696 3752 767 3795 esse
806 3732 1065 3814 praesupponaut.
