2392 4170
448 270 579 334 ministris
596 272 740 339 mesine.
831 212 867 290 ·¹
994 267 1057 342 531

135 449 313 514 convocetis
335 452 366 511 et
388 444 641 528 convenientibus
671 445 780 524 libere,
811 464 939 527 quorum
963 438 1059 507 corde

133 535 218 597 Dens
240 533 390 615 tetigerit,
427 539 461 592 nt
480 531 639 593 vobiscum
668 530 749 592 idem
771 531 906 592 sentiant
927 536 959 591 et
978 531 1058 610 sspi-

134 625 196 693 snt,
219 615 393 699 procedetis
421 617 451 676 in
474 616 599 676 nomine
623 615 817 691 Domini„et
840 614 948 694 eligite
967 632 1057 693 quem

135 708 165 763 et
186 720 264 782 quos
287 699 460 778 volueritis,
482 699 534 779 qui
558 697 643 779 digni
672 704 703 758 et
731 696 834 759 idonei
858 698 915 758 visi
937 697 1058 778 inerint,

135 793 197 847 tum
218 784 370 866 impositis
393 802 485 863 super
513 801 568 843 eos
591 782 730 842 monibus
751 781 898 855 illorum,
928 779 979 862 qui
1003 799 1058 860 po·

134 870 229 930 tiores
250 871 328 928 inter
350 885 407 927 vos
428 866 548 944 fuerint,
572 863 759 926 confirmetis
782 871 813 926 et
836 863 1058 926 commendetis

134 971 189 1013 eos
211 950 327 1033 populo
362 957 393 1011 et
424 949 575 1012 ecclesiae
604 967 659 1010 seu
693 948 903 1022 universitati,
936 948 1058 1026 sintque

133 1035 206 1097 hoc·
224 1035 292 1116 ipsc
328 1035 422 1095 vestri
455 1033 619 1114 Episcopi,
657 1032 784 1093 ldinistri
820 1050 874 1093 seu
904 1030 1059 1107 Pastores,

135 1117 244 1192 Amen,
287 1115 367 1182 Nem
406 1117 513 1198 qusles
541 1117 655 1198 eligere
682 1112 856 1197 oporteat,
872 1112 965 1176 docet
985 1115 1059 1175 setis

135 1200 248 1264 Peulus
267 1201 327 1263 Tit.
351 1203 380 1283 1,
404 1202 431 1265 1.
453 1199 587 1264 Timoth.
609 1201 638 1265 3.

216 1319 312 1380 Hanc'
325 1319 484 1380 electionis
509 1317 639 1379 formem
671 1334 734 1376 non
756 1320 830 1395 puto
854 1307 1059 1376 neeessariam

133 1403 250 1464 stetim.
266 1401 332 1463 fieri
365 1403 457 1462 totius
490 1401 636 1462 Boemiae
666 1396 879 1459 communibus
918 1399 1060 1473 comitiis,

134 1485 188 1546 ssd
211 1483 392 1559 seorsumll
419 1485 451 1544 in
473 1482 602 1563 singulis
624 1482 796 1544 civitatibus
819 1501 921 1557 suern,
944 1487 977 1541 ut
999 1500 1060 1541 unn
1115 1476 1120 1485 ’

131 1567 256 1630 alterius
287 1572 432 1648 sequatur
467 1566 653 1648 exemplum.
696 1563 732 1626 In
765 1565 897 1626 comitiis
926 1562 1002 1628 uero
1028 1564 1060 1624 id

133 1651 183 1732 egi
207 1649 312 1729 debet,
345 1669 385 1711 sn
407 1651 466 1710 ista
491 1650 590 1711 forme
618 1650 674 1711 toti
697 1649 845 1710 Boemise
867 1646 1062 1729 soceptsnde

135 1734 192 1809 sit,
227 1733 277 1794 vel
298 1736 324 1796 si
346 1753 416 1813 pers
438 1751 505 1794 eem
535 1737 698 1812 acceptare
711 1738 752 1793 et
772 1751 851 1812 pars
865 1729 986 1792 differre
1008 1737 1061 1791 eut
1087 1785 1089 1789 Α

134 1817 165 1877 in
186 1821 286 1879 totum
308 1817 450 1877 omittere
471 1815 562 1894 velit,
584 1834 655 1876 nem
678 1815 753 1875 nulli
776 1813 906 1897 cogendi
929 1813 1059 1874 suntad

134 1896 238 1980 fldem,
260 1898 315 1962 sed
336 1899 453 1980 spiritui
468 1896 708 1961 sonetodeudus
732 1905 778 1958 est
798 1897 885 1958 locus
907 1897 1062 1972 ethonor,

134 1988 169 2045 ut
189 1984 284 2064 spiret
311 1982 362 2045 ubi
390 1981 465 2044 vult.
507 1982 616 2061 Neque
637 1982 717 2041 enirn
741 2000 813 2061 spes
835 1987 897 2049 est,
929 1986 962 2041 ut
982 1980 1062 2041 haec

135 2066 291 2147 omnibus,
326 2066 436 2129 saltem
460 2065 561 2137 subito
583 2063 736 2146 placeant.
777 2063 847 2128 Nec
866 2061 898 2124 id
920 2083 978 2125 vos
997 2082 1061 2126 mo·

134 2168 208 2210 vere
229 2149 334 2230 debet,
367 2151 392 2211 si
426 2169 489 2211 non
528 2149 664 2210 omnium
692 2145 773 2209 idem
808 2148 847 2209 sit
880 2165 1062 2225 consensus,

127 2231 196 2292 ‘inno
218 2230 280 2292 hoc
300 2251 426 2293 movere
448 2232 549 2311 debet,
572 2238 606 2291 ut
627 2231 725 2312 magis
748 2229 904 2306 audentis,
926 2231 952 2290 si
975 2229 1060 2291 multi

135 2332 197 2393 non
220 2314 422 2375 consentient.
466 2313 545 2374 Setis
574 2321 622 2374 est
649 2316 747 2392 primo
777 2313 920 2394 exemplo
944 2322 1061 2394 paucos
1101 2374 1104 2378 ,

133 2398 177 2458 ite
197 2397 349 2478 incipere,
386 2395 437 2475 qui
461 2401 570 2472 postea
597 2415 654 2454 usu
685 2403 716 2456 et
747 2416 891 2458 successu
915 2398 1062 2477 temporis
1140 2464 1142 2468 ,

135 2485 232 2542 totam
255 2478 477 2541 multitudinem
500 2478 539 2540 ed
561 2497 651 2551 suum
672 2479 832 2560 exemplar
852 2479 993 2540 invitent.

217 2596 276 2659 Ubi
298 2614 372 2657 veno
394 2596 566 2676 profecerit,
588 2591 725 2656 Domino
738 2600 896 2678 operante,
919 2595 1062 2677 opus„ui

134 2679 248 2741 multus
270 2679 408 2740 civitates
437 2679 499 2740 hoc
532 2676 626 2738 modo
643 2677 817 2758 Episcopos
839 2697 913 2738 suos
937 2679 1062 2758 eligent,

112 2768 199 2823 tum
221 2762 357 2843 poterint
379 2761 525 2841 Episcopi
546 2760 606 2839 illi,
627 2762 652 2820 si
672 2760 776 2840 velint,
796 2758 877 2821 inter
898 2779 968 2821 sese
990 2779 1062 2821 cou-

134 2846 239 2905 veuire
262 2851 294 2905 et
315 2863 407 2904 unum
430 2843 479 2904 vel
502 2844 603 2923 plures
626 2861 667 2902 ex
688 2862 758 2904 sese
780 2843 903 2924 eligere,
927 2845 978 2923 qui
1000 2863 1063 2905 me·

133 2928 216 2989 iores
237 2927 359 2988 illorum
372 2928 441 3003 sint,
462 2925 493 2987 id
516 2933 572 3006 est,
595 2927 647 3004 qui
668 2927 727 2986 illis
750 2927 921 2986 ministrent
943 2933 973 2987 et
994 2925 1062 2986 visi-

134 3015 199 3070 tent
219 3009 308 3090 illos,
343 3009 423 3070 siout
444 3009 550 3070 Petrus
584 3009 721 3071 uisitauit
753 3008 900 3071 ecclesiss
923 3010 954 3069 in
976 3010 1063 3069 Actis

129 3087 372 3174 Apostolorum,
407 3091 508 3153 donec
529 3091 658 3152 Boemie
689 3090 796 3153 redeat
821 3089 862 3153 sd
893 3092 1063 3173 legitimum

134 3195 237 3237 rursus
265 3181 295 3235 et
325 3174 536 3256 evangelicum
561 3172 890 3257 Arehiepiscopetum,
928 3177 1063 3255 quinon

134 3258 236 3319 multis
259 3256 402 3319 censibus
425 3264 456 3318 et
483 3257 659 3334 ditionibus,
681 3259 735 3320 sed
764 3258 866 3320 multis
888 3257 1063 3322 ministeriis

134 3347 165 3400 et
186 3339 344 3402 visitandis
368 3341 506 3402 ecclesiis
530 3340 615 3401 dives
638 3342 702 3420 sit..
928 3410 930 3415 λ
963 3356 969 3363 “

218 3421 307 3501 Quod
329 3424 354 3483 si
368 3425 493 3486 omnino
514 3422 697 3485 infirmiores
710 3419 798 3504 'estis,
823 3429 960 3505 quemut
981 3423 1063 3484 hunc

133 3505 261 3568 liberum
295 3511 325 3566 et
347 3507 552 3586 apostolieum
575 3507 666 3568 ritum
696 3507 880 3569 instituendi.
899 3505 1062 3569 sacerdotii

205 3705 238 3777 1)
257 3705 289 3760 In
307 3703 351 3761 ed.
371 3705 441 3761 len:
461 3666 585 3762 seorsim.

783 3728 864 3850 w
