2392 4170
431 269 516 332 Missa
534 268 644 345 privata
661 269 697 330 D.-
714 272 751 332 hi.
768 272 797 329 h.
1016 269 1078 340 143
1141 364 1145 369 .

156 453 235 510 tates
258 455 288 509 et
310 449 406 508 status
418 442 557 506 iecerunt
574 445 659 526 impii
677 450 709 505 et
723 441 910 503 schismatici
925 443 1078 508 hominos.

154 530 268 594 Paulus
291 532 367 592 alias
389 528 481 587 etiam
504 529 750 610 dispensatores,
778 526 933 589 ministros
955 528 1077 610 Christi,

154 634 262 677 servos
285 614 362 690 Dei,
394 613 589 690 praepositos
617 619 718 673 vocat.
761 609 847 670 Haec
878 613 953 672 satis
982 611 1076 675 modo

156 700 219 760 sint
240 699 278 759 de
300 696 395 776 impio
418 693 539 755 illorum
573 695 767 774 sacerdotio,
798 693 949 756 sacrificio
972 704 1003 757 et
1024 697 1077 757 mi·

155 784 292 845 nisterio.
336 781 384 841 Ex
406 777 516 857 quibus
539 785 614 860 puto
647 781 729 859 piam
752 779 973 853 conscientiam
1002 780 1076 840 satis

156 868 316 943 eruditam,
339 871 382 942 ut,
404 865 429 922 si
452 880 485 923 se
509 863 611 923 videat
633 881 695 924 non
719 879 788 922 esse
814 861 845 920 in
868 852 1006 944 iegitimo
1028 882 1076 924 sa·

153 949 291 1010 cerdatio
314 947 474 1024 ecciesiae,
497 964 587 1026 quam
611 947 755 1007 ocissime
765 949 863 1025 ponat
883 945 944 1008 hoc
964 948 1076 1008 satani-

153 1052 221 1093 cum
245 1030 459 1100 sacerdotium,
483 1039 513 1089 et
535 1029 584 1090 vel
611 1035 697 1089 curet
730 1047 804 1090 vero
826 1029 993 1091 ministerio
1012 1032 1075 1112 epi·

152 1118 238 1196 scopi
260 1123 314 1176 aut
334 1113 456 1175 diaconi
468 1112 594 1192 initiari,
617 1120 670 1172 aut
690 1131 809 1172 rursum
831 1112 917 1174 laicis
944 1113 1074 1177 similem

152 1201 245 1261 vitam
269 1196 510 1280 apprehendere,
532 1214 588 1276 pro
610 1195 796 1257 stercoribus
817 1194 922 1258 habito
943 1197 998 1258 illo
1021 1197 1074 1258 fio·

152 1284 218 1344 titio
254 1283 430 1342 charactere
457 1287 487 1341 et
509 1281 579 1340 oleo
607 1288 639 1339 et
659 1298 730 1341 raso
760 1279 872 1340 vertice
900 1287 932 1340 et
963 1282 1075 1342 vestitu

151 1366 323 1447 pharisaico
364 1366 490 1424 istorum
528 1362 732 1426 sacerdotum.
783 1361 853 1422 Non
882 1365 963 1424 enim
993 1363 1072 1446 Deo,

151 1450 205 1510 sed
229 1449 363 1510 Satanae
386 1445 532 1507 sacerdos
553 1453 616 1527 est,
645 1448 694 1526 qui
724 1445 875 1507 eiusmodi
897 1454 953 1508 est.
995 1445 1072 1509 Ideo

151 1552 209 1593 nec
232 1532 310 1610 Deo,
332 1531 386 1592 sed
410 1530 543 1591 Satanae
565 1532 697 1610 pegigit,
719 1531 745 1590 si
767 1529 839 1609 quid
860 1531 992 1612 pepigit,
1023 1532 1073 1591 cni

151 1616 269 1677 nullum
293 1621 416 1696 pactum
440 1614 554 1674 servari
575 1621 702 1694 potest,
739 1614 798 1674 nisi
830 1613 928 1676 violes
949 1620 1074 1695 pactum

149 1700 206 1761 Dei
227 1700 367 1764 viventis.
561 1745 564 1751 f

232 1782 358 1855 lactent,
374 1782 516 1862 Papistae
538 1799 609 1840 suas
639 1779 750 1861 longas
776 1779 881 1841 hastas
909 1786 940 1841 et
962 1781 1071 1843 breves

147 1868 309 1948 pugiones,
331 1864 415 1946 quod
436 1864 542 1925 Patres
564 1883 670 1925 eorum
693 1882 734 1924 cx
746 1862 858 1943 Spiritu
881 1872 989 1926 sancto
1012 1872 1071 1927 sta·

148 1952 261 2011 tuerint
282 1951 337 2011 has
360 1967 491 2030 pompas
514 1954 545 2008 et
567 1947 676 2010 larvas.
703 1947 768 2009 Nos
791 1956 898 2008 contra
919 1950 1070 2011 iactamus

147 2032 318 2116 Scripturas
340 2039 480 2110 sanctas,
513 2033 586 2092 certi
610 2031 692 2112 quod
714 2029 844 2112 Spiritus
866 2041 990 2093 sanctus
1012 2031 1072 2096 sihi

145 2119 205 2198 ipsi
228 2138 289 2178 non
314 2117 505 2196 contradicit,
527 2134 586 2176 nec
607 2115 795 2179 adversatur.
827 2115 895 2176 Non
919 2117 1000 2177 enim
1024 2122 1072 2179 ast

147 2200 231 2261 Deus
259 2202 485 2278 dissensionis,
529 2198 584 2260 sed
616 2201 701 2279 pacis
737 2207 770 2259 et
803 2201 939 2263 unitatis.
990 2201 1068 2262 Oum

143 2293 244 2345 autem
268 2285 373 2347 omnia
400 2303 505 2344 eorum
530 2283 801 2343 monstraverimus
829 2302 899 2345 esse
920 2283 1067 2346 adversus

143 2367 202 2428 Dei
220 2368 393 2448 Scripturas
416 2368 584 2442 evidenter,
606 2386 667 2426 non
680 2373 771 2426 antea
785 2367 945 2429 credemus
960 2386 1067 2430 eorum
1094 2368 1095 2372 ’

141 2459 231 2532 gesta
253 2472 292 2513 ex
315 2452 427 2531 Spiritu
449 2455 557 2510 sancto
581 2467 665 2528 esse,
687 2467 779 2529 quam
802 2449 977 2530 docuerint,
1000 2451 1067 2533 Spi-

140 2536 231 2595 ritum
255 2544 394 2597 sanctum
418 2534 474 2594 sihi
497 2535 555 2612 ipsi
578 2536 763 2594 contrarium
798 2551 867 2593 esse
894 2542 948 2594 aut
969 2535 1067 2617 Scrip-

141 2625 225 2679 turas
262 2638 334 2679 suas
368 2636 543 2679 revocasse.
588 2615 707 2676 Deinde
729 2616 916 2677 convincant
943 2636 1000 2678 sua
1027 2637 1066 2680 ax

140 2700 255 2783 Spiritu
277 2710 385 2764 sancto
398 2720 477 2780 esse,
500 2701 577 2761 sicut
600 2718 657 2761 uos
680 2701 891 2760 convincimus
906 2718 946 2760 ex
964 2700 1065 2783 Scrip-

139 2787 231 2864 tnris,
264 2791 369 2847 nostra
408 2806 448 2847 ex
474 2785 587 2865 Spiritu
621 2790 729 2845 sancto
758 2802 836 2845 esse.
899 2783 1003 2844 Bullas
1035 2793 1067 2848 et

139 2869 292 2951 ampullas
314 2870 471 2931 hominum
500 2868 739 2946 contemnimus,
762 2867 936 2948 Scripturas
957 2871 1066 2930 verita·

139 2961 202 3014 tem
225 2954 390 3015 adoramus
413 2960 444 3013 et
462 2969 654 3031 reveremur,
682 2970 774 3032 quam
801 2952 828 3011 si
849 2951 908 3032 ipsi
930 2957 1066 3013 contem-

138 3045 236 3116 nunt,
271 3039 415 3115 valeant,
449 3043 480 3097 et
507 3035 565 3096 soli
592 3035 723 3096 adorent
752 3054 824 3097 suas
845 3034 961 3098 Bullaa.
1005 3034 1065 3112 Qui

139 3139 202 3199 non
226 3129 273 3182 est
294 3141 437 3198 mecum,
460 3122 501 3181 ait
523 3119 686 3199 Christus,
714 3127 823 3180 contra
850 3138 900 3179 ma
928 3127 991 3194 est3
1021 3125 1065 3181 ita

138 3223 196 3265 nos
219 3204 372 3265 dicimus:
396 3203 486 3280 Quod
509 3222 572 3263 non
594 3211 642 3265 est
663 3222 731 3264 curn
755 3203 931 3283 Scriptura,
956 3211 1065 3266 contra

137 3287 328 3369 Scripturam
352 3296 406 3350 est.
433 3288 473 3348 At
495 3288 679 3367 sacerdotia,
702 3285 862 3365 sacrificia,
885 3288 1064 3368 ministeria,

136 3373 335 3453 episcopatus
358 3390 463 3432 eorum
487 3391 549 3432 non
571 3382 642 3431 sunt
662 3390 730 3432 curn
753 3370 919 3451 Scriptura,
940 3379 974 3431 ut
994 3391 1063 3452 pro·

137 3454 287 3538 bavimus,
311 3474 439 3516 necesse
461 3463 508 3516 est
530 3473 604 3536 ergo
626 3462 735 3516 contra
756 3453 928 3535 Scripturas
950 3473 988 3516 aa
1008 3475 1064 3538 per

135 3538 198 3600 hoa
226 3547 333 3601 contra
361 3539 460 3601 Deum
489 3558 568 3602 csse.
611 3539 653 3600 At
682 3547 790 3601 contra
821 3539 920 3601 Deum
948 3541 1063 3621 vivers,

135 3623 204 3704 quis
226 3623 316 3684 nobis
339 3622 556 3705 persuadebit?

218 3705 298 3768 Vide
318 3708 423 3788 itaque
440 3707 574 3769 Satanae
595 3709 738 3769 astutiam
752 3708 783 3769 in
796 3707 929 3770 ecclesia
940 3714 1062 3773 vasuh·

132 3788 197 3873 da,
230 3808 326 3873 quam,
357 3791 484 3876 pulchra
513 3792 642 3855 servatis
678 3793 853 3858 nominihus
883 3795 1060 3880 sacerdotii,
