2392 4170
134 215 176 288 96
488 218 582 278 Ludus
599 216 712 277 Luthari

134 394 180 455 sic
202 388 380 470 intelligitur
397 389 501 450 Moses
524 390 647 470 quando
671 391 757 451 dicit:
779 389 849 467 Non
864 387 1055 472 faciasquod

131 483 249 538 rectum
272 473 371 538 estin
395 474 492 532 oculis
515 476 589 555 tuis,
613 476 685 553 quia
706 473 749 532 ihi
770 475 896 536 verbum
928 485 987 537 est
1007 494 1055 537 ca·

133 561 214 642 pitur
234 578 290 640 pro
315 553 409 616 verbo
439 557 611 618 videtur.
654 557 727 616 Alio
755 557 848 621 modo
876 560 1057 639 simpliciter
1082 555 1085 561 ’

135 643 288 724 capiendo
311 638 435 702 verbunr
459 649 518 700 est
540 641 730 700 substantive
752 642 781 698 in
805 651 945 705 snoaotu
969 662 1054 704 exer-

134 727 239 805 citato,
261 732 292 786 et
314 725 358 784 sic
379 741 441 783 non
464 724 578 803 accipit
594 724 706 800 Moses,
729 724 799 802 quia
821 726 867 784 sic
887 727 968 804 quod
992 746 1055 786 rec·

133 814 197 869 tum
228 817 274 869 est
301 810 331 868 in
360 806 456 866 oculis
480 807 710 886 Magistrorum,
738 809 879 885 honest,
900 807 1057 870 definitive

104 930 107 934 ·
132 892 309 955 tenendum.
975 924 978 929 =

217 974 309 1035 Aliud
337 970 480 1049 dubium,
509 970 603 1032 isaias
636 972 724 1032 dicit:
759 972 851 1034 Dabo'
876 972 956 1035 tilios
985 988 1056 1037 tuos

133 1060 293 1119 universos
315 1056 544 1132 theodidaotos,
575 1054 604 1114 id
635 1063 702 1135 est,
731 1056 840 1116 doctos
862 1054 886 1115 'a
909 1059 1053 1123 Domino.

133 1140 173 1201 Et
195 1142 305 1202 Paulus
328 1139 415 1199 dicit:
440 1138 611 1218 Spiritualis
634 1140 738 1199 omnia
759 1139 881 1202 iudicat.
910 1141 970 1202 Sed
993 1145 1055 1203 ianr

51 1229 55 1235 “
133 1244 196 1285 non
219 1225 320 1285 solum
332 1223 468 1301 Magistri
491 1222 587 1281 nostri
609 1224 679 1280 siant
702 1222 754 1281 filii
777 1222 929 1284 ecclesiae
952 1233 983 1284 et
996 1228 1056 1305 spi-

132 1309 267 1369 rituales.
310 1306 350 1365 Mt
372 1306 508 1365 Christus
538 1304 625 1364 dicit:
656 1304 751 1363 Erunt
779 1323 885 1367 omnes
907 1306 1056 1370 docibiles

133 1392 202 1454 Dei.
243 1389 447 1450 turicremas
471 1387 558 1465 dicit,
581 1387 664 1465 quod
687 1407 747 1448 non
771 1388 895 1450 docebit
925 1393 971 1451 vir
998 1391 1056 1452 lra-

134 1481 212 1535 trem
234 1492 339 1552 suum,
362 1488 470 1531 omnes
503 1474 583 1529 enim
606 1472 704 1530 soient
727 1491 785 1549 me,
814 1474 885 1551 quia
907 1493 966 1554 ego
989 1475 1057 1555 ipse

133 1559 264 1618 scribam
286 1557 387 1635 legem
409 1573 508 1613 meam
541 1555 571 1612 in
594 1554 739 1613 cordibus
769 1573 873 1616 eorum
904 1565 961 1618 eto.
1006 1558 1057 1619 Mx

17 1643 20 1647 ’
134 1641 243 1721 quihus
278 1646 383 1720 posset
411 1637 521 1715 aliquis
544 1645 668 1716 putare,
691 1636 774 1715 quod
805 1640 896 1699 etiam
926 1640 1056 1719 quilibet

133 1724 247 1803 laicus,
275 1724 300 1781 si
325 1724 371 1782 est
402 1719 483 1780 iilius
506 1720 656 1779 ecclesiae
678 1729 709 1780 et
730 1722 914 1802 spiritualis,
947 1734 1056 1803 posset

132 1806 267 1867 iudicare
302 1805 340 1865 de
372 1801 524 1864 omnihus.
566 1802 838 1883 Respondetur¹):
873 1806 967 1867 isaias
1001 1827 1057 1887 per

132 1889 348 1952 theodidactos
373 1887 515 1965 intelligit
542 1886 705 1966 Magistros
733 1905 840 1948 sacrae
868 1889 1054 1970 theologiae.

133 1973 173 2034 Et
194 1973 305 2033 Paulus
328 1991 382 2052 per
402 1969 573 2049 spirituales
595 1968 738 2050 intelligit
757 1970 885 2032 clericos
917 1991 971 2033 seu
994 1984 1055 2034 sta·

132 2063 196 2118 tum
219 2055 429 2137 spiritualem,
462 2054 492 2112 in
516 2071 577 2132 quo
600 2052 737 2132 Magistri
765 2056 861 2116 nostri
884 2064 954 2116 sunt
976 2059 1055 2137 prin-

132 2139 258 2221 cipales.
303 2137 353 2198 Sic
375 2143 406 2196 et
428 2136 566 2196 Christus
588 2156 642 2215 per
664 2137 811 2198 docibiles
830 2138 890 2199 Dei
912 2141 1057 2221 intelligit

133 2222 320 2300 theologos,
354 2220 471 2297 idest,
500 2238 606 2278 sacrae
637 2220 811 2300 theologiae
845 2221 1052 2301 Professores,

135 2307 186 2386 qui
221 2304 335 2365 habent
365 2304 553 2383 Liripipium.
598 2301 676 2377 Quia
710 2304 872 2384 theologus
902 2305 1013 2366 dicitur
1035 2327 1055 2367 a

135 2388 232 2470 theos,
255 2387 336 2468 quod
359 2396 415 2466 est,
439 2387 533 2465 Deus,
556 2394 586 2445 et
608 2386 717 2465 logos,
740 2389 769 2447 id
794 2400 838 2448 est
862 2391 960 2467 ratio,
983 2393 1056 2470 quia

52 2513 60 2523 -
136 2472 226 2532 debet
248 2474 286 2531 de
299 2472 365 2531 Deo
388 2489 443 2551 per
465 2471 617 2529 dictamen
631 2472 758 2546 rationis
781 2473 927 2532 naturalis
941 2472 1054 2534 docere

135 2562 165 2616 et
190 2555 386 2636 respondere.
430 2552 516 2614 Sicut
546 2552 651 2612 Petrus
683 2553 770 2614 dicit:
804 2556 903 2614 Parati
931 2575 1054 2636 semper

133 2639 261 2700 reddere
283 2640 432 2698 rationem
458 2637 506 2711 tid
530 2642 586 2713 est,
604 2637 755 2698 dictamen
772 2639 925 2715 naturale)
952 2639 991 2701 de
1005 2659 1053 2717 eu,

133 2740 213 2802 quae
235 2724 265 2781 in
289 2721 376 2782 vobis
399 2727 457 2800 est,
478 2718 539 2779 fide
561 2727 592 2780 et
613 2740 678 2801 spe.

217 2805 249 2867 Si
280 2811 381 2866 autem
413 2804 592 2883 replicatur,
627 2805 722 2864 isaias
746 2805 838 2883 dicit,
868 2802 995 2882 Omnes,
1022 2814 1055 2866 et

134 2887 281 2968 Christus,
304 2889 439 2965 Omnes,
464 2895 494 2946 et
515 2885 709 2971 Ieremia-⁸²),
732 2889 839 2948 Nullus
853 2889 975 2948 docebit
997 2887 1054 2949 lra-

133 2979 209 3034 trem
232 2992 344 3051 suum,
380 2970 552 3049 exquibus
581 2972 645 3030 vult
667 2971 801 3054 sequi³),
831 2971 915 3050 quod
944 2990 1053 3033 omnes

135 3056 299 3116 Christiani
322 3065 391 3114 sunt
405 3055 542 3133 Magistri
564 3074 671 3114 sacrae
692 3057 867 3134 theologiae
885 3056 1054 3136 iiripipiati,

133 3147 187 3200 aut
218 3139 300 3219 quod
333 3158 395 3198 non
424 3140 481 3198 soli
505 3139 640 3218 Magistri
664 3151 793 3217 possunt
814 3140 964 3214 iudicare,
998 3140 1053 3199 sed

133 3241 241 3284 omnes
270 3223 321 3301 qni
348 3222 475 3282 credunt
508 3229 537 3280 et
570 3223 706 3300 spiritum
736 3241 918 3280 adsensum
944 3221 1055 3283 Christi

133 3304 263 3383 hahent,
292 3313 323 3365 et
345 3306 404 3365 illis
428 3314 474 3365 est
501 3305 705 3385 credendum,
739 3305 963 3384 respondetur:
995 3309 1055 3365 ista

132 3390 210 3449 ratio
239 3397 286 3447 est
314 3388 403 3448 vaide
426 3388 585 3467 taediosa,
614 3397 769 3448 ettamen
799 3408 862 3448 non
885 3389 1052 3469 concludit,

133 3490 193 3552 ego
225 3479 327 3532 autem
356 3473 393 3536 Ι),
415 3473 559 3532 Decanus
597 3471 700 3532 darem
730 3471 886 3531 dimidium
916 3471 1053 3554 Liripipii

205 3679 236 3748 1)
258 3680 289 3733 ln
318 3677 361 3734 ed.
390 3678 461 3734 len:
491 3676 723 3748 Respondaretur.
778 3674 810 3744 2)
844 3676 873 3730 In
899 3674 944 3730 sd.
969 3672 1053 3745 orig:

132 3750 294 3811 Hieremias.
332 3750 606 3821 3)1t›rn.:seqaere.
644 3751 672 3817 4)
693 3748 776 3802 thiu:
800 3758 878 3802 extra
902 3748 1052 3805 misissent.
