2392 4170
1016 52 1026 86 l

448 236 597 294 Christiani
612 236 724 319 Bysri.
988 237 1050 304 225

132 410 346 490 Augustiniani
365 429 441 469 suae
454 411 625 471 sententiae
637 409 747 489 fontes,
762 415 943 488 argumenta
960 410 1050 471 ratio·
1126 420 1130 428 '

132 512 266 572 numque
278 500 434 553 momenta
456 500 525 571 post
538 491 661 553 biduum
677 492 862 553 Doctoribus
882 493 1052 573 perscripta

132 577 285 652 offerrent,
310 595 469 654 quaecum
485 576 719 655 perpendissent
731 575 915 656 diligentius,
931 596 964 636 se
981 594 1049 637 oum

131 663 205 739 ipsis
227 659 394 719 collaturos
417 678 495 736 esse,
525 679 627 719 verum
661 659 719 719 hae
741 659 929 738 conditione,
950 666 984 718 ut
1005 660 1050 719 in-

132 751 216 803 terea
238 763 257 802 a
279 745 446 801 mutatione
469 744 664 805 abstinerent.

215 825 300 886 Haec
321 835 482 904 postquam
506 827 550 884 sic
572 837 640 885 acta
665 831 744 903 sunt,
767 825 858 884 iidem
882 824 994 885 delecti
1015 824 1052 885 li·

132 896 205 970 teris
225 910 288 969 suis
312 908 375 970 Cel.
397 909 493 987 ipsius
504 927 613 968 causas
626 909 744 987 aliquot
755 907 1050 987 Augustinianorum

133 993 302 1052 sententiae
325 1002 354 1050 et
376 1011 436 1051 una
458 1011 542 1051 soom
563 991 814 1052 deliberationem
845 997 1053 1071 exposuerunt

132 1095 170 1135 ae
181 1077 211 1134 in
223 1075 355 1155 Epilogo
370 1077 551 1154 petiverunt,
567 1068 598 1133 ut
611 1074 674 1134 Oel.
687 1076 793 1154 ipsius,
817 1076 898 1154 quod
923 1076 1051 1154 principi

133 1159 306 1219 Christiano
330 1158 454 1238 dignum
478 1165 533 1233 est,
556 1157 616 1217 hoc
638 1161 793 1238 negotium
825 1160 904 1218 serio
940 1175 1050 1238 urgere

132 1242 424 1322 profanationesque
447 1241 558 1301 Missae
579 1242 609 1300 in
637 1242 751 1300 ditione
770 1259 807 1299 ac
824 1241 976 1301 territorio
993 1258 1049 1301 suo

134 1345 225 1404 quam
248 1327 377 1404 primum
401 1323 561 1403 abrogare,
584 1342 759 1404 magnoque
781 1333 811 1400 et
833 1324 958 1384 excelso
989 1325 1051 1382 aoi-

134 1427 185 1469 mo
216 1408 388 1483 infamiam,
431 1408 455 1466 si
490 1407 620 1468 fortasse
655 1407 718 1467 Cel.
751 1407 848 1486 ipsius
881 1407 1051 1467 haereticus

135 1499 188 1551 sut
222 1492 354 1551 Boemus
387 1501 550 1570 propterea
583 1490 701 1566 audiat,
739 1497 934 1550 contemnere
968 1490 1051 1551 velit.

136 1575 314 1654 Quicunque
338 1577 417 1634 enim
442 1574 601 1653 Evangelii
625 1593 717 1633 causa
733 1574 853 1634 labores
871 1573 1050 1652 suscipiunt,

135 1661 170 1719 iis
205 1658 380 1737 maledicte,
409 1659 566 1735 convicia,
600 1657 820 1732 contumelias,
855 1656 927 1716 odia
961 1657 1051 1715 etiam

135 1744 280 1801 immania
302 1740 460 1801 subeunda
482 1761 564 1817 esse,
588 1759 645 1800 uec
666 1742 806 1818 cuiquem
843 1739 924 1800 aliud
957 1740 1051 1799 eonti-

135 1826 226 1904 gisss.
271 1825 338 1884 Hoc
366 1826 466 1904 potius
500 1843 619 1883 summo
653 1823 754 1883 studio
793 1823 979 1900 cavendum,
1013 1840 1052 1883 ne

136 1909 271 1970 Christus
293 1910 323 1967 in
347 1907 395 1967 die
421 1906 521 1967 iudicii
545 1907 709 1986 exprobret
739 1906 800 1966 Cel.
831 1906 927 1984 ipsius
952 1904 1053 1981 idem,

136 1991 218 2070 quod
244 1992 414 2071 Caperuao,
439 2011 548 2070 nempe
571 1993 751 2049 immensum
774 1988 848 2048 illud
872 1987 1053 2048 beneficium

135 2076 203 2156 bei,
228 2095 287 2153 quo
309 2076 339 2133 in
364 2074 479 2135 ditione
501 2074 565 2134 Cel.
595 2073 690 2153 ipsius
718 2071 919 2153 Evangelium
950 2089 1053 2130 rursus

136 2159 312 2218 elucescere
333 2158 445 2236 coepit,
469 2159 556 2217 nobis
591 2157 711 2238 ignavis
744 2157 933 2236 ingratisque
962 2152 1053 2214 colla-

137 2257 198 2301 tum
222 2241 330 2318 fuisse,
354 2260 424 2299 nam
448 2259 508 2318 quo
537 2241 653 2300 maiora
680 2242 741 2300 sint
774 2241 881 2298 merita
911 2238 1054 2299 coelestis

136 2325 233 2384 Patris
257 2342 330 2400 erga
352 2322 416 2386 cel.
439 2324 534 2400 ipsius
557 2342 646 2400 quam
671 2323 749 2382 alios
772 2323 873 2402 Reges
897 2328 950 2381 aut
971 2320 1054 2380 Prin-

137 2410 238 2487 cipes,
271 2423 307 2463 eo
337 2406 472 2464 severius
497 2405 592 2463 Deum
627 2407 776 2465 rationem
811 2425 830 2464 a
863 2405 926 2466 cel.
959 2405 1054 2484 ipsius

138 2490 358 2570 postulaturum
383 2506 461 2547 esse.
507 2486 593 2561 Quae
618 2489 721 2547 ornnia
745 2489 814 2547 ltux
837 2487 964 2546 Elector
986 2506 1053 2547 cum

136 2574 257 2652 reliquis
281 2572 402 2651 singula
425 2571 505 2630 lecta
528 2570 680 2649 pleneque
702 2570 856 2629 intellecta
880 2568 1004 2630 audivit.

219 2655 266 2716 Ad
296 2656 372 2714 baec
408 2655 566 2729 Dominus·
592 2672 676 2712 meus
710 2653 965 2712 clementissimus
1001 2670 1054 2730 per

138 2761 186 2800 me
210 2740 296 2799 vobis
320 2756 563 2798 commemorare
593 2738 697 2812 iussit,
725 2756 846 2815 semper
875 2735 935 2806 boo
962 2734 1056 2794 fuisse

137 2823 326 2903 propositum
350 2841 387 2880 ac
406 2821 592 2880 voluntatem
611 2820 674 2880 del.
694 2839 768 2879 suae
787 2819 914 2896 Deoque
932 2817 1056 2878 favente

137 2926 259 2985 semper·
281 2907 479 2984 imposterum
502 2905 582 2979 fore,
612 2904 716 2963 omnia
738 2923 792 2982 pro
827 2901 940 2961 viribus
972 2901 1056 2961 adiu-

138 3010 219 3067 vare,
243 3007 425 3069 promovere
448 2995 478 3047 et
499 2988 616 3064 lacere,
647 3006 724 3066 quae
747 2985 784 3045 ad
809 2982 938 3065 gloriam
973 2982 1056 3043 verbi

139 3075 194 3133 Dei
217 3072 425 3132 illustrandam
450 3078 480 3130 et
511 3071 654 3150 pietatem
689 3068 903 3129 stabiliendam
942 3067 1054 3128 condu-

137 3177 208 3237 cere
231 3155 399 3233 videuntur,
422 3173 519 3232 eaque
542 3164 604 3215 tam
629 3155 677 3233 pie
697 3159 727 3213 et
745 3160 829 3212 tants
844 3151 1055 3211 moderatione

138 3258 248 3319 agere,
282 3258 341 3317 que
370 3238 478 3298 deeset
510 3237 713 3298 Christianum
750 3235 939 3315 Principem,
972 3236 1053 3295 sicut
1099 3255 1102 3259 ·

138 3323 230 3403 paulo
253 3333 324 3381 onte
346 3321 409 3380 Cel.
433 3322 527 3399 ipsius
552 3321 638 3381 vobis
661 3319 774 3398 exponi
799 3318 876 3378 lecit.

220 3405 280 3467 Sed
293 3404 372 3464 idem
385 3404 603 3463 illustrissimus
615 3403 760 3482 Princeps
772 3401 933 3480 diligenter
945 3419 1058 3479 expen-

138 3510 173 3551 so
188 3488 310 3569 Scripto
328 3495 430 3547 vestro
454 3496 554 3547 tamen
577 3487 637 3547 hoc
666 3488 757 3546 etiam
781 3485 896 3564 cogitat
920 3491 950 3543 et
973 3483 1059 3549 vobis

138 3572 334 3653 cogitandum
358 3571 511 3650 proponit.
545 3570 621 3631 Cum
644 3568 720 3629 haec
736 3570 774 3628 sit
793 3587 840 3629 res
867 3567 961 3627 ardua
979 3585 1060 3645 mag·

139 3657 230 3735 nique
253 3655 410 3730 momenti,
434 3657 465 3714 et
487 3670 566 3732 quae
588 3652 627 3713 ad
650 3654 811 3712 universae
832 3650 982 3711 ecclesiae
1006 3647 1058 3709 de·

140 3739 351 3821 liberetiopem
373 3738 521 3820 pertinet,
555 3755 618 3797 non
646 3754 715 3797 esse
742 3735 939 3796 festinatione
972 3751 1060 3812 pree·

166 3853 256 3894 numeri
272 3863 323 3905 opp.
338 3855 364 3897 v.
380 3853 407 3893 a.
421 3853 450 3893 aa
478 3851 520 3895 ror.
538 3851 588 3891 uon
608 3850 623 3892 r.
643 3860 664 3900 p.
682 3849 785 3891 volvi.
932 3819 969 3880 15
1003 3814 1006 3819 ’
