2392 4170
387 263 512 316 Rabonio
533 263 711 319 Latcmlancc
730 270 781 318 etc.
865 317 869 330 ,
993 260 1057 328 485

135 414 295 492 Alterum,
317 415 400 496 quod
423 414 524 477 verbis
544 417 606 478 iarn
630 436 690 479 non
713 418 840 478 sinceris
862 437 920 479 nec
940 418 1059 480 sincere

134 499 314 580 mysterium
344 499 425 561 istud
455 500 571 580 gratiae
600 509 632 560 et
658 502 776 581 peccati
799 508 930 564 tractare
951 511 1058 582 potue·

133 584 210 656 ritis,
234 582 343 643 deinde
366 601 424 644 nec
445 582 630 663 intelligere,
653 584 778 645 tandem
800 604 1000 663 noeumane,
1022 603 1060 646 ac

134 668 180 727 sic
202 665 314 746 frigidi,
336 665 452 746 pallidi,
475 667 585 740 tristes,
603 685 714 747 segnes
737 669 766 728 in
785 668 881 728 ‘laude
906 675 938 729 et
954 686 1060 730 amore

135 750 191 811 oet
214 749 285 810 iacti
308 750 390 808 estis.
434 748 609 809 Humanum
628 751 707 810 enim
731 751 856 811 verbum
880 750 983 812 divino
1007 750 1058 811 ad-

135 833 230 894 ditum
254 832 394 893 velamen
417 840 464 892 est
478 833 614 892 veritatis
627 852 733 913 purae,
755 834 830 908 imo,
848 841 882 894 ut
901 834 962 894 iam
985 833 1059 910 dixi,

135 924 253 978 stercus
273 915 439 977 humanum
462 923 523 993 est,
556 934 618 994 quo
641 917 797 996 operitur,
832 918 910 977 sicut
931 918 961 977 in
984 916 1060 978 Ena·

136 999 233 1060 cbiele
254 996 366 1078 flgurat
387 998 547 1060 Dominus.
591 999 704 1061 lllanna
727 1005 789 1079 est,
821 999 903 1079 quod
931 1001 962 1061 in
984 1020 1061 1061 urna

136 1101 230 1144 aurae
251 1083 364 1142 servari
387 1081 472 1159 velit,
495 1100 555 1141 uon
578 1082 608 1141 in
625 1081 765 1142 manibus
778 1081 936 1143 hominum
951 1083 1059 1144 iactari

136 1172 167 1227 et
188 1165 314 1227 versari.

219 1247 305 1325 Quis,
328 1249 464 1326 inquies,
488 1265 561 1326 ergo
587 1253 655 1308 tuus
679 1256 729 1309 cst
747 1249 805 1308 iste
828 1248 960 1309 modus?
1004 1248 1060 1309 Re

135 1333 246 1408 ieram,
293 1332 350 1392 etsi
389 1331 544 1410 auspicor,
585 1330 671 1390 vobis
699 1330 815 1402 ¹allium
855 1339 887 1392 et
919 1349 1058 1412 pepones

137 1416 182 1476 Ac
226 1417 271 1495 pti
293 1411 506 1474 anhelantibus
529 1420 560 1474 et
580 1413 758 1474 iamdudum
784 1420 930 1496 corrupto
954 1415 1063 1494 palato·

137 1433 226 1560 oraboy
252 1497 435 1558 habentibus
464 1514 526 1555 non
561 1495 753 1576 placiturum.
805 1497 843 1559 At
878 1496 951 1558 mibi
984 1498 1059 1558 satis

136 1581 241 1657 luerit,
270 1579 352 1659 quod
376 1579 534 1640 confutare
556 1599 625 1638 aum
649 1597 707 1640 vos
727 1599 790 1640 non
811 1581 967 1661 poteritis,
1003 1599 1059 1641 vos

135 1671 236 1724 numm
260 1681 330 1724 reos
354 1681 448 1742 agere
470 1661 520 1721 ille
543 1663 649 1742 possit,
671 1662 722 1742 qui
745 1662 839 1724 verba
856 1663 914 1724 Dei
935 1669 1057 1742 torque·

136 1749 193 1808 atis
214 1747 246 1807 in
267 1766 336 1807 eum
361 1764 500 1821 sensum,
535 1764 625 1824 quarn
653 1746 684 1805 in
707 1745 791 1806 nullo
824 1745 885 1807 alio
914 1745 985 1807 loco
1008 1746 1059 1807 ba

135 1827 216 1890 bent.
260 1829 293 1890 ld
316 1847 407 1908 quarn
431 1831 469 1888 sit
499 1828 656 1907 indignum
680 1827 775 1888 audiri
807 1828 845 1889 de
866 1827 1058 1906 Christianis,

136 1912 248 1974 nedum
271 1911 449 1990 tbeologis,
473 1930 563 1971 nemo
587 1930 648 1970 uon
672 1913 773 1972 sentit.

216 1994 375 2076 Scriptura
397 1993 499 2053 divina
523 2004 682 2074 paccatum
697 2002 835 2056 nostrum
851 2002 961 2055 tractat
985 1994 1059 2054 duo-

136 2077 190 2141 bus
214 2078 332 2156 modis,
359 2095 421 2137 uno
445 2096 499 2156 per
519 2076 632 2157 Legem
656 2077 728 2153 Dei,
763 2078 861 2139 altero
883 2096 939 2158 per
960 2077 1059 2139 Evan-

135 2161 247 2240 gelium
277 2161 350 2237 Dei3
380 2160 459 2220 boec
486 2169 556 2219 sunt
585 2159 645 2220 duo
668 2161 866 2222 Testamenta
889 2160 944 2221 Dei
978 2160 1057 2221 ordi·

135 2252 208 2308 nata
229 2244 270 2305 ad
299 2245 427 2304 salutem
451 2251 603 2319 nostram,
636 2250 669 2303 ut
690 2263 709 2304 a
731 2251 860 2324 peccato
883 2243 1056 2305 liberemur.

134 2327 198 2389 Lex
219 2327 308 2387 aliter
330 2345 391 2385 non
416 2333 533 2385 tractat
558 2333 736 2405 peccatum,
770 2345 862 2405 quum
895 2334 928 2386 ut
955 2328 1055 2407 ipsum
1096 2394 1098 2399 ,

134 2409 266 2488 revelet,
298 2411 376 2470 sicut
409 2408 481 2468 dicit
514 2408 626 2468 Paulus
660 2409 768 2471 Roma.
794 2411 829 2472 3:
863 2408 920 2468 Per
941 2409 1054 2489 Legem

133 2492 272 2574 segnitie
298 2492 428 2573 peccati.
479 2491 565 2566 Quae
600 2492 738 2570 cognitio
775 2490 950 2568 docebat1)
985 2492 1058 2570 duo,

135 2576 365 2656 corruptionem
390 2581 518 2634 naturae
541 2585 570 2633 et
591 2575 666 2633 iram
685 2574 749 2635 Dei.
794 2573 841 2634 De
862 2574 964 2653 priore
986 2576 1058 2634 dicit

135 2659 224 2720 llcm.
238 2662 273 2721 7:
295 2657 583 2737 consupiscentiam
597 2657 772 2716 nesciebam
795 2675 864 2717 esse
886 2664 1066 2736 peccatum,

135 2742 192 2803 uisi
216 2741 279 2803 Lex
301 2741 433 2802 diceret:
463 2739 529 2799 Non
554 2740 764 2818 concupisces.
809 2739 887 2799 Nam
910 2740 1057 2818 pruritum

134 2824 218 2886 illum
245 2824 371 2888 foedum
407 2831 513 2882 natura
548 2841 610 2882 non
644 2821 722 2883 dixit
733 2820 763 2905 ²)
793 2829 971 2902 peccatum,
1004 2823 1057 2882 sed

136 2927 224 2968 usum
246 2908 312 2967 eius
334 2906 463 2982 malum,
496 2906 525 2964 in
550 2905 651 2966 aliano
676 2924 821 2984 corpore,
855 2914 887 2964 ut
909 2915 1058 2985 stuprum,

135 2989 328 3068 adulterium,
351 2989 603 3064 fornicationem,
625 2988 667 3047 ita
686 2989 761 3047 iram
778 2996 808 3048 et
820 2990 979 3049 avaritiam
995 3008 1056 3050 non

135 3072 270 3134 dictabat
291 3078 468 3153 peccatum,
491 3071 545 3130 sed
568 3090 655 3130 usum
679 3072 755 3145 eins,
777 3072 806 3130 in
829 3071 919 3151 inrto,
943 3072 1057 3146 baudo,

135 3155 309 3229 maledicto,
334 3153 439 3232 caede,
462 3162 491 3213 et
514 3155 558 3213 sic
584 3154 621 3214 de
635 3154 712 3213 aliis.
756 3153 795 3213 ut
816 3153 897 3214 baud
919 3157 995 3232 scio,
1019 3175 1055 3214 an

133 3247 295 3320 peccatum
319 3240 349 3298 in
364 3237 526 3316 Scripturis
545 3257 677 3315 unquam
692 3238 860 3316 accipiatur
881 3256 937 3317 pro
960 3240 1057 3317 operi·

135 3322 192 3382 bus
215 3322 286 3396 illis,
309 3340 388 3400 quae
412 3337 468 3379 nos
491 3331 620 3396 peccata
643 3339 798 3379 vocamus.
828 3319 955 3380 Videtur
978 3323 1056 3381 enim

133 3407 230 3466 ferme
261 3403 394 3464 radicale
423 3401 495 3460 illud
525 3403 704 3462 fermentum
738 3405 781 3461 sic
813 3421 941 3481 vocure,
974 3404 1056 3483 quod

133 3487 298 3549 fructificat
321 3485 402 3546 mala
430 3504 525 3564 opera
553 3495 584 3544 et
615 3485 716 3544 verba.
761 3485 837 3545 Nam
868 3486 926 3545 boc
950 3505 1056 3566 peccu-

134 3582 199 3632 tum
221 3571 344 3651 proprie
367 3567 483 3628 revelat
506 3567 588 3644 Lex,
611 3569 693 3647 prius
716 3569 903 3647 incognitum
927 3576 958 3628 et
980 3589 1056 3630 mor·

202 3704 216 3708 ..
230 3700 377 3708 ...ήκω-«Ἰ.
394 3699 448 3705 Μ..

192 3771 224 3836 1)
247 3766 277 3821 ln
296 3766 340 3822 ad.
359 3765 436 3824 den:
457 3765 545 3821 docet.
582 3765 615 3838 2)
637 3766 718 3822 ibid:
738 3765 811 3823 dicit.
