2392 4170
404 211 489 268 Missa
507 212 620 284 privata
639 215 671 269 D.
690 213 725 269 n.
744 214 774 269 L.
996 209 1060 291 199

133 393 224 451 trare.
267 386 315 448 Ao
344 386 370 447 si
399 386 459 447 iam
489 386 535 448 bis
569 386 810 467 superfluusest
828 386 975 464 Christus,
996 387 1058 458 iam

136 489 194 531 neo
229 469 423 530 necessarius
456 471 548 530 etiam
583 490 624 531 ex
666 476 753 551 porte
794 470 852 530 [tei
893 469 1058 532 exactoris.

132 554 251 614 Vereor
273 560 384 631 autem,
407 572 446 613 ne
468 553 566 614 leotor
587 555 654 635 pius
678 574 740 615 non
764 553 869 615 er'edat
891 553 969 614 haee
990 553 1059 615 hor·

134 637 236 698 rendis
259 635 454 697 horribiliora
468 635 572 698 dooeri
593 639 624 697 in
643 637 828 701 Aoademiis.
866 637 1060 718 Quapropter

132 727 163 781 te
186 739 251 799 oro,
276 719 448 780 Christiane
469 720 569 799 frater,
593 740 667 781 vera
698 741 747 781 me
769 719 877 781 eredas
899 721 992 800 loqui,
1015 726 1057 779 te-

132 809 195 864 stes
216 804 328 864 invooo
352 804 574 863 eorum'libros
599 809 766 882 exstantes,
790 810 822 865 et
850 804 1058 865 oonsoientias

133 896 196 947 turn
218 887 429 967 ipsorummet,
452 892 515 946 turn
537 888 683 966 omnium,
709 889 760 968 qui
785 888 927 967 legerunt
950 906 1056 947 eorum

133 968 237 1033 libros.
281 969 362 1045 Soio,
387 967 480 1049 diaes,
502 969 619 1030 rabiem
646 970 735 1031 istam
759 990 904 1051 superare
933 988 1056 1031 ornnem

134 1059 257 1132 captum
294 1053 493 1131 omniumque
525 1052 637 1128 fidem,
670 1054 725 1113 sed
756 1053 921 1124 utendis,
945 1054 1059 1114 iteres

133 1134 235 1198 habet.
291 1135 435 1214 Sequitur
471 1154 565 1215 ergo,
600 1143 633 1196 ut
662 1134 815 1197 Christum
849 1134 942 1217 dupla
973 1134 1059 1197 rabie

134 1221 258 1299 negent,
282 1224 412 1298 utraque
432 1219 599 1296 immenso,
622 1219 692 1279 dum
716 1219 868 1282 naturalia
889 1225 995 1280 nostra
1016 1218 1058 1287 rt·

134 1301 267 1362 firment.
302 1302 381 1377 Quid
400 1303 481 1362 enirn
502 1302 596 1362 refert
617 1301 793 1382 simulatel)
817 1301 956 1364 eonfiteri
978 1321 1059 1379 eum,

133 1403 224 1464 quem
253 1384 346 1464 duplo
374 1384 435 1445 hoo
463 1385 624 1464 sacrilegio
658 1405 720 1446 non
748 1386 955 1446 necessarium
980 1383 1059 1445 offir-

136 1465 224 1527 mas?
266 1471 308 1528 At
331 1467 416 1528 vides
450 1488 523 1548 ergo
545 1469 667 1529 Petrum
691 1468 866 1549 apostolum
895 1469 924 1529 iu
957 1467 1058 1528 nullos

135 1550 231 1625 alios,
260 1570 352 1630 quam
382 1552 413 1610 in
448 1552 524 1612 istas
558 1551 684 1613 lacunas
717 1553 888 1633 Papistieae
922 1551 1061 1612 sentinae

133 1633 227 1693 fuisse
250 1634 397 1710 locutum,
418 1634 470 1695 ubi
493 1634 570 1695 dixit
590 1637 620 1698 2.
644 1636 706 1696 Pet.
730 1638 765 1700 2:

216 1717 313 1788 Erunt
333 1718 364 1776 in
387 1717 474 1778 vobis
491 1718 627 1796 magistri
642 1719 817 1797 mendaces,
832 1718 883 1797 qui
895 1717 1057 1796 opiniones

134 1798 313 1879 perditionis
342 1802 429 1860 iuxta
450 1800 665 1882 introducent,
678 1809 708 1862 et
728 1801 907 1879 Dominum,
930 1800 981 1878 qui
1004 1817 1059 1859 eos

133 1889 286 1942 mercatus
310 1891 366 1961 est,
389 1892 548 1966 negantes,
570 1904 627 1964 per
649 1903 726 1963 quos
750 1881 800 1944 oie
822 1882 959 1943 veritatis
981 1881 1060 1942 blas·

132 1964 335 2045 phemabitur.
378 1964 466 2041 Quae
493 1974 563 2027 sunt
592 1969 754 2047 opiniones
784 1966 979 2046 perditionis,
1002 1964 1060 2025 nisi

133 2047 281 2128 dogmata
308 2049 368 2108 ista
398 2049 518 2128 perdito
552 2051 739 2130 perditorum
767 2050 949 2125 hominum,
978 2048 1058 2127 prin-

133 2132 214 2211 oipia
236 2130 307 2191 fidei
329 2132 544 2193 Parisiensium
568 2141 599 2194 et
617 2132 825 2214 Papeneium?
847 2132 898 2212 qui
920 2130 1058 2209 magistri

134 2213 298 2275 mendaces
321 2216 378 2275 nisi
408 2217 542 2294 magistri
566 2216 610 2276 illi
632 2218 801 2293 nostrates,
823 2233 953 2295 quereus
975 2213 1057 2292 illae,

133 2303 274 2377 pastores
297 2316 472 2378 porcorum,
495 2299 557 2359 imo
572 2301 678 2379 spinae
701 2301 821 2361 rhamni
843 2304 875 2360 et
895 2315 1003 2377 vepres
1024 2296 1056 2356 in

133 2382 224 2441 vinea
245 2380 390 2441 Domini?
412 2382 473 2440 lam
489 2381 640 2442 Christum
663 2402 794 2462 negasse
810 2381 908 2442 Deum
920 2398 1056 2460 ,negasse

133 2468 189 2523 est.
234 2462 392 2542 Siquidem
411 2463 550 2534 divinum
569 2464 731 2525 eonsilium
755 2471 787 2525 et
808 2463 886 2525 bene
909 2463 1056 2542 placitum

136 2546 213 2626 (quo
240 2545 392 2606 Christum
423 2566 490 2606 esse
518 2545 631 2625 voluit)
668 2566 730 2607 non
763 2547 981 2624 necessarium,
1003 2543 1058 2605 sed

135 2628 321 2708 superfluum
352 2648 516 2704 asserere,
555 2629 627 2708 quid
666 2637 712 2689 est
739 2630 797 2689 nisi
831 2629 929 2689 Deum
957 2628 1057 2707 ipsum

134 2731 198 2771 non
220 2714 429 2772 neeessarium
451 2721 482 2772 et
493 2711 678 2792 superfluum
702 2731 849 2787 asserere,
872 2708 1058 2790 atqueidem
1082 2756 1086 2761 .

135 2800 182 2854 est
214 2794 328 2854 nullum
351 2796 449 2855 Deum
472 2795 633 2855 asserere?
655 2795 700 2856 Tu
723 2814 805 2857 nuno
820 2794 901 2873 vide,
924 2792 974 2853 ubi
995 2812 1059 2854 ma·

135 2884 209 2937 nent
229 2877 282 2937 illa
309 2875 367 2938 tria
389 2877 548 2938 mandata:
578 2878 679 2938 Unum
708 2879 804 2938 Deum
834 2878 913 2955 oola,
936 2875 1058 2941 Nomen

135 2961 201 3020 eius
223 2960 357 3037 honora,
377 2960 516 3035 Quietem
541 2962 569 3021 ei
591 2961 768 3022 sanctifica?
812 2961 872 3021 Ista
901 2958 1059 3037 theologia

136 3043 238 3122 potius
261 3042 403 3103 siodioit:
427 3044 529 3104 Dioito
550 3043 648 3104 Deum
671 3044 845 3124 colendum,
870 3041 924 3103 sed
938 3047 970 3102 tu
991 3042 1058 3121 ipse

136 3133 204 3186 esto
228 3126 280 3186 tibi
301 3127 337 3186 in·
352 3126 467 3204 Deum;
499 3127 606 3203 dicito,
627 3146 740 3188 nomen
764 3129 828 3187 eius
847 3123 1059 3203 reverendum,

136 3207 190 3268 sed
214 3216 246 3268 tu
281 3210 347 3288 ipse
369 3227 481 3270 nomen
506 3216 590 3270 tuum
619 3209 755 3287 extolle,
793 3209 902 3288 dioito,
926 3208 1057 3289 quietem

136 3291 201 3351 eius
217 3290 479 3370 sanctificandam,
502 3292 556 3353 sed
571 3299 601 3352 tu
619 3312 674 3373 per
690 3298 719 3353 te
731 3295 830 3372 ipsum
844 3310 983 3371 operare,
995 3309 1057 3350 non

134 3373 220 3435 illurn
243 3376 325 3434 sinas
350 3377 480 3453 operari.

219 3457 279 3519 Sed
302 3476 384 3517 nuno
405 3458 491 3518 loeus
514 3477 578 3519 non
601 3465 648 3519 est
669 3464 834 3539 praecepta
855 3452 1059 3536 interpretari.

137 3539 264 3601 Summa
285 3548 386 3600 autem
409 3547 457 3601 est
477 3540 564 3620 haee,
588 3541 669 3621 quod
682 3561 750 3602 oum
763 3541 857 3602 homo
880 3558 919 3599 ex
942 3539 1058 3620 seipso

211 3731 243 3795 1)
264 3729 294 3783 In
313 3728 357 3803 ed,
375 3729 447 3786 Ion:
465 3727 601 3786 simulate.
