<?xml version="1.0" encoding="UTF-8"?>
<!DOCTYPE html PUBLIC "-//W3C//DTD XHTML 1.0 Transitional//EN"
    "http://www.w3.org/TR/xhtml1/DTD/xhtml1-transitional.dtd">
<html xmlns="http://www.w3.org/1999/xhtml" xml:lang="en" lang="en">
 <head>
  <title>
</title>
<meta http-equiv="Content-Type" content="text/html;charset=utf-8" />
  <meta name='ocr-system' content='tesseract 3.04.00' />
  <meta name='ocr-capabilities' content='ocr_page ocr_carea ocr_par ocr_line ocrx_word'/>
</head>
<body>
  <div class='ocr_page' id='page_1' title='image "./dmartinilutheri03luthgoog_1054.png"; bbox 0 0 2392 4170; ppageno 0'>
   <div class='ocr_carea' id='block_1_1' title="bbox 475 233 1068 307">
    <p class='ocr_par' dir='ltr' id='par_1_1' title="bbox 475 233 1068 307">
     <span class='ocr_line' id='line_1_1' title="bbox 475 233 1068 307; baseline -0.008 1"><span class='ocrx_word' id='word_1_1' title='bbox 475 233 773 307; x_wconf 68' lang='lat' dir='ltr'><strong>murliacum.</strong></span> <span class='ocrx_word' id='word_1_2' title='bbox 1006 233 1068 303; x_wconf 76' lang='lat'><strong>511</strong></span> 
     </span>
    </p>
   </div>
   <div class='ocr_carea' id='block_1_2' title="bbox 141 397 1067 648">
    <p class='ocr_par' dir='ltr' id='par_1_2' title="bbox 141 397 1067 648">
     <span class='ocr_line' id='line_1_2' title="bbox 141 397 1067 480; baseline 0 -19"><span class='ocrx_word' id='word_1_3' title='bbox 141 400 330 463; x_wconf 90' lang='lat' dir='ltr'><strong>annunciare</strong></span> <span class='ocrx_word' id='word_1_4' title='bbox 351 404 399 460; x_wconf 84' lang='lat' dir='ltr'><strong>eet</strong></span> <span class='ocrx_word' id='word_1_5' title='bbox 419 398 545 460; x_wconf 82' lang='lat' dir='ltr'><strong>virtutes</strong></span> <span class='ocrx_word' id='word_1_6' title='bbox 566 399 624 460; x_wconf 89' lang='lat' dir='ltr'><strong>Dei</strong></span> <span class='ocrx_word' id='word_1_7' title='bbox 645 399 848 480; x_wconf 87' lang='lat' dir='ltr'><strong>annunciare,</strong></span> <span class='ocrx_word' id='word_1_8' title='bbox 875 398 926 479; x_wconf 94' lang='lat' dir='ltr'><strong>qni</strong></span> <span class='ocrx_word' id='word_1_9' title='bbox 947 416 1005 459; x_wconf 82' lang='lat' dir='ltr'><strong>noa</strong></span> <span class='ocrx_word' id='word_1_10' title='bbox 1027 397 1067 465; x_wconf 88' lang='lat' dir='ltr'><strong>de</strong></span> 
     </span>
     <span class='ocr_line' id='line_1_3' title="bbox 142 482 1048 573; baseline 0 -29"><span class='ocrx_word' id='word_1_11' title='bbox 142 485 275 546; x_wconf 79' lang='lat' dir='ltr'><strong>tenebris</strong></span> <span class='ocrx_word' id='word_1_12' title='bbox 297 484 421 549; x_wconf 86' lang='lat' dir='ltr'><strong>vocavit</strong></span> <span class='ocrx_word' id='word_1_13' title='bbox 440 484 472 543; x_wconf 92' lang='lat' dir='ltr'><strong>in</strong></span> <span class='ocrx_word' id='word_1_14' title='bbox 495 482 674 544; x_wconf 78' lang='lat' dir='ltr'><strong>admirabile</strong></span> <span class='ocrx_word' id='word_1_15' title='bbox 696 482 808 548; x_wconf 89' lang='lat' dir='ltr'><strong>lumen.</strong></span> <span class='ocrx_word' id='word_1_16' title='bbox 1042 556 1048 573; x_wconf 37' lang='grc' dir='ltr'>Ι</span> 
     </span>
     <span class='ocr_line' id='line_1_4' title="bbox 224 565 1066 648; baseline 0 -19"><span class='ocrx_word' id='word_1_17' title='bbox 224 567 307 630; x_wconf 85' lang='lat' dir='ltr'><strong>Nihil</strong></span> <span class='ocrx_word' id='word_1_18' title='bbox 328 585 403 648; x_wconf 85' lang='lat' dir='ltr'><strong>ergo</strong></span> <span class='ocrx_word' id='word_1_19' title='bbox 430 565 481 626; x_wconf 92' lang='lat' dir='ltr'><strong>hic</strong></span> <span class='ocrx_word' id='word_1_20' title='bbox 503 567 606 626; x_wconf 83' lang='lat' dir='ltr'><strong>valent</strong></span> <span class='ocrx_word' id='word_1_21' title='bbox 638 567 759 627; x_wconf 82' lang='lat' dir='ltr'><strong>somnia</strong></span> <span class='ocrx_word' id='word_1_22' title='bbox 779 567 938 648; x_wconf 85' lang='lat' dir='ltr'><strong>hominum</strong></span> <span class='ocrx_word' id='word_1_23' title='bbox 959 565 1066 646; x_wconf 91' lang='lat' dir='ltr'><strong>impio·</strong></span> 
     </span>
    </p>
   </div>
   <div class='ocr_carea' id='block_1_3' title="bbox 137 649 1068 2146">
    <p class='ocr_par' dir='ltr' id='par_1_3' title="bbox 139 649 1068 1381">
     <span class='ocr_line' id='line_1_5' title="bbox 141 649 1067 732; baseline 0.003 -22"><span class='ocrx_word' id='word_1_24' title='bbox 141 671 217 732; x_wconf 87' lang='lat' dir='ltr'><strong>rum,</strong></span> <span class='ocrx_word' id='word_1_25' title='bbox 240 653 291 731; x_wconf 91' lang='lat' dir='ltr'><strong>qui</strong></span> <span class='ocrx_word' id='word_1_26' title='bbox 315 649 475 732; x_wconf 78' lang='lat' dir='ltr'><strong>apostolos</strong></span> <span class='ocrx_word' id='word_1_27' title='bbox 496 649 854 721; x_wconf 81' lang='lat' dir='ltr'><strong>bicvcluntaacerdoter</strong></span> <span class='ocrx_word' id='word_1_28' title='bbox 876 651 975 711; x_wconf 79' lang='lat' dir='ltr'><strong>laotos</strong></span> <span class='ocrx_word' id='word_1_29' title='bbox 988 668 1067 731; x_wconf 81' lang='lat' dir='ltr'><strong>aare,</strong></span> 
     </span>
     <span class='ocr_line' id='line_1_6' title="bbox 141 731 1065 814; baseline 0.002 -19"><span class='ocrx_word' id='word_1_30' title='bbox 141 734 172 795; x_wconf 93' lang='lat' dir='ltr'><strong>id</strong></span> <span class='ocrx_word' id='word_1_31' title='bbox 194 743 250 814; x_wconf 85' lang='lat' dir='ltr'><strong>est,</strong></span> <span class='ocrx_word' id='word_1_32' title='bbox 272 737 334 795; x_wconf 85' lang='lat' dir='ltr'><strong>anis</strong></span> <span class='ocrx_word' id='word_1_33' title='bbox 355 735 448 794; x_wconf 85' lang='lat' dir='ltr'><strong>larvis</strong></span> <span class='ocrx_word' id='word_1_34' title='bbox 469 733 623 808; x_wconf 77' lang='lat' dir='ltr'><strong>initiatos,</strong></span> <span class='ocrx_word' id='word_1_35' title='bbox 646 731 797 795; x_wconf 83' lang='lat' dir='ltr'><strong>cumillis</strong></span> <span class='ocrx_word' id='word_1_36' title='bbox 820 733 957 797; x_wconf 81' lang='lat' dir='ltr'><strong>Christus</strong></span> <span class='ocrx_word' id='word_1_37' title='bbox 980 733 1065 797; x_wconf 86' lang='lat' dir='ltr'><strong>verbi</strong></span> 
     </span>
     <span class='ocr_line' id='line_1_7' title="bbox 142 816 1067 896; baseline -0.003 -18"><span class='ocrx_word' id='word_1_38' title='bbox 142 819 341 878; x_wconf 83' lang='lat' dir='ltr'><strong>ministerium</strong></span> <span class='ocrx_word' id='word_1_39' title='bbox 369 818 419 877; x_wconf 91' lang='lat' dir='ltr'><strong>hic</strong></span> <span class='ocrx_word' id='word_1_40' title='bbox 439 818 579 896; x_wconf 88' lang='lat' dir='ltr'><strong>imponat</strong></span> <span class='ocrx_word' id='word_1_41' title='bbox 604 816 761 894; x_wconf 83' lang='lat' dir='ltr'><strong>omnibus,</strong></span> <span class='ocrx_word' id='word_1_42' title='bbox 793 818 874 877; x_wconf 92' lang='lat' dir='ltr'><strong>idem</strong></span> <span class='ocrx_word' id='word_1_43' title='bbox 906 825 937 883; x_wconf 84' lang='lat' dir='ltr'><strong>ot</strong></span> <span class='ocrx_word' id='word_1_44' title='bbox 968 835 1067 895; x_wconf 83' lang='lat' dir='ltr'><strong>aeque</strong></span> 
     </span>
     <span class='ocr_line' id='line_1_8' title="bbox 142 900 1068 980; baseline 0 -20"><span class='ocrx_word' id='word_1_45' title='bbox 142 903 319 962; x_wconf 89' lang='lat' dir='ltr'><strong>memoriam</strong></span> <span class='ocrx_word' id='word_1_46' title='bbox 343 901 467 961; x_wconf 88' lang='lat' dir='ltr'>Domini</span> <span class='ocrx_word' id='word_1_47' title='bbox 499 900 601 961; x_wconf 86' lang='lat' dir='ltr'><strong>iecere</strong></span> <span class='ocrx_word' id='word_1_48' title='bbox 634 901 778 961; x_wconf 88' lang='lat' dir='ltr'><strong>omnibns</strong></span> <span class='ocrx_word' id='word_1_49' title='bbox 798 903 845 961; x_wconf 86' lang='lat' dir='ltr'><strong>ine</strong></span> <span class='ocrx_word' id='word_1_50' title='bbox 868 908 898 963; x_wconf 84' lang='lat' dir='ltr'><strong>et</strong></span> <span class='ocrx_word' id='word_1_51' title='bbox 919 918 1068 980; x_wconf 86' lang='lat' dir='ltr'><strong>praecep-</strong></span> 
     </span>
     <span class='ocr_line' id='line_1_9' title="bbox 141 982 1068 1063; baseline -0.001 -20"><span class='ocrx_word' id='word_1_52' title='bbox 141 992 203 1044; x_wconf 91' lang='lat' dir='ltr'><strong>tum</strong></span> <span class='ocrx_word' id='word_1_53' title='bbox 228 993 291 1061; x_wconf 84' lang='lat' dir='ltr'><strong>eat,</strong></span> <span class='ocrx_word' id='word_1_54' title='bbox 321 991 355 1044; x_wconf 91' lang='lat' dir='ltr'><strong>ut</strong></span> <span class='ocrx_word' id='word_1_55' title='bbox 376 983 515 1044; x_wconf 86' lang='lat' dir='ltr'><strong>landetur</strong></span> <span class='ocrx_word' id='word_1_56' title='bbox 536 990 568 1044; x_wconf 92' lang='lat' dir='ltr'><strong>et</strong></span> <span class='ocrx_word' id='word_1_57' title='bbox 588 982 776 1063; x_wconf 83' lang='lat' dir='ltr'><strong>glorificetur</strong></span> <span class='ocrx_word' id='word_1_58' title='bbox 796 984 879 1044; x_wconf 78' lang='lat' dir='ltr'><strong>Deua</strong></span> <span class='ocrx_word' id='word_1_59' title='bbox 900 984 930 1043; x_wconf 90' lang='lat' dir='ltr'><strong>in</strong></span> <span class='ocrx_word' id='word_1_60' title='bbox 954 983 1068 1045; x_wconf 87' lang='lat' dir='ltr'><strong>virtuti·</strong></span> 
     </span>
     <span class='ocr_line' id='line_1_10' title="bbox 142 1066 1066 1129; baseline -0.002 -1"><span class='ocrx_word' id='word_1_61' title='bbox 142 1067 196 1128; x_wconf 84' lang='lat' dir='ltr'><strong>bus</strong></span> <span class='ocrx_word' id='word_1_62' title='bbox 219 1069 292 1128; x_wconf 82' lang='lat' dir='ltr'><strong>onie.</strong></span> <span class='ocrx_word' id='word_1_63' title='bbox 334 1068 404 1129; x_wconf 88' lang='lat' dir='ltr'><strong>Non</strong></span> <span class='ocrx_word' id='word_1_64' title='bbox 417 1074 518 1126; x_wconf 86' lang='lat' dir='ltr'><strong>autem</strong></span> <span class='ocrx_word' id='word_1_65' title='bbox 532 1067 710 1127; x_wconf 79' lang='lat' dir='ltr'><strong>memoriam</strong></span> <span class='ocrx_word' id='word_1_66' title='bbox 722 1069 815 1127; x_wconf 83' lang='lat' dir='ltr'><strong>sentit</strong></span> <span class='ocrx_word' id='word_1_67' title='bbox 825 1066 1066 1129; x_wconf 81' lang='lat' dir='ltr'><strong>sacrificulorum</strong></span> 
     </span>
     <span class='ocr_line' id='line_1_11' title="bbox 139 1150 1066 1233; baseline 0.002 -23"><span class='ocrx_word' id='word_1_68' title='bbox 139 1152 171 1211; x_wconf 92' lang='lat' dir='ltr'><strong>in</strong></span> <span class='ocrx_word' id='word_1_69' title='bbox 194 1151 333 1233; x_wconf 78' lang='lat' dir='ltr'><strong>angulis,</strong></span> <span class='ocrx_word' id='word_1_70' title='bbox 366 1153 472 1211; x_wconf 84' lang='lat' dir='ltr'><strong>autin</strong></span> <span class='ocrx_word' id='word_1_71' title='bbox 494 1152 694 1211; x_wconf 76' lang='lat' dir='ltr'><strong>meditatione</strong></span> <span class='ocrx_word' id='word_1_72' title='bbox 715 1150 842 1230; x_wconf 87' lang='lat' dir='ltr'><strong>iactam,</strong></span> <span class='ocrx_word' id='word_1_73' title='bbox 883 1150 938 1212; x_wconf 84' lang='lat' dir='ltr'><strong>aed</strong></span> <span class='ocrx_word' id='word_1_74' title='bbox 959 1152 989 1210; x_wconf 94' lang='lat' dir='ltr'><strong>in</strong></span> <span class='ocrx_word' id='word_1_75' title='bbox 1012 1169 1066 1229; x_wconf 60' lang='lat' dir='ltr'><strong>pue</strong></span> 
     </span>
     <span class='ocr_line' id='line_1_12' title="bbox 142 1233 1065 1315; baseline 0.002 -20"><span class='ocrx_word' id='word_1_76' title='bbox 142 1235 222 1295; x_wconf 92' lang='lat' dir='ltr'><strong>blico</strong></span> <span class='ocrx_word' id='word_1_77' title='bbox 235 1243 266 1295; x_wconf 92' lang='lat' dir='ltr'><strong>et</strong></span> <span class='ocrx_word' id='word_1_78' title='bbox 277 1253 333 1315; x_wconf 87' lang='lat' dir='ltr'><strong>per</strong></span> <span class='ocrx_word' id='word_1_79' title='bbox 355 1235 555 1295; x_wconf 83' lang='lat' dir='ltr'><strong>ministerium</strong></span> <span class='ocrx_word' id='word_1_80' title='bbox 580 1233 663 1296; x_wconf 87' lang='lat' dir='ltr'><strong>verbi</strong></span> <span class='ocrx_word' id='word_1_81' title='bbox 685 1233 869 1314; x_wconf 82' lang='lat' dir='ltr'><strong>faciendam,</strong></span> <span class='ocrx_word' id='word_1_82' title='bbox 890 1233 930 1294; x_wconf 89' lang='lat' dir='ltr'><strong>cd</strong></span> <span class='ocrx_word' id='word_1_83' title='bbox 944 1233 1065 1297; x_wconf 80' lang='lat' dir='ltr'><strong>calvan-</strong></span> 
     </span>
     <span class='ocr_line' id='line_1_13' title="bbox 141 1317 541 1381; baseline 0.008 -4"><span class='ocrx_word' id='word_1_84' title='bbox 141 1319 195 1379; x_wconf 87' lang='lat' dir='ltr'><strong>das</strong></span> <span class='ocrx_word' id='word_1_85' title='bbox 217 1319 336 1378; x_wconf 83' lang='lat' dir='ltr'><strong>animae</strong></span> <span class='ocrx_word' id='word_1_86' title='bbox 358 1317 541 1381; x_wconf 85' lang='lat' dir='ltr'><strong>auditorum.</strong></span> 
     </span>
    </p>

    <p class='ocr_par' dir='ltr' id='par_1_4' title="bbox 137 1398 1066 2146">
     <span class='ocr_line' id='line_1_14' title="bbox 224 1398 1066 1478; baseline 0 -17"><span class='ocrx_word' id='word_1_87' title='bbox 224 1399 394 1461; x_wconf 83' lang='lat' dir='ltr'><strong>Confirmat</strong></span> <span class='ocrx_word' id='word_1_88' title='bbox 413 1401 492 1461; x_wconf 84' lang='lat' dir='ltr'><strong>haec</strong></span> <span class='ocrx_word' id='word_1_89' title='bbox 514 1399 627 1461; x_wconf 84' lang='lat' dir='ltr'><strong>Panluo</strong></span> <span class='ocrx_word' id='word_1_90' title='bbox 651 1403 679 1463; x_wconf 88' lang='lat'><strong>1.</strong></span> <span class='ocrx_word' id='word_1_91' title='bbox 703 1399 840 1463; x_wconf 81' lang='lat' dir='ltr'><strong>Corinth.</strong></span> <span class='ocrx_word' id='word_1_92' title='bbox 865 1403 920 1478; x_wconf 81' lang='lat'><strong>14,</strong></span> <span class='ocrx_word' id='word_1_93' title='bbox 941 1418 1004 1461; x_wconf 91' lang='lat' dir='ltr'><strong>non</strong></span> <span class='ocrx_word' id='word_1_94' title='bbox 1026 1398 1066 1461; x_wconf 88' lang='lat' dir='ltr'><strong>ad</strong></span> 
     </span>
     <span class='ocr_line' id='line_1_15' title="bbox 139 1483 1065 1563; baseline 0 -20"><span class='ocrx_word' id='word_1_95' title='bbox 139 1502 226 1544; x_wconf 83' lang='lat' dir='ltr'><strong>rasos</strong></span> <span class='ocrx_word' id='word_1_96' title='bbox 248 1493 301 1544; x_wconf 84' lang='lat' dir='ltr'><strong>ant</strong></span> <span class='ocrx_word' id='word_1_97' title='bbox 323 1484 459 1563; x_wconf 78' lang='lat' dir='ltr'><strong>aliquos,</strong></span> <span class='ocrx_word' id='word_1_98' title='bbox 497 1483 553 1544; x_wconf 84' lang='lat' dir='ltr'><strong>aad</strong></span> <span class='ocrx_word' id='word_1_99' title='bbox 585 1485 624 1544; x_wconf 88' lang='lat' dir='ltr'><strong>ad</strong></span> <span class='ocrx_word' id='word_1_100' title='bbox 648 1490 744 1545; x_wconf 89' lang='lat' dir='ltr'><strong>totam</strong></span> <span class='ocrx_word' id='word_1_101' title='bbox 776 1485 940 1554; x_wconf 80' lang='lat' dir='ltr'><strong>ecclesiam</strong></span> <span class='ocrx_word' id='word_1_102' title='bbox 973 1490 1004 1544; x_wconf 89' lang='lat' dir='ltr'><strong>et</strong></span> <span class='ocrx_word' id='word_1_103' title='bbox 1026 1483 1065 1549; x_wconf 84' lang='lat' dir='ltr'><strong>ad</strong></span> 
     </span>
     <span class='ocr_line' id='line_1_16' title="bbox 139 1566 1065 1647; baseline 0 -22"><span class='ocrx_word' id='word_1_104' title='bbox 139 1567 277 1646; x_wconf 84' lang='lat' dir='ltr'><strong>singulos</strong></span> <span class='ocrx_word' id='word_1_105' title='bbox 306 1567 496 1627; x_wconf 83' lang='lat' dir='ltr'><strong>Christianos</strong></span> <span class='ocrx_word' id='word_1_106' title='bbox 525 1566 645 1628; x_wconf 84' lang='lat' dir='ltr'><strong>dicens:</strong></span> <span class='ocrx_word' id='word_1_107' title='bbox 688 1567 905 1647; x_wconf 79' lang='lat' dir='ltr'><strong>Unusquisque</strong></span> <span class='ocrx_word' id='word_1_108' title='bbox 932 1575 1065 1627; x_wconf 79' lang='lat' dir='ltr'><strong>vestrum</strong></span> 
     </span>
     <span class='ocr_line' id='line_1_17' title="bbox 139 1649 1064 1731; baseline 0.006 -22"><span class='ocrx_word' id='word_1_109' title='bbox 139 1651 292 1729; x_wconf 83' lang='lat' dir='ltr'><strong>psalmum</strong></span> <span class='ocrx_word' id='word_1_110' title='bbox 313 1650 423 1729; x_wconf 88' lang='lat' dir='ltr'><strong>babet,</strong></span> <span class='ocrx_word' id='word_1_111' title='bbox 445 1649 615 1713; x_wconf 78' lang='lat' dir='ltr'><strong>doctrinam</strong></span> <span class='ocrx_word' id='word_1_112' title='bbox 638 1650 745 1730; x_wconf 85' lang='lat' dir='ltr'><strong>babet,</strong></span> <span class='ocrx_word' id='word_1_113' title='bbox 775 1650 988 1731; x_wconf 70' lang='lat' dir='ltr'><strong>apocalypsim</strong></span> <span class='ocrx_word' id='word_1_114' title='bbox 1010 1650 1064 1715; x_wconf 74' lang='lat' dir='ltr'><strong>bc-</strong></span> 
     </span>
     <span class='ocr_line' id='line_1_18' title="bbox 140 1731 1064 1814; baseline 0.002 -23"><span class='ocrx_word' id='word_1_115' title='bbox 140 1736 200 1811; x_wconf 91' lang='lat' dir='ltr'><strong>bet,</strong></span> <span class='ocrx_word' id='word_1_116' title='bbox 222 1733 357 1812; x_wconf 86' lang='lat' dir='ltr'><strong>linguam</strong></span> <span class='ocrx_word' id='word_1_117' title='bbox 381 1732 491 1811; x_wconf 84' lang='lat' dir='ltr'><strong>babet,</strong></span> <span class='ocrx_word' id='word_1_118' title='bbox 512 1734 796 1814; x_wconf 82' lang='lat' dir='ltr'><strong>interpretationem</strong></span> <span class='ocrx_word' id='word_1_119' title='bbox 817 1731 919 1801; x_wconf 77' lang='lat' dir='ltr'><strong>habet.</strong></span> <span class='ocrx_word' id='word_1_120' title='bbox 961 1732 1003 1793; x_wconf 83' lang='lat' dir='ltr'><strong>Et</strong></span> <span class='ocrx_word' id='word_1_121' title='bbox 1021 1733 1064 1793; x_wconf 90' lang='lat' dir='ltr'><strong>in·</strong></span> 
     </span>
     <span class='ocr_line' id='line_1_19' title="bbox 137 1815 1065 1898; baseline 0.003 -24"><span class='ocrx_word' id='word_1_122' title='bbox 137 1815 197 1875; x_wconf 82' lang='lat' dir='ltr'><strong>ira:</strong></span> <span class='ocrx_word' id='word_1_123' title='bbox 234 1815 364 1875; x_wconf 77' lang='lat' dir='ltr'><strong>Potestis</strong></span> <span class='ocrx_word' id='word_1_124' title='bbox 387 1816 469 1876; x_wconf 92' lang='lat' dir='ltr'><strong>enim</strong></span> <span class='ocrx_word' id='word_1_125' title='bbox 498 1834 606 1877; x_wconf 83' lang='lat' dir='ltr'><strong>omnes</strong></span> <span class='ocrx_word' id='word_1_126' title='bbox 633 1836 688 1897; x_wconf 90' lang='lat' dir='ltr'><strong>per</strong></span> <span class='ocrx_word' id='word_1_127' title='bbox 709 1817 848 1897; x_wconf 79' lang='lat' dir='ltr'><strong>cingulos</strong></span> <span class='ocrx_word' id='word_1_128' title='bbox 869 1816 1065 1898; x_wconf 74' lang='lat' dir='ltr'><strong>prophetare,</strong></span> 
     </span>
     <span class='ocr_line' id='line_1_20' title="bbox 138 1897 1066 1980; baseline 0.003 -23"><span class='ocrx_word' id='word_1_129' title='bbox 138 1907 171 1957; x_wconf 92' lang='lat' dir='ltr'><strong>ut</strong></span> <span class='ocrx_word' id='word_1_130' title='bbox 194 1917 302 1959; x_wconf 84' lang='lat' dir='ltr'><strong>omnes</strong></span> <span class='ocrx_word' id='word_1_131' title='bbox 325 1897 445 1958; x_wconf 79' lang='lat' dir='ltr'><strong>discant</strong></span> <span class='ocrx_word' id='word_1_132' title='bbox 467 1906 498 1960; x_wconf 89' lang='lat' dir='ltr'><strong>et</strong></span> <span class='ocrx_word' id='word_1_133' title='bbox 519 1919 626 1960; x_wconf 80' lang='lat' dir='ltr'><strong>omnes</strong></span> <span class='ocrx_word' id='word_1_134' title='bbox 647 1900 856 1967; x_wconf 85' lang='lat' dir='ltr'><strong>exhortentur.</strong></span> <span class='ocrx_word' id='word_1_135' title='bbox 899 1901 958 1961; x_wconf 89' lang='lat' dir='ltr'><strong>Dic</strong></span> <span class='ocrx_word' id='word_1_136' title='bbox 979 1918 1066 1980; x_wconf 83' lang='lat' dir='ltr'><strong>ergo,</strong></span> 
     </span>
     <span class='ocr_line' id='line_1_21' title="bbox 138 1981 1065 2062; baseline 0.008 -21"><span class='ocrx_word' id='word_1_137' title='bbox 138 1981 280 2061; x_wconf 82' lang='lat' dir='ltr'><strong>quidest</strong></span> <span class='ocrx_word' id='word_1_138' title='bbox 311 1982 541 2061; x_wconf 82' lang='lat' dir='ltr'><strong>unnsquisque?</strong></span> <span class='ocrx_word' id='word_1_139' title='bbox 563 1984 635 2062; x_wconf 92' lang='lat' dir='ltr'><strong>qnid</strong></span> <span class='ocrx_word' id='word_1_140' title='bbox 659 1991 707 2044; x_wconf 87' lang='lat' dir='ltr'><strong>eat</strong></span> <span class='ocrx_word' id='word_1_141' title='bbox 738 1983 868 2045; x_wconf 76' lang='lat' dir='ltr'><strong>omnes?</strong></span> <span class='ocrx_word' id='word_1_142' title='bbox 909 1983 1065 2049; x_wconf 72' lang='lat' dir='ltr'><strong>Anraaou</strong></span> 
     </span>
     <span class='ocr_line' id='line_1_22' title="bbox 138 2065 728 2146; baseline 0.002 -21"><span class='ocrx_word' id='word_1_143' title='bbox 138 2066 223 2126; x_wconf 80' lang='lat' dir='ltr'><strong>coloe</strong></span> <span class='ocrx_word' id='word_1_144' title='bbox 247 2065 306 2125; x_wconf 88' lang='lat' dir='ltr'><strong>hac</strong></span> <span class='ocrx_word' id='word_1_145' title='bbox 328 2068 484 2127; x_wconf 88' lang='lat' dir='ltr'><strong>communi</strong></span> <span class='ocrx_word' id='word_1_146' title='bbox 506 2084 585 2131; x_wconf 86' lang='lat' dir='ltr'><strong>voce</strong></span> <span class='ocrx_word' id='word_1_147' title='bbox 611 2066 728 2146; x_wconf 78' lang='lat' dir='ltr'><strong>signat?</strong></span> 
     </span>
    </p>
   </div>
   <div class='ocr_carea' id='block_1_4' title="bbox 220 2148 1173 2223">
    <p class='ocr_par' dir='ltr' id='par_1_5' title="bbox 220 2148 1173 2223">
     <span class='ocr_line' id='line_1_23' title="bbox 220 2148 1173 2223; baseline 0.002 -15"><span class='ocrx_word' id='word_1_148' title='bbox 220 2148 322 2223; x_wconf 75' lang='lat' dir='ltr'><strong>Quare</strong></span> <span class='ocrx_word' id='word_1_149' title='bbox 343 2152 416 2210; x_wconf 80' lang='lat' dir='ltr'><strong>actia</strong></span> <span class='ocrx_word' id='word_1_150' title='bbox 439 2150 532 2212; x_wconf 90' lang='lat' dir='ltr'><strong>modo</strong></span> <span class='ocrx_word' id='word_1_151' title='bbox 555 2151 603 2217; x_wconf 83' lang='lat' dir='ltr'><strong>hie</strong></span> <span class='ocrx_word' id='word_1_152' title='bbox 625 2151 701 2212; x_wconf 79' lang='lat' dir='ltr'><strong>locis</strong></span> <span class='ocrx_word' id='word_1_153' title='bbox 723 2150 934 2213; x_wconf 78' lang='lat' dir='ltr'><strong>robustissime</strong></span> <span class='ocrx_word' id='word_1_154' title='bbox 956 2157 988 2211; x_wconf 86' lang='lat' dir='ltr'><strong>at</strong></span> <span class='ocrx_word' id='word_1_155' title='bbox 1003 2150 1062 2219; x_wconf 66' lang='lat' dir='ltr'><strong>olas</strong></span> <span class='ocrx_word' id='word_1_156' title='bbox 1169 2162 1173 2167; x_wconf 88' lang='grc'><em>·</em></span> 
     </span>
    </p>
   </div>
   <div class='ocr_carea' id='block_1_5' title="bbox 135 2232 1089 2900">
    <p class='ocr_par' dir='ltr' id='par_1_6' title="bbox 135 2232 1089 2900">
     <span class='ocr_line' id='line_1_24' title="bbox 137 2232 1065 2312; baseline 0.008 -20"><span class='ocrx_word' id='word_1_157' title='bbox 137 2232 258 2292; x_wconf 73' lang='lat' dir='ltr'><strong>menime</strong></span> <span class='ocrx_word' id='word_1_158' title='bbox 279 2232 432 2293; x_wconf 84' lang='lat' dir='ltr'><strong>firmatum</strong></span> <span class='ocrx_word' id='word_1_159' title='bbox 456 2236 504 2312; x_wconf 83' lang='lat' dir='ltr'><strong>ait,</strong></span> <span class='ocrx_word' id='word_1_160' title='bbox 526 2235 727 2296; x_wconf 83' lang='lat' dir='ltr'><strong>ministerium</strong></span> <span class='ocrx_word' id='word_1_161' title='bbox 751 2233 834 2295; x_wconf 89' lang='lat' dir='ltr'><strong>verbi</strong></span> <span class='ocrx_word' id='word_1_162' title='bbox 857 2253 1010 2295; x_wconf 77' lang='lat' dir='ltr'><strong>summum</strong></span> <span class='ocrx_word' id='word_1_163' title='bbox 1031 2235 1065 2299; x_wconf 75' lang='lat' dir='ltr'><strong>in</strong></span> 
     </span>
     <span class='ocr_line' id='line_1_25' title="bbox 136 2314 1063 2398; baseline 0.002 -22"><span class='ocrx_word' id='word_1_164' title='bbox 136 2317 269 2377; x_wconf 83' lang='lat' dir='ltr'><strong>ecclesia</strong></span> <span class='ocrx_word' id='word_1_165' title='bbox 291 2314 427 2376; x_wconf 86' lang='lat' dir='ltr'><strong>officium</strong></span> <span class='ocrx_word' id='word_1_166' title='bbox 454 2335 537 2396; x_wconf 81' lang='lat' dir='ltr'><strong>ease,</strong></span> <span class='ocrx_word' id='word_1_167' title='bbox 562 2336 687 2398; x_wconf 78' lang='lat' dir='ltr'><strong>prorsus</strong></span> <span class='ocrx_word' id='word_1_168' title='bbox 723 2321 847 2379; x_wconf 89' lang='lat' dir='ltr'><strong>unicum</strong></span> <span class='ocrx_word' id='word_1_169' title='bbox 868 2328 900 2378; x_wconf 90' lang='lat' dir='ltr'><strong>et</strong></span> <span class='ocrx_word' id='word_1_170' title='bbox 920 2320 1063 2380; x_wconf 78' lang='lat' dir='ltr'><strong>omnibus</strong></span> 
     </span>
     <span class='ocr_line' id='line_1_26' title="bbox 137 2398 1089 2483; baseline 0.007 -25"><span class='ocrx_word' id='word_1_171' title='bbox 137 2416 310 2478; x_wconf 91' lang='lat' dir='ltr'><strong>commune,</strong></span> <span class='ocrx_word' id='word_1_172' title='bbox 333 2401 384 2479; x_wconf 90' lang='lat' dir='ltr'><strong>qni</strong></span> <span class='ocrx_word' id='word_1_173' title='bbox 408 2398 569 2461; x_wconf 80' lang='lat' dir='ltr'><strong>Christiani</strong></span> <span class='ocrx_word' id='word_1_174' title='bbox 592 2408 672 2483; x_wconf 85' lang='lat' dir='ltr'><strong>aunt,</strong></span> <span class='ocrx_word' id='word_1_175' title='bbox 696 2420 759 2461; x_wconf 92' lang='lat' dir='ltr'><strong>non</strong></span> <span class='ocrx_word' id='word_1_176' title='bbox 783 2400 876 2462; x_wconf 95' lang='lat' dir='ltr'><strong>modo</strong></span> <span class='ocrx_word' id='word_1_177' title='bbox 897 2402 980 2483; x_wconf 87' lang='lat' dir='ltr'><strong>iure,</strong></span> <span class='ocrx_word' id='word_1_178' title='bbox 1008 2401 1089 2465; x_wconf 83' lang='lat' dir='ltr'><strong>aed&#39;</strong></span> 
     </span>
     <span class='ocr_line' id='line_1_27' title="bbox 136 2482 1065 2564; baseline 0.004 -21"><span class='ocrx_word' id='word_1_179' title='bbox 136 2491 168 2543; x_wconf 88' lang='lat' dir='ltr'><strong>et</strong></span> <span class='ocrx_word' id='word_1_180' title='bbox 187 2493 366 2564; x_wconf 86' lang='lat' dir='ltr'><strong>praecepto.</strong></span> <span class='ocrx_word' id='word_1_181' title='bbox 409 2482 511 2558; x_wconf 77' lang='lat' dir='ltr'><strong>Quare</strong></span> <span class='ocrx_word' id='word_1_182' title='bbox 543 2491 576 2544; x_wconf 86' lang='lat' dir='ltr'><strong>et</strong></span> <span class='ocrx_word' id='word_1_183' title='bbox 602 2484 808 2545; x_wconf 82' lang='lat' dir='ltr'><strong>sacerdotium</strong></span> <span class='ocrx_word' id='word_1_184' title='bbox 831 2503 894 2547; x_wconf 92' lang='lat' dir='ltr'><strong>non</strong></span> <span class='ocrx_word' id='word_1_185' title='bbox 918 2488 977 2547; x_wconf 78' lang='lat' dir='ltr'><strong>nisi</strong></span> <span class='ocrx_word' id='word_1_186' title='bbox 1000 2487 1065 2547; x_wconf 90' lang='lat' dir='ltr'><strong>uni·</strong></span> 
     </span>
     <span class='ocr_line' id='line_1_28' title="bbox 136 2567 1065 2647; baseline 0.005 -21"><span class='ocrx_word' id='word_1_187' title='bbox 136 2583 204 2627; x_wconf 93' lang='lat' dir='ltr'><strong>cnm</strong></span> <span class='ocrx_word' id='word_1_188' title='bbox 228 2573 260 2627; x_wconf 93' lang='lat' dir='ltr'><strong>et</strong></span> <span class='ocrx_word' id='word_1_189' title='bbox 280 2585 445 2627; x_wconf 86' lang='lat' dir='ltr'><strong>commune</strong></span> <span class='ocrx_word' id='word_1_190' title='bbox 458 2570 523 2647; x_wconf 91' lang='lat' dir='ltr'><strong>erit,</strong></span> <span class='ocrx_word' id='word_1_191' title='bbox 548 2572 580 2627; x_wconf 88' lang='lat' dir='ltr'><strong>nt</strong></span> <span class='ocrx_word' id='word_1_192' title='bbox 601 2567 678 2627; x_wconf 92' lang='lat' dir='ltr'><strong>nihil</strong></span> <span class='ocrx_word' id='word_1_193' title='bbox 691 2568 816 2629; x_wconf 87' lang='lat' dir='ltr'><strong>valeant</strong></span> <span class='ocrx_word' id='word_1_194' title='bbox 827 2569 974 2631; x_wconf 76' lang='lat' dir='ltr'><strong>adversus</strong></span> <span class='ocrx_word' id='word_1_195' title='bbox 985 2570 1065 2633; x_wconf 87' lang='lat' dir='ltr'><strong>haec</strong></span> 
     </span>
     <span class='ocr_line' id='line_1_29' title="bbox 136 2649 1062 2733; baseline 0.004 -23"><span class='ocrx_word' id='word_1_196' title='bbox 136 2649 239 2711; x_wconf 86' lang='lat' dir='ltr'><strong>divina</strong></span> <span class='ocrx_word' id='word_1_197' title='bbox 271 2651 399 2711; x_wconf 80' lang='lat' dir='ltr'><strong>fulmina</strong></span> <span class='ocrx_word' id='word_1_198' title='bbox 429 2649 539 2712; x_wconf 86' lang='lat' dir='ltr'><strong>infiniti</strong></span> <span class='ocrx_word' id='word_1_199' title='bbox 571 2652 694 2730; x_wconf 76' lang='lat' dir='ltr'><strong>Patres,</strong></span> <span class='ocrx_word' id='word_1_200' title='bbox 726 2654 886 2713; x_wconf 88' lang='lat' dir='ltr'><strong>innumera</strong></span> <span class='ocrx_word' id='word_1_201' title='bbox 914 2652 1062 2733; x_wconf 75' lang='lat' dir='ltr'><strong>Concilio,</strong></span> 
     </span>
     <span class='ocr_line' id='line_1_30' title="bbox 135 2734 1063 2819; baseline 0.008 -26"><span class='ocrx_word' id='word_1_202' title='bbox 135 2743 261 2796; x_wconf 85' lang='lat' dir='ltr'><strong>aeterna</strong></span> <span class='ocrx_word' id='word_1_203' title='bbox 299 2734 489 2797; x_wconf 80' lang='lat' dir='ltr'><strong>consuetudo</strong></span> <span class='ocrx_word' id='word_1_204' title='bbox 528 2742 558 2796; x_wconf 93' lang='lat' dir='ltr'><strong>et</strong></span> <span class='ocrx_word' id='word_1_205' title='bbox 587 2736 720 2796; x_wconf 84' lang='lat' dir='ltr'><strong>universi</strong></span> <span class='ocrx_word' id='word_1_206' title='bbox 758 2737 862 2795; x_wconf 91' lang='lat' dir='ltr'><strong>mnndi</strong></span> <span class='ocrx_word' id='word_1_207' title='bbox 894 2736 1063 2819; x_wconf 92' lang='lat' dir='ltr'><strong>multitudo,</strong></span> 
     </span>
     <span class='ocr_line' id='line_1_31' title="bbox 136 2817 1060 2900; baseline 0.011 -24"><span class='ocrx_word' id='word_1_208' title='bbox 136 2817 245 2894; x_wconf 86' lang='lat' dir='ltr'><strong>quibua</strong></span> <span class='ocrx_word' id='word_1_209' title='bbox 266 2819 389 2900; x_wconf 78' lang='lat' dir='ltr'><strong>stipulis</strong></span> <span class='ocrx_word' id='word_1_210' title='bbox 410 2838 501 2881; x_wconf 81' lang='lat' dir='ltr'><strong>rarae</strong></span> <span class='ocrx_word' id='word_1_211' title='bbox 522 2820 628 2881; x_wconf 86' lang='lat' dir='ltr'><strong>larvae</strong></span> <span class='ocrx_word' id='word_1_212' title='bbox 649 2822 787 2882; x_wconf 90' lang='lat' dir='ltr'><strong>nituntur</strong></span> <span class='ocrx_word' id='word_1_213' title='bbox 808 2838 895 2879; x_wconf 83' lang='lat' dir='ltr'><strong>sunm</strong></span> <span class='ocrx_word' id='word_1_214' title='bbox 918 2825 1060 2886; x_wconf 73' lang='lat' dir='ltr'><strong>cacerdo-</strong></span> 
     </span>
    </p>
   </div>
   <div class='ocr_carea' id='block_1_6' title="bbox 131 2912 1062 3746">
    <p class='ocr_par' dir='ltr' id='par_1_7' title="bbox 134 2912 376 2976">
     <span class='ocr_line' id='line_1_32' title="bbox 134 2912 376 2976; baseline -0.008 0"><span class='ocrx_word' id='word_1_215' title='bbox 134 2917 207 2976; x_wconf 87' lang='lat' dir='ltr'><strong>tinm</strong></span> <span class='ocrx_word' id='word_1_216' title='bbox 230 2912 376 2974; x_wconf 82' lang='lat' dir='ltr'><strong>stabilire.</strong></span> 
     </span>
    </p>

    <p class='ocr_par' dir='ltr' id='par_1_8' title="bbox 131 2994 1062 3746">
     <span class='ocr_line' id='line_1_33' title="bbox 217 2994 1062 3077; baseline 0 -19"><span class='ocrx_word' id='word_1_217' title='bbox 217 2995 391 3058; x_wconf 82' lang='lat' dir='ltr'><strong>Secundum</strong></span> <span class='ocrx_word' id='word_1_218' title='bbox 414 2994 566 3074; x_wconf 83' lang='lat' dir='ltr'><strong>officium,</strong></span> <span class='ocrx_word' id='word_1_219' title='bbox 603 2995 772 3077; x_wconf 83' lang='lat' dir='ltr'><strong>baptisare,</strong></span> <span class='ocrx_word' id='word_1_220' title='bbox 806 3013 862 3056; x_wconf 81' lang='lat' dir='ltr'><strong>nau</strong></span> <span class='ocrx_word' id='word_1_221' title='bbox 884 2996 1008 3057; x_wconf 91' lang='lat' dir='ltr'><strong>tandem</strong></span> <span class='ocrx_word' id='word_1_222' title='bbox 1030 3005 1062 3058; x_wconf 89' lang='lat' dir='ltr'><strong>et</strong></span> 
     </span>
     <span class='ocr_line' id='line_1_34' title="bbox 133 3078 1059 3162; baseline -0.001 -20"><span class='ocrx_word' id='word_1_223' title='bbox 133 3081 191 3162; x_wconf 86' lang='lat' dir='ltr'><strong>ipsi</strong></span> <span class='ocrx_word' id='word_1_224' title='bbox 215 3098 378 3141; x_wconf 89' lang='lat' dir='ltr'><strong>commune</strong></span> <span class='ocrx_word' id='word_1_225' title='bbox 399 3078 555 3161; x_wconf 80' lang='lat' dir='ltr'><strong>fenerant,</strong></span> <span class='ocrx_word' id='word_1_226' title='bbox 578 3081 670 3141; x_wconf 87' lang='lat' dir='ltr'><strong>etiam</strong></span> <span class='ocrx_word' id='word_1_227' title='bbox 695 3078 879 3140; x_wconf 75' lang='lat' dir='ltr'><strong>mulierculis</strong></span> <span class='ocrx_word' id='word_1_228' title='bbox 899 3082 930 3139; x_wconf 94' lang='lat' dir='ltr'><strong>in</strong></span> <span class='ocrx_word' id='word_1_229' title='bbox 954 3099 1059 3141; x_wconf 84' lang='lat' dir='ltr'><strong>necee-</strong></span> 
     </span>
     <span class='ocr_line' id='line_1_35' title="bbox 134 3163 1062 3246; baseline 0 -22"><span class='ocrx_word' id='word_1_230' title='bbox 134 3168 233 3246; x_wconf 82' lang='lat' dir='ltr'><strong>sitate,</strong></span> <span class='ocrx_word' id='word_1_231' title='bbox 256 3163 335 3224; x_wconf 84' lang='lat' dir='ltr'><strong>adeo</strong></span> <span class='ocrx_word' id='word_1_232' title='bbox 371 3169 405 3223; x_wconf 84' lang='lat' dir='ltr'><strong>ut</strong></span> <span class='ocrx_word' id='word_1_233' title='bbox 424 3182 505 3242; x_wconf 88' lang='lat' dir='ltr'><strong>pene</strong></span> <span class='ocrx_word' id='word_1_234' title='bbox 526 3163 719 3224; x_wconf 76' lang='lat' dir='ltr'><strong>sacerdotale</strong></span> <span class='ocrx_word' id='word_1_235' title='bbox 753 3163 887 3225; x_wconf 83' lang='lat' dir='ltr'><strong>officium</strong></span> <span class='ocrx_word' id='word_1_236' title='bbox 909 3182 977 3224; x_wconf 81' lang='lat' dir='ltr'><strong>esee</strong></span> <span class='ocrx_word' id='word_1_237' title='bbox 999 3182 1062 3224; x_wconf 93' lang='lat' dir='ltr'><strong>non</strong></span> 
     </span>
     <span class='ocr_line' id='line_1_36' title="bbox 134 3246 1062 3330; baseline 0.001 -23"><span class='ocrx_word' id='word_1_238' title='bbox 134 3249 282 3310; x_wconf 85' lang='lat' dir='ltr'><strong>videatur.</strong></span> <span class='ocrx_word' id='word_1_239' title='bbox 325 3246 386 3309; x_wconf 81' lang='lat' dir='ltr'><strong>seu</strong></span> <span class='ocrx_word' id='word_1_240' title='bbox 400 3246 504 3327; x_wconf 87' lang='lat' dir='ltr'><strong>velint,</strong></span> <span class='ocrx_word' id='word_1_241' title='bbox 527 3247 635 3330; x_wconf 85' lang='lat' dir='ltr'><strong>nolint,</strong></span> <span class='ocrx_word' id='word_1_242' title='bbox 659 3247 719 3309; x_wconf 92' lang='lat' dir='ltr'><strong>boc</strong></span> <span class='ocrx_word' id='word_1_243' title='bbox 735 3248 803 3327; x_wconf 79' lang='lat' dir='ltr'><strong>ipso</strong></span> <span class='ocrx_word' id='word_1_244' title='bbox 824 3248 944 3307; x_wconf 88' lang='lat' dir='ltr'><strong>illorum</strong></span> <span class='ocrx_word' id='word_1_245' title='bbox 969 3266 1062 3308; x_wconf 79' lang='lat' dir='ltr'><strong>aenou</strong></span> 
     </span>
     <span class='ocr_line' id='line_1_37' title="bbox 134 3330 1061 3411; baseline 0 -20"><span class='ocrx_word' id='word_1_246' title='bbox 134 3331 298 3392; x_wconf 82' lang='lat' dir='ltr'><strong>obstrictos</strong></span> <span class='ocrx_word' id='word_1_247' title='bbox 321 3337 477 3411; x_wconf 78' lang='lat' dir='ltr'><strong>tenemus,</strong></span> <span class='ocrx_word' id='word_1_248' title='bbox 511 3349 581 3391; x_wconf 81' lang='lat' dir='ltr'><strong>ease</strong></span> <span class='ocrx_word' id='word_1_249' title='bbox 617 3350 725 3392; x_wconf 83' lang='lat' dir='ltr'><strong>omnes</strong></span> <span class='ocrx_word' id='word_1_250' title='bbox 759 3339 789 3391; x_wconf 91' lang='lat' dir='ltr'><strong>et</strong></span> <span class='ocrx_word' id='word_1_251' title='bbox 810 3330 895 3392; x_wconf 80' lang='lat' dir='ltr'><strong>color</strong></span> <span class='ocrx_word' id='word_1_252' title='bbox 918 3330 1061 3391; x_wconf 85' lang='lat' dir='ltr'><strong>Christia-</strong></span> 
     </span>
     <span class='ocr_line' id='line_1_38' title="bbox 133 3413 1060 3496; baseline 0.001 -22"><span class='ocrx_word' id='word_1_253' title='bbox 133 3433 208 3496; x_wconf 85' lang='lat' dir='ltr'><strong>noa,</strong></span> <span class='ocrx_word' id='word_1_254' title='bbox 235 3415 331 3474; x_wconf 89' lang='lat' dir='ltr'><strong>etiam</strong></span> <span class='ocrx_word' id='word_1_255' title='bbox 354 3413 513 3491; x_wconf 79' lang='lat' dir='ltr'><strong>mulieres,</strong></span> <span class='ocrx_word' id='word_1_256' title='bbox 547 3413 666 3494; x_wconf 77' lang='lat' dir='ltr'><strong>absque</strong></span> <span class='ocrx_word' id='word_1_257' title='bbox 699 3433 806 3475; x_wconf 83' lang='lat' dir='ltr'><strong>reama</strong></span> <span class='ocrx_word' id='word_1_258' title='bbox 835 3424 865 3474; x_wconf 90' lang='lat' dir='ltr'><strong>et</strong></span> <span class='ocrx_word' id='word_1_259' title='bbox 892 3414 1060 3494; x_wconf 80' lang='lat' dir='ltr'><strong>episcopali</strong></span> 
     </span>
     <span class='ocr_line' id='line_1_39' title="bbox 133 3495 1060 3578; baseline -0.001 -20"><span class='ocrx_word' id='word_1_260' title='bbox 133 3496 311 3559; x_wconf 85' lang='lat' dir='ltr'><strong>charactere</strong></span> <span class='ocrx_word' id='word_1_261' title='bbox 332 3495 520 3560; x_wconf 78' lang='lat' dir='ltr'><strong>sacerdotes.</strong></span> <span class='ocrx_word' id='word_1_262' title='bbox 563 3497 641 3558; x_wconf 87' lang='lat' dir='ltr'><strong>Nam</strong></span> <span class='ocrx_word' id='word_1_263' title='bbox 663 3499 743 3558; x_wconf 88' lang='lat' dir='ltr'><strong>inter</strong></span> <span class='ocrx_word' id='word_1_264' title='bbox 765 3498 1060 3578; x_wconf 75' lang='lat' dir='ltr'><strong>baptisandnmpro·</strong></span> 
     </span>
     <span class='ocr_line' id='line_1_40' title="bbox 131 3577 1061 3661; baseline -0.003 -17"><span class='ocrx_word' id='word_1_265' title='bbox 131 3581 227 3644; x_wconf 86' lang='lat' dir='ltr'><strong>fertur</strong></span> <span class='ocrx_word' id='word_1_266' title='bbox 248 3579 375 3642; x_wconf 88' lang='lat' dir='ltr'><strong>verbnm</strong></span> <span class='ocrx_word' id='word_1_267' title='bbox 398 3580 454 3639; x_wconf 89' lang='lat' dir='ltr'><strong>Dei</strong></span> <span class='ocrx_word' id='word_1_268' title='bbox 477 3577 641 3661; x_wconf 87' lang='lat' dir='ltr'><strong>vivificum,</strong></span> <span class='ocrx_word' id='word_1_269' title='bbox 663 3581 745 3660; x_wconf 90' lang='lat' dir='ltr'><strong>qnod</strong></span> <span class='ocrx_word' id='word_1_270' title='bbox 768 3583 887 3641; x_wconf 85' lang='lat' dir='ltr'><strong>animas</strong></span> <span class='ocrx_word' id='word_1_271' title='bbox 898 3586 1061 3661; x_wconf 85' lang='lat' dir='ltr'><strong>regenerat</strong></span> 
     </span>
     <span class='ocr_line' id='line_1_41' title="bbox 133 3662 1061 3746; baseline -0.001 -20"><span class='ocrx_word' id='word_1_272' title='bbox 133 3674 163 3726; x_wconf 87' lang='lat' dir='ltr'><strong>et</strong></span> <span class='ocrx_word' id='word_1_273' title='bbox 185 3686 204 3728; x_wconf 98' lang='lat' dir='ltr'><strong>a</strong></span> <span class='ocrx_word' id='word_1_274' title='bbox 225 3670 324 3726; x_wconf 87' lang='lat' dir='ltr'><strong>morte</strong></span> <span class='ocrx_word' id='word_1_275' title='bbox 345 3682 383 3724; x_wconf 83' lang='lat' dir='ltr'><strong>ac</strong></span> <span class='ocrx_word' id='word_1_276' title='bbox 405 3663 542 3744; x_wconf 79' lang='lat' dir='ltr'><strong>peccatis</strong></span> <span class='ocrx_word' id='word_1_277' title='bbox 563 3664 700 3745; x_wconf 87' lang='lat' dir='ltr'><strong>redimit,</strong></span> <span class='ocrx_word' id='word_1_278' title='bbox 731 3662 814 3744; x_wconf 91' lang='lat' dir='ltr'><strong>qnod</strong></span> <span class='ocrx_word' id='word_1_279' title='bbox 836 3673 883 3726; x_wconf 84' lang='lat' dir='ltr'><strong>ert</strong></span> <span class='ocrx_word' id='word_1_280' title='bbox 904 3666 1061 3746; x_wconf 78' lang='lat' dir='ltr'><strong>incompc</strong></span> 
     </span>
    </p>
   </div>
   <div class='ocr_carea' id='block_1_7' title="bbox 132 3750 1056 3841">
    <p class='ocr_par' dir='ltr' id='par_1_9' title="bbox 132 3750 1056 3841">
     <span class='ocr_line' id='line_1_42' title="bbox 132 3750 1056 3841; baseline 0.006 -31"><span class='ocrx_word' id='word_1_281' title='bbox 132 3751 267 3814; x_wconf 85' lang='lat' dir='ltr'><strong>rabiliter</strong></span> <span class='ocrx_word' id='word_1_282' title='bbox 290 3750 403 3832; x_wconf 81' lang='lat' dir='ltr'><strong>maine,</strong></span> <span class='ocrx_word' id='word_1_283' title='bbox 435 3768 526 3841; x_wconf 77' lang='lat' dir='ltr'><strong>qnam</strong></span> <span class='ocrx_word' id='word_1_284' title='bbox 549 3762 660 3833; x_wconf 86' lang='lat' dir='ltr'><strong>panem</strong></span> <span class='ocrx_word' id='word_1_285' title='bbox 684 3756 714 3814; x_wconf 90' lang='lat' dir='ltr'><strong>el</strong></span> <span class='ocrx_word' id='word_1_286' title='bbox 737 3753 840 3813; x_wconf 89' lang='lat' dir='ltr'><strong>vinnm</strong></span> <span class='ocrx_word' id='word_1_287' title='bbox 863 3769 1056 3838; x_wconf 76' lang='lat' dir='ltr'><strong>consecrare,</strong></span> 
     </span>
    </p>
   </div>
   <div class='ocr_carea' id='block_1_8' title="bbox 0 0 1200 4170">
    <p class='ocr_par' dir='ltr' id='par_1_10' title="bbox 0 0 1200 4170">
     <span class='ocr_line' id='line_1_43' title="bbox 0 0 1200 4170; baseline 0 2"><span class='ocrx_word' id='word_1_288' title='bbox 0 0 1200 4170; x_wconf 95' lang='lat' dir='ltr'><strong> </strong></span> 
     </span>
    </p>
   </div>
  </div>
 </body>
</html>
