2392 4170
137 228 200 297 190
330 231 459 305 Assertio
485 248 560 289 οιιιιι.
578 235 655 291 artic
676 232 708 293 [b
727 231 762 289 n
783 231 809 291 t.
828 248 877 302 per

145 393 267 467 ceptum
292 386 331 447 de
354 387 523 453 venialibus
545 385 727 451 confitendis
749 385 925 453 secerdoti?
961 385 1105 455 Nosne„

88 487 98 497 ‘
143 471 267 550 ipsimet
288 471 393 535 dicunt
414 489 524 532 omnes
547 472 738 552 unanimiter,
766 469 899 534 venialia
920 488 983 537 uon
1006 489 1071 550 pes-

144 556 240 615 tiaere
261 554 300 621 ed
322 553 569 617 consessionem?
593 553 654 615 (ior
676 572 749 632 ergo
773 573 830 621 sua
849 554 974 632 propria
989 552 1073 619 dam-

143 643 219 699 nant
240 644 365 717 propter
387 637 457 699 me?
492 637 620 712 Deinde,
643 656 712 697 cum
732 636 984 716 temperemus
1006 637 1073 701 eine

141 722 367 783 intermissione
390 720 558 799 venialiter,
581 721 649 799 quis
672 720 727 785 erit
746 718 815 781 finis
830 728 862 783 et
875 719 985 785 modus
999 737 1072 785 oon·

123 803 271 865 'fitendii
314 805 362 864 An
394 803 512 864 iiiude
541 803 678 865 Decretis
711 803 879 881 adducent,
914 822 940 867 o.
965 801 1073 865 Omnis

145 888 301 967 utriusque
322 906 425 966 sexus,
449 887 499 951 ubi
521 887 707 967 praecipitur
728 888 846 949 cunetis
866 879 1020 965 fidelibus,
1037 896 1073 957 ut

144 971 239 1030 semei
261 971 291 1030 in
313 989 395 1030 anno
425 972 560 1031 omnium
583 988 708 1030 suorum
737 978 935 1049 peccatorum
959 970 1074 1035 iaciant

144 1053 392 1115 confessionem?
435 1053 475 1113 At
507 1055 575 1133 quis
606 1073 660 1134 per
688 1055 792 1117 omnia
818 1061 949 1133 peccata
979 1054 1071 1112 etiam

144 1138 276 1198 venieiia
306 1136 469 1215 inteiligit?
513 1139 574 1198 Aut
606 1156 668 1218 quo
696 1135 782 1197 iure?
812 1154 876 1215 quo
898 1135 1074 1216 Scripturoe

144 1223 307 1282 autoritate
330 1220 414 1300 Papa
435 1223 612 1301 praecipere
641 1227 744 1300 potest
773 1220 903 1281 venialia
931 1221 970 1280 ed
1000 1238 1073 1283 con·

141 1305 309 1366 sessionem
337 1304 512 1384 pertinere?
556 1303 634 1365 Vide
663 1322 737 1383 ergo
767 1303 919 1367 mirabiles
948 1302 1074 1369 domna·

143 1396 237 1464 tores,
256 1387 294 1446 de
316 1387 384 1449 sala
405 1388 564 1449 voluntate
587 1406 644 1452 sua
663 1394 905 1466 praesumentes,
935 1388 1072 1456 omnium

143 1471 295 1550 omnibus,
317 1472 410 1535 etiam
432 1472 495 1531 suis
517 1473 652 1550 ipsomm
674 1471 833 1541 sententiis
850 1470 1072 1536 contradicere.

225 1555 294 1615 Jem
316 1553 508 1634 impossibile
534 1573 619 1631 csse,
647 1563 680 1614 nt
704 1556 811 1616 omnia
833 1554 973 1615 mortniia
1000 1571 1073 1632 cog·

143 1656 272 1716 noscas,
304 1637 564 1700 evidentissimum
587 1645 635 1702 eat
656 1656 696 1703 ex
717 1637 796 1704 Psoi.
820 1636 906 1710 19.1)
919 1659 925 1696 :
938 1636 1074 1703 ‘Delicta

143 1723 211 1801 quis
239 1719 402 1801 intelligit?
434 1721 473 1783 ab
503 1719 631 1783 occultis
664 1722 739 1783 meis
766 1720 880 1785 muodo
907 1740 967 1787 me.
1011 1719 1074 1785 cur

142 1805 224 1865 huno
245 1805 428 1886 prophetem
458 1823 520 1867 non
544 1805 704 1879 damnant,
737 1824 776 1863 ex
804 1806 891 1871 auius
919 1822 973 1868 ore
1002 1822 1074 1871 men

144 1887 237 1954 verba
258 1886 356 1949 fluunt
378 1894 409 1953 et
429 1887 574 1968 pendent,
597 1888 648 1965 qni
670 1895 700 1947 et
714 1886 792 1950 Paul.
805 1892 833 1951 7.
855 1889 975 1953 titutum
988 1887 1071 1968 faoit,

143 1990 199 2052 pro
221 1972 395 2050 ignorantia
417 1989 488 2047 sne,
514 1971 544 2030 in
568 1988 628 2053 quo
652 1989 713 2035 noo
736 1971 794 2035 nisi
817 1989 875 2051 pro
895 1971 1018 2037 occulto
1041 1976 1073 2032 et

143 2058 285 2135 ignorato
308 2054 365 2114 sibi
386 2061 517 2133 peccato
539 2061 690 2133 precatur.
732 2052 815 2119 idem
839 2073 942 2118 rursus
960 2053 1072 2117 Psalm.

144 2137 260 2212 143²):
283 2137 352 2197 Non
374 2138 467 2196 intres
490 2138 520 2197 in
543 2136 686 2199 iudicium
710 2155 777 2203 oum
793 2157 884 2202 servo
906 2145 975 2213 tuo,
999 2138 1072 2216 quia

141 2241 204 2282 non
230 2219 442 2281 iustificabitur
473 2220 503 2278 in
534 2227 703 2300 conspectu
736 2230 788 2281 tuo
822 2223 923 2287 omnis
952 2222 1096 2285 vivens.-

140 2305 207 2366 Nec
229 2311 332 2384 potest
357 2303 407 2363 hio
435 2304 511 2384 dici,
541 2303 653 2364 delicte
680 2305 802 2367 occuito
826 2324 898 2370 csse
930 2304 1069 2382 veniatis,

142 2407 210 2449 oum
234 2407 295 2447 non
318 2386 475 2447 iustificari
499 2387 557 2449 hoc
579 2387 679 2467 ipsum
697 2389 755 2467 sit,
784 2388 913 2451 morteie
936 2394 965 2448 et
986 2387 1071 2451 dom-

143 2471 253 2534 nabile.
277 2469 309 2530 Si
331 2490 404 2550 ergo
418 2469 522 2532 Sancti
544 2471 659 2533 babent
672 2471 811 2537 mortalia
826 2480 967 2552 peccate,
990 2490 1072 2552 quoe

141 2557 301 2636 ignorant,
324 2562 450 2635 propter
470 2573 550 2634 quae
572 2555 806 2633 damnarentur,
834 2557 891 2619 nisi
914 2554 1072 2615 humiliet

141 2639 276 2719 generali
299 2639 494 2698 confessione
516 2640 729 2718 praevenirent
751 2638 990 2699 misericordiam
1013 2638 1070 2698 Dei

141 2726 363 2804 ignoscentem,
386 2722 457 2801 quid
476 2741 533 2782 nos
556 2722 704 2786 ardemus
727 2723 859 2783 tribuere
880 2723 981 2802 impiis
998 2740 1074 2802 poe-

142 2806 307 2867 nitentibus
321 2817 393 2866 ante
406 2808 546 2886 gretiam,
561 2815 594 2866 ut
608 2808 711 2866 omnic
727 2808 847 2887 possint
859 2803 1071 2886 cognoscere?

225 2891 252 2953 0
275 2892 408 2949 caecitas
431 2889 630 2969 deplorando,
653 2907 756 2949 nonne
769 2890 905 2951 Christus
918 2887 1072 2969 praedixit

141 2975 253 3054 impios
275 2974 355 3034 adeo
378 2991 492 3034 caecos
512 2991 596 3049 csse,
623 2979 655 3033 nt
681 2975 774 3034 etiem
798 2973 969 3036 occidendo
998 2990 1071 3052 cpo-

142 3058 240 3118 stoios
263 3056 444 3117 arbitrentur
465 3075 534 3116 sese
552 3056 731 3136 obsequium
754 3066 911 3137 praestare
930 3056 1067 3135 'Deo‘?*)

142 3139 360 3220 ecquomodo
388 3142 407 3200 ii
438 3149 565 3220 peccata
602 3160 657 3201 sue
685 3141 829 3201 mor-tolie
861 3138 1071 3221 cognoscent?

142 3225 308 3301 Quomodo
331 3221 506 3298 Paulus**)
536 3244 575 3284 ea
598 3231 745 3304 cognovit
772 3226 893 3306 spirens
911 3225 1018 3289 credis
1041 3231 1072 3283 et

143 3310 302 3386 minarum,
334 3327 403 3370 cum
426 3318 527 3371 tameo
551 3311 654 3369 omnic
676 3309 792 3372 feceret
809 3328 891 3389 quae
913 3317 1021 3375 nosset
1037 3317 1072 3371 et

143 3400 259 3473 posset,
280 3393 359 3454 edeo
383 3402 416 3454 ut
439 3395 507 3457 sine
524 3394 651 3472 quercia
667 3414 736 3457 sese
753 3404 968 3459 conversatum
978 3401 1069 3459 reete

199 3663 230 3732 1)
250 3665 282 3717 In
302 3663 344 3716 ed
365 3665 450 3732 orig:
472 3664 513 3718 18.
549 3663 582 3729 2)
605 3662 687 3721 ibid:
709 3664 769 3719 142.

197 3737 342 3803 ⁸),iohan
363 3735 403 3790 16.
442 3737 486 3802 ⁸⁸)
501 3735 632 3789 Actorum
652 3737 677 3792 9.
