2392 4170
343 231 440 294 caea.
460 230 595 293 aemon
612 229 838 293 volterranense.
998 220 1061 297 sot

138 405 200 471 ilde
231 403 354 487 dignis,
394 406 450 468 sub
479 402 624 485 auspiciis
652 399 802 464 ecclesiae
830 420 893 463 non
926 402 1062 466 inisset

140 489 296 554 connubio
317 486 446 554 alienos.
489 488 564 567 Quis
587 487 666 549 enim
700 488 800 551 nescit
825 488 857 550 in
880 489 965 550 Actis
986 505 1062 568 apc-

138 574 300 652 stolicis')
324 571 513 656 Philippum,
536 591 626 653 quem
651 568 809 652 Scriptura
829 571 1060 650 Evangelistam

138 666 248 737 vocat,
269 679 309 721 ne
330 660 517 722 nesciremus
541 655 734 719 sacerdotem
760 657 863 722 inisse.
906 656 947 718 Et
967 655 1062 718 Elusa·

136 743 206 806 biue
227 741 267 803 de
289 743 369 804 Petri
403 761 501 804 uxore
528 741 632 803 multa.
675 740 757 803 Nota
778 746 826 802 est
851 736 1060 822 spiridonis¹i

139 827 277 905 historia,
300 827 351 904 qui
369 827 425 888 fnit
442 827 545 907 Cypri,
567 826 596 885 ni
621 824 720 904 fallor,
742 826 918 906 episeopus.
948 822 1064 885 Habuit
1132 866 1135 875 ·

141 928 269 972 uxorem
292 909 434 991 Hilarius,
457 911 502 971 vir
523 908 599 970 nulli
620 908 838 989 episcoporum
861 904 1062 969 occidentalis

140 992 292 1055 ecclesiae
331 993 501 1071 secundus,
536 992 718 1070 duravitque
746 1013 814 1056 moa
853 991 988 1053 nubendi
1030 991 1062 1051 in

141 1076 263 1139 Graeca
285 1075 420 1139 ecclesia
441 1077 479 1139 ad
501 1082 606 1138 nostra
619 1094 716 1154 usque
738 1082 887 1157 tempora.
917 1075 957 1135 Et
978 1092 1063 1137 acce

141 1161 186 1242 pit
217 1160 279 1222 boo
311 1163 416 1241 iugum
446 1161 551 1222 infelix
581 1157 747 1220 Germania
787 1180 856 1222 sero
886 1157 1063 1238 admodum,

140 1262 201 1305 nec
220 1244 280 1306 nisi
300 1251 425 1318 coacta,
454 1251 487 1305 ut
509 1243 622 1305 docent
644 1249 844 1305 monumenta
864 1243 1078 1304 historiarum·

141 1326 293 1389 ecclesiae
323 1328 533 1402 Coloniensis,
560 1327 633 1386 item
662 1325 917 1389 Constantiensis.
967 1325 1063 1386 Porro

140 1409 333 1492 Scripturas,
362 1430 438 1490 quas
460 1411 637 1485 citavimus,
670 1407 837 1490 pleraeque
868 1428 929 1471 non
962 1408 1062 1470 solnm

140 1494 248 1556 volunt
268 1495 362 1557 lisere
384 1495 507 1574 nuptias
530 1492 697 1573 quibusvis,
721 1493 774 1555 sed
797 1495 950 1575 imperant
970 1492 1063 1553 etiam

140 1577 204 1655 his,
233 1579 284 1658 qui
307 1579 443 1639 sentiunt
468 1578 557 1657 ignee
579 1577 687 1638 carnis.
731 1577 772 1639 Et
799 1578 838 1639 de
859 1566 928 1639 iure
957 1573 1061 1636 divino

142 1661 302 1741 hactenus,
326 1681 410 1721 nnnc
432 1661 471 1722 de
491 1660 649 1721 hominnm
675 1660 897 1724 traditionibus.

223 1744 266 1806 At
304 1745 426 1806 Patrnm
464 1743 706 1807 constitutiones
743 1751 849 1806 arcent
881 1763 900 1807 a
941 1741 1064 1822 nuptiis,

139 1827 273 1889 Primum
295 1829 353 1907 ipsi
376 1828 521 1905 viderint,
546 1845 637 1907 quam
660 1827 811 1889 rationem
840 1827 929 1888 buius
952 1824 1065 1887 consti-

141 1911 267 1972 tutionis
288 1911 356 1973 Deo
379 1913 440 1972 sint
461 1910 617 1990 reddituri,
649 1910 699 1989 qui
722 1917 840 1972 matum
863 1928 941 1972 onus
962 1909 1064 1988 impo-

139 2000 267 2054 suerunt
287 1996 392 2074 generi
413 1994 583 2068 hominnm,
605 2011 683 2072 qnos
706 1993 884 2056 sacerdotes
906 2009 1064 2056 vocamus.

141 2075 232 2138 Certe
253 2096 313 2157 ego
336 2097 398 2138 non
421 2077 527 2140 dubito
547 2076 835 2159 pseudoprophetas
848 2074 1064 2159 pronunciare,

140 2161 314 2239 quicunque
335 2161 459 2221 tandem
481 2162 594 2223 inerint
613 2159 704 2221 huius
726 2162 804 2243 legis
825 2166 960 2223 autores,

223 2244 342 2304 Deinde
369 2244 429 2305 boc
458 2244 555 2323 addo,
589 2263 650 2305 non
685 2264 754 2309 esse
787 2240 1064 2325 obtemperandum

139 2325 355 2389 traditionibus
387 2327 548 2405 humanis,
581 2325 679 2389 sicubi
706 2348 763 2408 per
797 2347 850 2389 eas
876 2327 1066 2408 periclitatur

139 2410 347 2484 conscientia,
374 2411 466 2474 Aeto.
491 2414 524 2475 5:
557 2410 689 2490 Oportet
715 2409 784 2473 Deo
814 2407 912 2490 magis
940 2406 1065 2471 obedire

136 2511 230 2572 quam
260 2493 453 2571 bominibus,
481 2499 511 2554 et
540 2496 566 2557 t.
590 2491 784 2559 Corinnae:
815 2494 916 2555 Pretio
951 2509 1064 2571 magno

137 2577 234 2656 empti
256 2578 346 2652 estis,
380 2577 475 2638 nolite
504 2575 571 2638 lieri
593 2577 674 2636 servi
697 2577 874 2653 hominnm3
901 2581 934 2638 et
953 2576 1065 2637 iterum

140 2662 168 2722 1.
190 2657 327 2721 Corinth.
351 2662 391 2725 3:
414 2660 526 2720 Omnia
544 2664 645 2719 vestra
667 2665 748 2737 sunt,
770 2660 836 2721 sive
857 2658 980 2735 Paulus,
999 2657 1065 2718 sive

137 2740 264 2821 Apollo,
285 2744 352 2805 sive
385 2742 526 2823 Oepbas3
556 2748 588 2804 et
616 2739 659 2804 ad
689 2742 851 2807 Colossen.
874 2742 912 2804 2:
941 2739 973 2802 Si
1003 2758 1065 2802 una

137 2843 206 2885 cum
246 2825 368 2888 Christo
404 2826 594 2887 intermortni
628 2827 701 2886 estis
734 2831 792 2892 etc.
853 2823 934 2901 Quid
966 2820 1068 2885 adhuc

136 2910 353 2971 conviventes
376 2908 590 2975 traditionibus
612 2907 797 2971 vexamini?
838 2906 910 2972 Non
932 2905 980 2968 bis
1001 2911 1066 2977 tan·

136 2997 213 3072 tum,
237 2992 292 3053 sed
307 2998 338 3054 et
352 2992 508 3073 plerisque
525 2991 594 3053 aliis
617 2991 710 3054 docet
723 2991 889 3072 Scriptura,
912 2991 942 3052 in
960 2994 1067 3051 nostin

135 3080 291 3155 potestate
314 3095 383 3137 esse
405 3075 444 3136 de
467 3075 626 3137 hominum
649 3074 862 3137 traditionibus
876 3073 1066 3154 dispensare,

134 3177 192 3237 pro
214 3165 323 3220 nostro
346 3160 453 3240 spiritu
475 3159 596 3238 quoties
619 3178 675 3240 per
696 3178 749 3220 eas
771 3158 988 3240 periclitamur.
1025 3153 1067 3217 nt

135 3241 331 3321 periclitabar
353 3260 430 3323 ego,
452 3241 524 3322 qnid
547 3260 622 3303 vero
652 3243 807 3304 facerem:
830 3261 903 3302 num
929 3240 1065 3302 divinam

135 3323 237 3405 legem
260 3325 372 3406 potius,
397 3345 477 3405 quae
499 3325 717 3386 scortationem
731 3330 827 3401 vetet,
851 3342 941 3403 quam
964 3323 1065 3404 ponti·

135 3406 232 3488 licias,
256 3426 336 3487 quae
357 3409 474 3488 nuptiis
495 3407 691 3488 interdicunt,
714 3407 888 3470 violarem?
918 3405 994 3483 Quis
1014 3405 1067 3468 hic

135 3496 198 3551 tam
221 3490 315 3552 durus
336 3491 426 3552 fuerit
444 3492 621 3571 episcopus,
642 3491 694 3572 qui
712 3510 798 3552 suam
812 3490 912 3573 legem
935 3490 981 3551 sic
1002 3489 1066 3551 exi·

136 3580 200 3654 gat,
221 3580 255 3634 ut
275 3574 408 3636 violetur
430 3574 543 3651 divina,
566 3579 620 3635 aut
643 3575 693 3655 qni
710 3574 797 3638 volet
816 3573 919 3636 fratris
940 3573 987 3634 ani
1003 3573 1067 3634 ani·

208 3756 239 3829 *)
260 3755 324 3813 Act
344 3759 388 3817 21.
426 3759 455 3824 1)
475 3756 507 3811 ln
524 3756 570 3814 ed.
589 3758 660 3813 len:
680 3754 855 3831 spiridionis.
