2392 4170
134 210 197 281 ato
424 215 586 284 ,munina
606 217 779 277 sanemus-

33 406 38 414 ·
135 370 260 451 cognita
294 371 421 433 veritate
437 372 564 437 scirent
599 388 653 433 eos
677 391 746 433 esse
767 372 916 448 curiosos.
960 371 1057 453 Magi·

133 455 185 515 atri
197 454 304 532 nostri,
317 452 347 513 id
358 452 441 534 quod
456 453 551 517 levius
564 461 639 533 erat,
651 456 747 518 secuti
757 463 838 534 sunt,
847 455 902 517 sed
915 453 999 536 quod
1014 454 1058 517 la·

134 535 217 597 boris
241 544 272 597 et
293 537 383 599 officii
413 537 483 617 suit,
516 537 660 600 cordibus
691 538 836 601 fidelium.
859 538 1057 619 reliquerunt,

135 620 207 700 quia
227 626 289 681 stat
310 622 475 683 sententia:
497 620 705 683 Lovanienses
728 641 789 684 uon
813 630 924 686 errant.

219 702 357 784 Denique
386 704 467 766 maie
495 725 544 765 me
573 704 682 780 habet,
712 706 794 784 quod
816 703 1056 784 Maximiiiauus,

136 805 196 867 quc
220 793 358 868 tempora
380 786 682 854 iudaeorumlibrcs
706 787 859 850 vexabant
880 787 1057 869 Sophistae,

135 888 198 932 nou
228 871 351 933 verterit
376 871 536 933 consilium
566 890 670 935 eornm
701 892 793 955 super
819 879 912 952 caput
938 890 1057 952 eorum,

135 958 166 1015 et
186 952 295 1016 ablatis
319 952 460 1015 omnibus
482 956 596 1032 erucis,
631 953 749 1032 brucis,
780 955 929 1026 locustis,
958 954 1053 1032 rania,

134 1035 284 1117 pediculis
308 1038 483 1117 sophisticis
506 1038 544 1098 ad
567 1037 666 1098 sciam
689 1045 719 1098 et
731 1059 839 1119 puram
862 1037 1052 1119 Scriptuuam

135 1118 280 1200 adegerit.
326 1120 392 1182 Hoc
414 1121 494 1182 enim
518 1127 584 1181 erat
606 1121 701 1183 multo
723 1121 959 1185 saluberrimum
983 1139 1053 1185 con·

135 1201 253 1279 sitium,
285 1202 336 1264 lon
361 1224 377 1264 e
400 1206 497 1286 magis
528 1205 755 1282 necessarium,
788 1224 879 1284 quam
910 1203 994 1284 quod
1018 1203 1056 1265 de

134 1283 318 1349 Iudaeorum
339 1224 425 1348 fibris
446 1286 628 1360 iactabatur,
652 1295 714 1357 tam
738 1286 850 1363 deliris,
872 1295 934 1359 tam
958 1286 1058 1355 stultia

135 1368 270 1449 articulis
310 1389 434 1432 causam
469 1369 680 1450 fatigantibus,
716 1378 749 1431 ut
783 1391 833 1433 me
861 1369 1060 1433 vehementer

134 1451 291 1533 puduerit,
334 1453 556 1517 Christianismi
595 1454 719 1516 nomine
754 1459 853 1517 tantas
881 1452 1058 1535 tragoedias

136 1538 253 1597 moveri
277 1536 357 1616 apud
382 1557 438 1596 nos
461 1537 501 1598 ob
529 1536 604 1597 istas
626 1557 675 1597 res
698 1536 783 1597 nihiii
807 1558 826 1598 a
847 1537 1008 1618 prophetia
1030 1544 1059 1599 et

135 1619 308 1682 senioribus
331 1623 453 1683 nostris.
497 1619 558 1681 Sed
597 1639 658 1681 non
683 1619 875 1682 merebamur
902 1628 976 1682 tunc
998 1639 1058 1680 me·

135 1701 243 1765 liorem
267 1704 414 1785 gratiam,
455 1721 546 1781 qnam
587 1722 668 1765 nuuc
694 1723 854 1784 speramus
877 1702 1057 1785 propediem
1112 1699 1115 1704 ’

133 1784 308 1848 donandam
333 1785 432 1850 nobis.
455 1785 695 1866 interimpiacet
716 1786 923 1863 vehementer,
944 1805 1057 1869 papam

130 1867 284 1947 probasse
320 1869 464 1932 iudicium
515 1870 650 1949 quinque
672 1868 914 1931 Universitatum
954 1869 985 1931 in
1021 1888 1059 1931 ea

135 1970 242 2013 causa.
286 1952 366 2029 Quid
390 1959 513 2033 poterat
533 1972 603 2015 sese
625 1953 745 2032 dignius
769 1953 871 2015 facere
892 1950 989 2014 Sedes
1007 1948 1059 2013 illa

134 2034 240 2096 inclita
263 2043 293 2095 et
314 2036 463 2115 gloriosa,
486 2034 664 2097 adversaria
686 2035 792 2096 ultima
816 2031 953 2097 Christi?

219 2117 298 2194 Quid
322 2120 371 2197 sit,
396 2116 479 2197 quod
503 2117 576 2177 dicit
606 2120 636 2179 in
658 2138 695 2179 ea
716 2119 930 2199 propositione
953 2117 992 2178 ab
1015 2118 1059 2179 eis

136 2196 296 2261 damnata:
332 2200 435 2262 Sancti
466 2221 527 2261 non
552 2200 695 2262 vixerunt
714 2200 833 2281 absque
854 2208 1003 2282 peccato,
1026 2218 1060 2263 se

134 2302 196 2359 non
221 2283 386 2344 damnasse
409 2283 615 2361 antecedens,
654 2283 708 2344 sed
742 2303 937 2362 consequens
959 2282 1059 2345 malac

136 2368 395 2447 consequentiae,
419 2387 514 2447 seque
544 2367 661 2448 mirari,
684 2366 766 2446 quod
802 2366 884 2429 orbis
912 2365 1058 2427 iudicium

136 2468 197 2510 non
221 2451 435 2528 metuerimus,
457 2469 512 2512 eos
536 2449 575 2511 cb
598 2448 678 2509 hauc
703 2450 879 2511 damnatam
904 2450 1059 2512 insectan-

136 2540 192 2606 tes,
215 2553 276 2594 non
290 2532 428 2615 intelligo
452 2532 573 2611 plana·
598 2533 702 2613 Exigit
715 2533 802 2608 forte,
826 2532 950 2594 utorbis
974 2551 1059 2613 prae-

137 2615 288 2677 divinaret
311 2636 416 2679 eorum
449 2615 642 2677 dialecticam
674 2616 844 2693 occultam,
882 2635 943 2694 qua
977 2623 1008 2675 et
1029 2614 1059 2676 iu

135 2697 212 2760 libro
236 2701 344 2776 utitur,
379 2700 422 2759 uti
448 2697 635 2777 videbimus,
658 2697 788 2760 fortasse
811 2707 842 2759 et
863 2699 903 2759 ibi
926 2699 986 2759 ista
1009 2718 1060 2759 ex·

134 2781 270 2863 plicabit.
316 2782 439 2843 Interim
463 2783 701 2843 exsultationem
734 2794 762 2842 et
786 2783 962 2843 ovationem
992 2780 1061 2842 sub·

137 2885 255 2940 sanun,
297 2866 379 2947 quod
402 2864 567 2946 gloriatur,
603 2884 637 2924 se
659 2862 826 2925 adduxisse
848 2864 953 2925 Patres
988 2863 1061 2924 mihi

136 2948 351 3020 adversantes,
381 2968 441 3009 non
467 2967 554 3027 raro,
578 2946 631 3006 sed
654 2947 844 3026 frequenter,
868 2967 927 3008 non
952 2946 1062 3017 obiter,

136 3031 189 3092 sed
213 3052 253 3092 ex
281 3033 384 3094 animo
408 3042 466 3092 etc.
501 3031 558 3092 nisi
583 3030 677 3089 veiint
691 3029 721 3107 ¹)
752 3028 885 3112 (inquit)
911 3049 966 3090 eos
989 3029 1057 3091 dix·

137 3114 198 3176 isse
232 3117 401 3195 pugnantia
433 3133 582 3174 asserere.
632 3113 700 3173 Hoc
732 3115 811 3173 euim
848 3132 904 3174 nos
932 3120 1063 3174 assertu-

137 3217 189 3258 rus
211 3196 360 3259 Latomus
385 3217 446 3258 non
469 3197 647 3277 praesumit,
671 3204 770 3256 certus
794 3195 876 3274 quod
892 3196 1062 3276 prophetae

139 3298 200 3341 non
223 3280 465 3358 samositanus
488 3278 643 3340 cantatio
667 3280 785 3356 Paean,
809 3278 838 3339 lc
861 3278 981 3354 Paean,
1005 3297 1064 3341 vac

138 3362 238 3425 victis.
282 3362 341 3425 Sed
366 3382 422 3423 nos
438 3363 569 3443 interim,
592 3361 662 3422 dum
678 3363 737 3444 ipsi
748 3362 854 3423 Patres
868 3359 964 3446 (quos
979 3361 1065 3442 prius

139 3452 408 3527 contempserunt)
434 3445 582 3527 legerunt,
605 3446 697 3506 otiosi
720 3466 781 3506 non
804 3445 927 3522 fuimus,
948 3446 1064 3506 inveni·

139 3547 269 3610 musque
292 3548 345 3591 eos
369 3529 549 3610 saepissime
562 3526 655 3591 tuisse
669 3528 818 3609 homiues,
841 3547 970 3609 errasse,
990 3548 1066 3613 pug-

193 3715 224 3789 1)
244 3715 275 3770 In
294 3713 360 3775 edit.
376 3714 452 3773 deu:
471 3713 545 3787 satit.
