2392 4170
133 238 196 306 344
364 241 522 313 Rapousio
540 243 569 297 D.
588 241 621 296 ll.
641 241 669 298 L.
691 241 727 296 ul
745 241 846 298 librum

135 397 208 457 dati
249 397 361 459 Nonne
383 406 436 458 aut
456 397 571 477 loenm,
592 394 646 459 ent
662 397 773 476 eibum,
792 405 846 459 aut
862 403 991 476 vestem,
1004 403 1061 459 aut

134 500 298 560 personam
333 488 444 542 traetat
472 482 503 541 iu
526 482 589 543 suis
609 483 753 543 ablutis?
796 483 827 542 ln
863 480 973 560 quibus
995 499 1060 543 nour

76 580 85 596 ·
135 563 203 644 plus
226 573 272 624 est
290 565 440 641 iustiliae,
474 583 565 645 quam
588 568 614 625 si
636 586 743 647 agrurn
775 566 896 625 iuterim
930 565 1060 640 oolerea

135 652 189 709 aut
211 655 343 727 texerea,
366 650 419 708 aut
440 667 539 711 neres.
583 648 658 724 Quis
692 651 772 710 enirn
806 647 993 729 agricolatur
1019 667 1060 710 ea

136 731 297 811 opinione,
331 737 363 792 ut
384 731 563 792 iustificetur
596 751 634 792 eo
669 752 772 811 opere,
806 739 859 792 ant
880 738 1000 813 peeoet,
1033 733 1059 792 si

136 814 267 889 omittat,
290 833 359 874 eum
382 817 421 874 sit
448 822 549 875 tamen
573 818 780 876 neeessariam
803 822 834 875 et
855 815 928 876 utile
957 814 1061 896 opus?

134 896 181 958 Tu
204 899 330 958 veroin
361 916 534 976 saepem,
567 899 650 976 quod
679 918 804 978 prorsus
834 897 996 975 nequead
1019 899 1061 958 vi·

135 988 196 1041 tarn
219 979 380 1060 nequead
405 1001 470 1041 rem
494 989 540 1053 est
562 984 785 1058 necessarium,
816 983 861 1041 sie
880 981 994 1042 iuberis
1018 981 1061 1042 la·

135 1062 255 1139 horare,
277 1070 310 1124 ut
330 1063 474 1130 iustitiam
507 1065 537 1124 in
561 1085 599 1124 eo
621 1066 757 1125 invenire
790 1084 894 1145 speres
927 1072 958 1124 et
989 1083 1061 1144 pee-

137 1165 226 1207 easse
247 1153 347 1227 putes,
369 1148 396 1208 ei
418 1149 551 1208 omittas.
595 1147 651 1210 cui
674 1150 754 1209 enim
769 1148 817 1208 vel
841 1150 883 1207 rei
907 1148 955 1208 vel
979 1149 1061 1209 vitae

136 1229 271 1310 prodest,
296 1239 325 1291 te
349 1236 447 1291 atrum
470 1239 522 1292 aut
544 1232 663 1312 nigrum
687 1242 820 1312 gestare·
850 1231 899 1292 lae
920 1238 975 1292 aut
996 1250 1062 1292 ear·

137 1332 193 1374 nes
214 1313 315 1390 edere,
336 1334 439 1375 rasum
462 1321 515 1375 aut
536 1333 598 1375 uon
620 1335 722 1376 rasum
745 1334 832 1391 ease,
855 1315 915 1375 hoe
936 1313 984 1374 vel
1004 1312 1061 1375 illo

137 1396 209 1458 loeo
233 1396 367 1478 degere?
409 1397 449 1458 Et
471 1405 572 1458 tamen
595 1399 626 1458 in
648 1400 686 1459 iis
701 1398 836 1460 futilibus
858 1406 890 1458 et
904 1396 1062 1458 inutilibus

136 1479 227 1541 rebus
248 1480 406 1542 iustificari
429 1488 459 1541 et
480 1481 665 1542 sanctificari
688 1487 741 1542 aut
762 1500 831 1541 reus
854 1481 918 1541 lieri
937 1480 1063 1542 iuberis.

136 1564 235 1624 Estne
265 1564 327 1626 hoo
367 1564 491 1644 egregie
524 1564 577 1624 tibi
607 1565 799 1644 problemata
826 1572 857 1624 et
885 1565 1064 1644 aenigmate

141 1648 302 1727 proposita
323 1646 413 1707 esee?
456 1647 497 1707 At
523 1649 654 1708 mundus
689 1647 736 1708 his
759 1647 905 1708 doctrinis
937 1646 1062 1708 meede·

140 1729 226 1790 eibus
239 1736 271 1790 et
281 1729 426 1792 illusoriie
448 1731 576 1791 refertus
599 1739 655 1806 est,
676 1732 755 1791 istae
784 1738 854 1792 sunt
876 1730 1064 1792 cauteriatae

137 1813 355 1888 eonseientiae‚
378 1821 411 1874 ut
432 1815 512 1874 enim
538 1815 651 1891 omnia,
675 1832 754 1893 quae
777 1821 882 1895 agunt,
904 1822 1063 1894 suntspe«

136 1898 209 1973 eles,
230 1896 274 1957 ita
295 1898 411 1976 omnia,
431 1916 511 1975 quae
535 1896 658 1972 docent,
680 1897 992 1977 suntpropositiouee
1006 1915 1062 1958 seu

135 1977 292 2059 figmenta,
314 1979 477 2059 utrobique
499 1999 582 2040 mera
597 1981 691 2041 iacies
714 1987 776 2040 tam
799 1983 830 2041 in
853 1979 943 2041 rebus
965 1997 1060 2060 quam

135 2062 246 2123 verbis.
289 2063 329 2123 let
351 2071 452 2123 tamen
477 2064 696 2124 conscientiam
720 2064 850 2142 iaciunt,
879 2064 945 2123 sine
974 2063 1061 2124 omni

136 2163 240 2206 eausa.

219 2225 358 2289 Observa
381 2231 493 2303 eutem,
516 2248 607 2307 quam
632 2228 755 2290 mitibus
777 2239 807 2290 et
823 2229 971 2290 modestis
993 2247 1060 2289 ver·

135 2310 182 2372 bis
204 2316 267 2371 tam
290 2312 406 2370 atrocia
429 2319 565 2370 monstra
588 2313 718 2392 Spiritus
741 2319 865 2392 tractet,
887 2312 1058 2392 iacies-ap

111 2393 231 2474 'pellat
251 2394 435 2454 teterrimam
458 2394 540 2454 illam
566 2415 713 2475 pompam
738 2403 768 2455 et
781 2396 969 2478 hypocrisin,
982 2410 1060 2473 quas

136 2475 219 2538 nullo
242 2478 316 2536 eatis
338 2477 493 2538 vocabulo
521 2478 682 2539 traducere
708 2481 820 2558 possis.
874 2478 914 2538 Et
942 2477 1061 2555 hidoth,

134 2560 347 2640 problemata,
389 2560 526 2642 appellat
562 2562 842 2642 pestilentissimam
884 2561 1059 2621 illusionem

134 2642 292 2705 doetrinae
319 2643 570 2704 antichristianae
599 2650 630 2704 et
652 2646 732 2706 hano
751 2645 984 2725 intelligentiam
1006 2662 1060 2705 ue-

134 2727 312 2805 quissimam
342 2727 529 2807 imponendi.
574 2727 664 2788 Clare
692 2728 772 2788 idem
804 2728 881 2787 Dan.
912 2731 941 2791 7.
971 2744 1060 2806 pree·

133 2808 219 2887 dixit,
241 2810 292 2870 ubi
316 2810 431 2885 eoribit,
463 2818 534 2890 post
555 2811 683 2871 bestiam
708 2811 881 2887 terribilem,
904 2827 985 2889 qnae
1007 2808 1058 2870 de·

133 2911 198 2953 eern
222 2912 338 2955 cornua
368 2892 501 2953 babebat
532 2895 631 2971 (quae
658 2895 794 2953 omnium
823 2911 976 2954 consensu
999 2892 1059 2954 Ro

133 2995 255 3036 manum
279 2976 438 3055 imperium
464 2982 528 3050 est)
554 2967 824 3045 seeonsiderasse
846 2976 929 3037 aliud
961 2993 1058 3036 eornn

132 3059 290 3138 parvulum
323 3066 422 3119 ortum
459 3059 497 3118 de
532 3059 633 3119 medio
666 3060 786 3120 illorum
812 3059 891 3134 (hoe
923 3066 1058 3140 papatus

132 3141 292 3220 imperium
317 3149 379 3222 eet,
402 3143 432 3201 in
454 3141 557 3202 medio
580 3143 711 3204 Romani
730 3144 850 3223 imperii
874 3148 992 3216 ortum,
1025 3149 1060 3203 ut

134 3222 300 3307 diximus);
329 3231 360 3284 et
383 3244 455 3285 eoee
478 3225 558 3284 oeuli
582 3228 668 3304 quasi
700 3226 783 3287 oeuli
810 3226 943 3286 hominis
971 3232 1060 3286 erant

133 3307 162 3367 in
187 3325 281 3367 cornu
303 3309 364 3368 isto
388 3316 475 3367 etos
499 3308 628 3386 loquens
652 3310 797 3389 ingentia.
825 3308 877 3368 Isti
893 3308 1059 3369 oeulieunt

136 3392 364 3470 propositiones
387 3391 464 3450 istae
487 3398 517 3450 et
544 3392 745 3472 intelligentia
768 3391 873 3452 hidoth
896 3392 1059 3473 prudentia

133 3474 232 3533 earnis
255 3480 285 3534 et
307 3492 343 3535 os
365 3473 579 3553 blasphemum
598 3476 631 3541 ¹in
655 3475 818 3536 Christum.

216 3555 322 3637 Longe
365 3558 500 3617 atrocius
549 3557 661 3619 Paulus
700 3559 755 3618 has
791 3557 897 3618 hidoth
937 3563 1058 3633 traetat,

132 3639 247 3718 Ephes.
280 3641 309 3701 4.
345 3639 466 3700 dioeus:
506 3639 575 3700 Non
609 3643 703 3702 simus
736 3644 796 3701 iam
830 3639 967 3722 parvuli,
1006 3641 1056 3720 qui

132 3720 281 3784 lluetuent
303 3728 335 3783 et
356 3722 606 3784 eireumierantur
628 3725 711 3785 omni
732 3730 825 3786 vento
839 3723 1007 3803 doetrinae,
1025 3723 1056 3784 in
