2392 4170
307 261 417 316 Bullam
435 262 522 319 Leon.
542 263 574 318 Χ.
594 262 716 318 damnat.
737 278 762 319 a.
781 261 860 321 tcto.
886 249 888 252 ¹
1000 254 1062 326 187

132 431 195 479 uon
221 416 348 478 multum
371 419 429 479 iste
452 428 573 497 curare,
607 419 737 482 fateatur
764 419 871 481 saltem
906 437 945 480 ex
975 422 1063 498 parte

131 501 191 562 illle
227 499 322 582 affici,
363 503 471 563 sinon
501 503 626 583 latetur,
657 520 719 565 non
751 504 843 564 credo
871 503 898 564 ei
926 519 1062 583 prorsus,

133 597 203 645 cum
227 599 335 645 omnes
359 583 462 646 Sancti
484 587 515 647 id
538 593 703 666 querantur
726 587 764 648 de
788 607 821 648 se
846 587 932 668 ipsis,
955 593 985 646 et
1007 585 1063 660 hep

131 675 340 749 repugnantes
363 669 448 750 leges
471 670 675 732 membrorum
695 670 827 732 ‘assidue
861 668 1061 745 accusent*)›.

132 751 214 828 Quid
237 765 312 833 ergo
334 758 442 814 eontra
468 756 624 834 proprium
648 770 771 815 sensum
800 761 829 815 et
851 753 974 814 vitalem
998 748 1063 833 pul-

131 853 200 896 sum
224 837 432 916 experientiae
453 836 596 918 tingimus
624 853 759 899 amorem
787 837 956 899 naturalem
986 835 1062 914 legis

131 918 289 979 etodium
319 921 456 999 peccati,
489 940 550 1000 quo
582 928 782 1002 praeparetur
806 922 900 982 homo
929 916 967 982 ad
996 930 1062 999 gre

132 1003 218 1077 tiam,
252 1019 320 1062 cum
344 1005 403 1063 ista
425 1007 485 1064 sint
508 1024 568 1066 nou
591 1006 621 1064 in
646 1005 739 1065 corde
761 1012 849 1084 nata,
881 1004 935 1065 aed
957 1009 1062 1062 natan—

131 1087 190 1163 tia,
226 1087 304 1145 sieut
326 1100 451 1166 spuma,
484 1096 515 1148 et
537 1109 591 1168 per
619 1090 679 1149 vim
702 1095 838 1166 extorta,
874 1086 931 1148 sub
954 1085 1063 1167 quibus

131 1169 224 1229 alitur
246 1184 284 1229 eo
304 1169 424 1230 foedius
447 1179 477 1232 et
499 1174 597 1233 maius
621 1172 724 1232 odium
748 1172 852 1254 legis‚'
871 1189 932 1250 quo
955 1170 1062 1230 lortius

131 1251 293 1313 simulatur
316 1253 418 1314 odium
441 1258 570 1334 peccati.
593 1256 708 1316 Horum
727 1261 809 1315 certe
830 1255 993 1334 impiorum
1015 1260 1062 1312 est

130 1335 185 1396 illa
208 1334 343 1397 violenta
366 1340 565 1412 conscientia,
599 1347 689 1418 qua'm
714 1337 824 1399 Paulus
848 1338 1061 1399 cauterisatam

131 1410 227 1480 iocat
249 1419 287 1479 ad
307 1419 503 1483 Timotheum
534 1423 684 1504 prim01).

217 1502 305 1562 Unde
338 1506 407 1585 ego‘
426 1507 524 1568 sentio
564 1513 593 1566 et
622 1506 721 1567 doceo
757 1504 962 1585 perniciosum
994 1512 1063 1562 esse

132 1599 231 1666 genus
254 1585 396 1666 docendi,
419 1607 481 1668 quo
503 1590 611 1650 iutuitu
638 1607 824 1669 poenarum,
844 1586 1062 1667 praemiorum,

132 1675 330 1750 peccatorum
355 1671 504 1733 docentur
527 1674 693 1753 poenitere.
735 1671 790 1732 His
813 1672 892 1731 euim
915 1669 1062 1731 doctrinis

132 1759 316 1814 coercentur
344 1755 467 1832 quidem
496 1755 534 1816 ab
558 1775 669 1836 opere,
708 1760 739 1816 et
762 1754 975 1814 cauterisatam
1000 1753 1061 1812 vio-

112 1837 310 1915 ,leutamque
345 1838 478 1898 formant
512 1838 569 1898 sibi
606 1838 824 1901 conscientiam
858 1856 912 1897 seu
946 1836 1060 1896 bonum

131 1920 335 2000 propositum,
359 1928 389 1981 et
413 1923 528 1983 maiore
552 1923 634 1984 malo
648 1922 802 1984 occultum
821 1920 904 1980 illum
919 1919 1061 1979 affectum

131 2006 330 2083 contemptae
351 2005 427 2084 legis
461 2013 491 2066 et
525 2008 618 2066 amati
650 2007 769 2086 peccati
800 2022 955 2083 uunquam
978 2002 1063 2061 iutel-

131 2086 248 2165 ligunt‚
276 2107 346 2151 ,nec
378 2087 561 2166 observant,
597 2090 660 2150 iuro
691 2090 728 2149 iis
758 2087 866 2148 studiis
898 2085 1063 2160 occultant,
1094 2148 1097 2155 ,

131 2170 269 2229 conteuti
291 2172 365 2230 satis
386 2172 498 2232 fecisse
517 2173 584 2233 istis
600 2173 701 2253 impiis
715 2171 909 2252 dogmatibus
923 2186 1061 2249 operum,

131 2253 242 2332 quibus
264 2259 378 2333 tamen,
401 2257 426 2314 sl
448 2255 541 2316 libere
559 2254 818 2334 loquicoucedas,
841 2254 942 2314 statim
960 2252 1061 2311 dicent

131 2352 165 2394 se
188 2350 249 2396 nou
273 2356 313 2396 ex
335 2338 438 2398 auimo
462 2339 629 2418 poenitere,
662 2344 692 2398 et
713 2339 771 2420 nisi
794 2338 844 2398 lex
866 2336 1063 2414 infernusque

131 2425 229 2499 esset,
264 2427 328 2481 toto
350 2421 465 2500 impetu
494 2422 585 2482 malle
608 2422 732 2501 explere
764 2420 844 2481 mala
866 2438 937 2495 sua,
973 2428 1061 2498 prae*

131 2504 236 2562 sertim
259 2505 377 2567 tentati.
401 2503 524 2581 Quanto
548 2523 622 2586 ergo
645 2506 757 2565 rectius
783 2516 858 2564 sane
880 2502 1066 2563 docerentur

130 2587 223 2645 istum
266 2586 409 2647 allectum
462 2588 623 2668 capitalem
668 2589 853 2668 pessimum,
907 2586 1060 2646 occultum

132 2686 313 2748 agnoscere,
336 2679 366 2730 et
389 2671 488 2732 donec
511 2671 550 2731 ab
572 2688 679 2731 amore
701 2671 777 2750 legie
800 2671 968 2749 inciperent
991 2683 1062 2747 poe-

133 2753 239 2832 nitere,
263 2767 332 2813 sese
355 2753 531 2834 hypocritas
554 2772 623 2814 esse
646 2755 767 2829 scirent,
790 2760 820 2813 et
832 2752 906 2812 nihil
919 2751 956 2811 de
968 2751 1063 2831 hypo·

132 2835 201 2895 crisi
225 2836 276 2896 tali
299 2844 543 2917 praesumerent,
575 2839 638 2899 imo
661 2855 753 2918 super
785 2854 821 2896 ea
844 2836 941 2914 magis
966 2844 1061 2912 quam

132 2936 226 3000 super
246 2921 392 2998 peccetis,
415 2935 543 3000 quorum
565 2921 675 2982 intuitu
696 2919 799 2980 fletum
817 2920 907 2980 istum
923 2917 1061 2978 dolorem

131 3009 310 3082 coegerunt,
324 3003 473 3065 dolerent.
1042 3010 1045 3017 “

215 3085 353 3147 Admitto
377 3101 461 3163 sane,
485 3100 606 3149 crassos
626 3087 697 3148 illos
720 3092 751 3146 et
767 3085 927 3146 induratos
938 3084 1061 3164 impioa

132 3170 183 3248 qui
208 3169 342 3229 nondum
367 3170 571 3231 eonscientiae
590 3170 713 3246 habent,
735 3168 901 3230 terroribus
912 3167 972 3228 illia
984 3169 1062 3227 sicut

131 3264 240 3311 servos
261 3252 429 3314 indomitos
453 3254 552 3333 urgeri
575 3254 613 3314 ad
636 3253 867 3333 poenitentiam,
900 3253 979 3312 sieut
1001 3264 1062 3310 me-

132 3336 276 3414 gistratus
300 3335 403 3416 gladio
438 3344 560 3398 coercet
589 3337 766 3398 eceleratos.
810 3335 869 3396 Sed
902 3334 952 3394 ubi
991 3348 1062 3394 con-

132 3419 281 3479 scientiae
294 3427 374 3497 suet,
396 3420 437 3480 ibi
450 3426 532 3480 certe
545 3419 751 3482 instituendae
762 3427 842 3500 sunt,
864 3424 897 3478 ut
909 3434 926 3478 a
939 3417 1060 3480 Christo

188 3685 220 3753 ⁸)
242 3678 320 3739 Rom.
342 3687 367 3741 7.

187 3758 215 3825 1)
233 3756 265 3810 In
284 3757 326 3811 ed.
345 3758 420 3813 den:
440 3759 454 3814 1
475 3758 595 3814 Timoth.
614 3759 639 3814 4.
