2392 4170
131 222 195 291 592
362 225 520 295 nuestus
537 224 572 282 n.
589 223 624 281 rt
642 224 670 280 u
688 223 725 279 sa
740 224 844 280 unum
901 296 910 305 ‘

132 386 202 459 stet,
224 380 292 441 eius
315 379 441 441 verbum
459 381 646 460 exstinguet,
669 381 794 461 proprio
815 377 911 442 verbo
932 379 965 438 in
978 377 1064 440 illius

133 464 235 525 locum
266 465 386 543 posito,
415 463 498 543 quod
520 463 735 545 Apostolus*)
766 463 853 525 dicit:
880 461 1010 524 Sedebit
1031 463 1063 523 in

133 547 331 627 temploDei,
354 546 521 608 ostendens
543 568 578 607 se
600 548 688 626 quasi
709 547 864 624 sitDeus3
884 556 916 607 et
935 547 1063 607 iterum:

135 629 195 706 Qui
217 629 397 691 adversatur
417 637 448 689 et
469 631 625 692 extollitur
646 650 740 711 super
762 650 863 708 omne,
886 629 969 709 quod
990 628 1066 689 diei·

133 722 181 773 tur
202 714 306 794 Deus,
337 722 391 775 aut
420 714 502 792 qnod
533 715 651 776 colitur.
701 713 769 775 Huc
797 714 945 795 pertinet,
978 712 1064 791 qnod

133 798 292 858 veritatem
315 797 399 857 verbi
422 797 481 857 Dei
502 798 605 878 palam
628 797 785 858 damnavit
807 816 889 877 popa
911 795 1063 857 Constan-

134 880 193 940 tiee
214 880 244 939 in
266 879 404 941 Iohanne
416 879 497 940 Huss
520 882 667 961 usquein
691 879 770 940 diem
789 888 982 961 praesentem
994 899 1063 960 per-

133 983 277 1024 severans
306 964 336 1022 in
366 964 474 1023 eadem
507 962 689 1024 adversandi
719 974 748 1024 et
778 963 943 1024 damnandi
973 963 1065 1043 perti·

133 1047 231 1109 nscia.
275 1046 343 1106 Non
375 1047 454 1106 enirn
486 1047 632 1106 adversus
659 1066 823 1127 personam
847 1046 960 1107 Christi
981 1053 1064 1106 stare

134 1136 246 1210 potest,
269 1129 322 1189 sed
341 1127 442 1205 stabit,
464 1129 494 1189 id
509 1139 566 1203 ert,
589 1129 714 1190 deliniet
729 1131 914 1190 contrarium
930 1127 1063 1205 Christo,

134 1222 166 1279 et
186 1213 237 1274 bic
260 1220 307 1273 est
328 1212 396 1272 linis
421 1213 495 1275 eius.
539 1214 703 1273 Exstincto
733 1216 814 1274 enim
839 1213 933 1273 verbo
957 1219 990 1273 et
1012 1231 1064 1273 ra-

134 1302 214 1357 stata
234 1295 306 1368 fide,
330 1305 511 1376 vastataque
525 1297 682 1378 Scriptura
704 1306 735 1357 et
755 1296 934 1376 apostolicis
958 1295 1065 1372 literis,

133 1380 193 1441 iam
216 1379 334 1459 angelis
356 1381 497 1460 superior
519 1381 636 1456 factus,
658 1400 720 1440 non
743 1388 808 1441 erat
829 1379 998 1459 quidquam
1019 1397 1065 1440 re·

134 1463 259 1545 liqnum,
281 1463 341 1523 nisi
364 1472 397 1523 ut
418 1470 572 1523 saturatus
596 1471 626 1522 et
647 1464 835 1524 incrassatus
858 1464 950 1524 etiam
968 1463 1065 1523 insur-

133 1554 220 1627 geret
248 1545 395 1628 adversus
416 1546 584 1607 Dominum
613 1554 642 1606 et
664 1546 765 1607 Deum
793 1566 901 1624 suum,
933 1565 1064 1607 ausurus

134 1629 262 1706 altiora,
285 1629 312 1695 si
333 1629 405 1708 quid
431 1630 520 1690 altius
543 1637 634 1690 esset.
679 1632 720 1690 At
741 1649 810 1690 cum
835 1629 902 1690 Deo
926 1628 1066 1693 nihileis

135 1712 237 1789 altius,
260 1730 390 1783 necesse
402 1724 457 1789 est,
480 1721 514 1774 ut
535 1715 683 1774 hiosistet
706 1709 908 1791 abominatio,
930 1710 1066 1773 etfinem

134 1797 181 1856 sui
204 1794 404 1877 accipiebat
425 1798 576 1876 sequitur:

316 1929 364 1989 Et
393 1930 476 1991 sine
500 1939 884 2027 manuconteretur.

215 2048 267 2113 Sic
289 2048 477 2128 Apostolus:
501 2048 598 2124 Quem
621 2049 783 2110 interficiet
804 2049 955 2109 Dominus
977 2048 1065 2110 Iesus

132 2133 239 2212 spiritu
269 2133 331 2191 oris
355 2132 419 2208 sui,
454 2140 484 2190 et
512 2131 648 2192 destruet
675 2132 879 2193 illustratione
912 2131 1064 2192 adventus

133 2216 179 2274 sui
201 2221 259 2276 etc.
304 2213 373 2274 Non
398 2232 472 2292 ergo
498 2234 609 2295 papam
644 2223 675 2276 et
708 2236 835 2295 regnum
872 2217 937 2274 eius
974 2214 1066 2289 (lieet

131 2298 243 2359 misere
274 2296 304 2356 id
329 2297 483 2379 metuant)
518 2299 589 2358 laici
620 2299 799 2375 vastabunt,
835 2298 952 2378 indigni
982 2299 1064 2359 enim

133 2386 203 2459 sunt
231 2379 290 2440 hec
325 2380 484 2440 mitissima
507 2381 656 2458 vindicta,
690 2382 743 2442 sed
774 2383 885 2443 Christi
917 2381 1063 2445 adventui

134 2470 341 2540 reservantur,
373 2465 457 2524 cuins
486 2466 591 2526 hostes
620 2466 756 2526 omniurn
780 2465 963 2525 atrocissimi
994 2473 1065 2526 sunt

132 2554 163 2606 et
190 2545 319 2608 suerunt.
369 2546 420 2607 Sic
452 2549 531 2608 enim
560 2549 660 2628 perire
690 2548 797 2626 dehet,
835 2551 885 2628 qni
915 2547 1063 2609 adversus

133 2631 238 2693 omnia.
258 2632 427 2711 consurgit,
452 2650 512 2692 non
538 2651 640 2707 manu,
663 2631 716 2692 sed
740 2633 845 2712 spiritu
869 2638 1009 2708 salense,
1033 2637 1065 2691 ut

132 2713 255 2792 spiritus
285 2713 423 2793 spiritum
447 2713 585 2792 occidet,
614 2723 644 2774 et
675 2716 786 2775 veritas
809 2714 912 2775 dolum
936 2715 1061 2776 revelet.

132 2795 298 2857 Revelasse
320 2798 402 2859 enim
426 2797 618 2859 mendacium
642 2797 830 2858 destruxisse
854 2806 907 2859 est.

216 2883 245 2939 ln
268 2879 329 2939 fine
352 2879 390 2940 ad
405 2887 435 2940 te
449 2889 595 2958 revertor,
619 2882 658 2940 rni
671 2882 822 2961 Vinoilse,
846 2882 920 2943 satis
938 2880 1061 2942 abunde

135 2964 185 3042 (ut
207 2963 320 3037 credo)
345 2961 516 3023 Gatharinis
540 2965 616 3023 meis
640 2965 816 3041 obsecutus,
841 2984 902 3042 quo
926 2964 1061 3039 videant,

133 3065 192 3106 non
228 3047 334 3126 negari
365 3066 384 3105 a
410 3066 459 3105 me
493 3065 584 3126 quarn
617 3049 748 3127 plurima
777 3049 806 3107 in
831 3047 996 3127 seripturis
1019 3048 1064 3108 vde

131 3130 189 3189 isto
218 3130 354 3207 ipsorum
377 3132 514 3209 principe
543 3140 573 3190 et
596 3134 697 3209 capite
729 3130 796 3192 dici.
848 3130 939 3206 Quod
970 3131 1061 3191 etiarn

131 3232 168 3272 eo
202 3210 343 3270 libentius
372 3211 446 3285 feci,
481 3213 562 3291 quod
597 3216 784 3273 meminerim
820 3218 852 3274 in
875 3214 1062 3293 Captivitate

133 3294 321 3372 Babylonico
350 3315 398 3354 me
420 3298 597 3375 promisisse
626 3298 751 3358 alteram
783 3297 936 3375 quendem
961 3297 1061 3357 Revo-

131 3378 260 3436 cationis
289 3386 424 3459 partem,
457 3381 577 3457 qualern
608 3389 770 3441 exactores
802 3382 852 3441 isti
884 3380 1062 3442 Palinodiae

130 3459 267 3521 indomiti
297 3467 327 3521 et
345 3461 481 3540 'inquieti
509 3465 649 3544 papistae
689 3464 836 3524 hactenus
866 3483 929 3525 non
959 3463 1062 3525 audie·

184 3729 212 3788 *t
234 3729 260 3785 2.
280 3729 376 3783 Thess.
396 3728 423 3784 2.
