2392 4170
135 259 198 325 148
365 262 505 317 Adversus
525 263 725 317 exsecrabilem
742 262 849 317 Bullsm

135 417 318 492 haereticos,
341 416 419 479 alios
441 436 603 495 erroneos,
632 417 710 478 alios
732 417 934 479 scandalosos
958 415 1063 479 decre·

135 500 231 559 vistis.
276 498 345 574 Quo
367 501 492 580 respicit
512 499 563 560 hic
585 499 749 560 articulus?
771 501 809 561 ad
827 498 1002 561 haeresim?
1023 498 1062 561 sd
1091 526 1094 533 ·

133 581 289 643 errorem?
327 581 365 642 ad
396 582 597 643 scandalum?
630 592 683 643 aut
714 602 775 661 quo
804 602 860 643 vos
882 582 1063 663 respexistis

133 684 202 725 eum
216 665 418 726 damnantes?
438 665 676 746 adscripturum
691 665 851 727 sanctam?
874 665 913 727 ad
935 672 1061 727 sanctos

133 747 260 809 Patres?
282 748 320 808 ad
342 746 456 810 fidem?
478 751 517 810 ad
534 749 719 810 ecclesiam?
743 749 821 824 Quin
846 748 971 809 dicitis?
992 766 1062 809 nea

134 831 205 892 dum
228 834 309 891 enirn
331 851 387 892 vos
409 832 560 912 probandi
582 834 707 912 negotio
731 832 880 911 molesto,
908 830 965 893 sed
986 830 1062 893 indi-

134 914 224 975 candi
259 915 360 975 solum
393 916 528 976 debitum
564 915 742 996 expostulo,
779 924 811 975 ut
841 918 955 992 sciam,
989 913 1061 995 quid

36 1069 42 1076 .
134 997 211 1057 desit
239 999 321 1057 mihi.
372 998 472 1059 Vultis
501 999 633 1059 infantes
655 1001 757 1078 pueri,
791 1002 824 1059 ut
851 1016 910 1079 ego
940 996 1062 1059 dicem?

133 1080 211 1142 Dico
234 1100 318 1160 ergo.

215 1163 274 1225 Hic
301 1165 445 1225 articulus
469 1172 627 1244 respectus
651 1164 728 1226 duos
756 1164 864 1239 habet,
892 1163 991 1224 altero
1018 1182 1062 1225 re

134 1248 225 1327 spicit
239 1246 278 1308 ad
294 1250 431 1328 papisias
454 1248 650 1308 damnatores
673 1244 756 1323 suos,
778 1251 856 1308 inter
877 1265 956 1326 quos
979 1245 1062 1307 videi

133 1330 212 1391 alios
235 1333 404 1410 respective
427 1331 538 1405 mulos,
560 1332 638 1391 alios
662 1350 773 1410 equos,
796 1330 905 1410 quibus
927 1349 992 1391 non
1015 1336 1061 1391 aar

133 1413 316 1491 intellectus,
339 1422 372 1475 ut
393 1416 445 1493 qui
468 1433 592 1494 prorsus
616 1414 690 1473 nihil
711 1413 884 1493 intelligant
906 1422 938 1473 et
958 1421 1061 1475 tamen

134 1499 239 1558 omnia
259 1496 414 1559 damnent.
458 1497 565 1558 Altero
586 1498 710 1579 respicit
732 1497 769 1556 ad
793 1516 912 1557 sacram
929 1495 1062 1577 Scriptu-

132 1600 209 1659 ram,
232 1599 311 1659 quae
332 1579 425 1641 docet
444 1580 535 1642 Rom.
561 1582 613 1643 14:
640 1598 741 1659 omne,
763 1580 845 1659 quod
868 1598 930 1642 non
954 1587 1062 1641 estex

133 1661 203 1738 flde,
226 1672 386 1744 peccatum
411 1682 489 1725 esse.
532 1663 581 1725 Ex
604 1682 664 1743 quo
688 1665 837 1742 sequitur,
868 1668 1062 1723 sacramenta

132 1764 233 1807 novae
273 1747 350 1826 legis
385 1766 448 1807 non
492 1747 565 1807 dare
601 1746 729 1826 gratiam
766 1746 949 1819 incredulis,
992 1764 1060 1806 cum

132 1829 328 1890 incredulitas
372 1833 412 1889 sit
461 1831 628 1890 maximum
672 1837 855 1909 peccatum,
905 1839 937 1889 et
980 1827 1062 1891 obex

132 1915 354 1992 crassissimus,
386 1913 442 1974 sed
478 1913 575 1974 solum
614 1913 817 1973 credentibus.
866 1911 943 1973 Sola
980 1912 1061 1981 euim

132 1993 208 2057 fides
231 2015 293 2056 non
323 1997 410 2075 ponit
438 1995 575 2074 obicem,
603 2004 706 2056 cetera
736 1997 840 2056 omnia
867 2002 939 2056 sunt
969 1993 1060 2071 obex,

82 2079 84 2085 “
133 2080 253 2139 etiamsi
277 2078 396 2139 obicem
425 2079 508 2139 illum
532 2099 592 2140 non
617 2089 749 2159 ponant,
782 2098 872 2158 quem
904 2078 1061 2157 sophistae

132 2163 288 2222 somniant
311 2161 348 2221 de
375 2163 487 2223 actuali
508 2170 626 2223 tantum
655 2163 815 2242 proposito
843 2163 962 2223 externi
991 2178 1061 2242 peo-

133 2247 203 2307 cati.
248 2243 405 2305 Confiteor
427 2265 500 2325 ergo
524 2246 683 2306 articulum
711 2265 773 2306 non
797 2264 991 2305 assemsum
1014 2262 1060 2305 eo·

132 2328 205 2405 lum,
228 2328 282 2387 sed
306 2329 441 2388 veritatis
459 2329 630 2391 catholicae
653 2329 897 2391 ethristianae.
941 2326 1059 2389 Bullam

133 2430 206 2471 vero
229 2409 449 2471 damnatricem
472 2415 538 2472 eius
563 2432 632 2471 esse
654 2413 700 2471 bis
715 2412 912 2489 haereticam,
935 2411 1059 2492 impiam

134 2502 166 2554 et
186 2494 397 2574 blasphemam
428 2514 495 2555 cum
524 2497 680 2572 omnibus,
708 2497 759 2575 qui
789 2515 856 2555 eant
885 2502 1060 2574 sequuntur,

133 2577 184 2657 qui
207 2578 350 2655 neglecto
373 2590 502 2658 peccato
521 2577 740 2639 incredulitatis
763 2579 917 2638 insaniunt
940 2577 1059 2639 obicem

134 2659 210 2738 tolli,
231 2664 258 2720 si
279 2661 373 2722 homo
396 2681 527 2742 peccare
549 2661 684 2740 desinat,
713 2662 833 2723 etiamsi
862 2660 935 2721 nihil
963 2663 1059 2725 incre·

134 2743 222 2804 dulus
244 2743 317 2805 boni
339 2748 469 2824 cogitet,
500 2766 603 2805 verum
635 2745 713 2805 haec
734 2745 824 2806 latius
847 2745 930 2805 etin
954 2742 1059 2819 libellis

134 2828 211 2888 mais
233 2827 377 2908 probavi,
400 2837 429 2889 et
453 2828 612 2909 probabo,
635 2831 660 2888 si
682 2829 814 2889 Romani
835 2828 886 2887 isti
907 2826 1059 2889 lallstcra

134 2931 190 2971 sua
211 2912 314 2972 ausint
334 2910 500 2991 aliquando
523 2912 668 2992 probare,
692 2931 741 2972 me
764 2912 960 2973 confutaturi.
1002 2952 1006 2961 ·

490 3077 707 3138 Secundus:

196 3206 229 3266 In
252 3224 348 3285 puero
371 3214 442 3287 post
464 3205 647 3286 baptismum
673 3225 786 3285 negare
809 3223 973 3264 remanens
995 3220 1059 3266 asse

196 3296 358 3431 pepcatum
393 3297 440 3349 est
469 3288 595 3350 Paulum
626 3298 657 3350 at
685 3289 836 3349 Christ-um
873 3287 964 3347 simul
994 3304 1060 3348 cos-

198 3391 329 3435 cucare.

217 3490 257 3551 Et
278 3490 361 3551 hunc
382 3492 550 3571 exigerem,
573 3500 607 3550 ut
628 3490 794 3570 probarent
811 3497 894 3549 recte
917 3486 1061 3565 damnari,

135 3576 160 3634 si
184 3574 299 3636 domini
322 3576 384 3634 mei
406 3593 480 3654 prae
502 3574 693 3654 respectibus
720 3573 783 3632 suis
806 3591 867 3633 uon
891 3582 994 3632 essent
1015 3590 1063 3632 ex·

135 3661 270 3737 caecati,
297 3664 331 3717 nt
351 3677 410 3719 uec
431 3657 492 3718 hoc
514 3659 741 3738 perspicerent,
764 3674 826 3735 qun
849 3656 976 3717 nomine
997 3672 1063 3715 eum

133 3742 230 3805 velint
250 3741 429 3802 damnatum
459 3740 576 3802 haberi.
618 3740 732 3801 Nescio
754 3739 853 3820 enim,
882 3739 1063 3801 haereticus
