2392 4170
385 243 511 300 Rationis
530 244 706 297 Latomisusa
725 247 774 296 ste.
987 230 1049 298 619

130 398 331 476 servandum,
360 406 393 460 ut
421 408 581 479 utrumque
607 406 747 460 naturam
771 398 808 458 de
831 403 896 459 tota
917 411 1051 476 persons

130 485 286 559 enunciet,
310 503 377 543 oum
401 483 541 544 omnibus
567 484 630 543 suis
651 483 798 563 propriis,
826 489 857 542 et
879 487 980 543 tamen
1002 497 1050 539 oa-

132 576 217 642 veat‚
248 585 305 643 ne,
327 566 409 646 quod
434 567 612 647 simpliciter
633 567 700 628 Deo
723 575 776 627 aut
798 564 977 645 simpliciter
998 562 1051 623 ho·

131 652 203 711 mini
227 653 381 726 convenit,
405 652 433 710 ei
456 651 577 714 tribuat.
623 650 712 711 Aliud
747 650 828 710 euim
852 656 898 709 est
920 648 958 709 de
981 646 1050 708 Deo

131 737 290 795 inoarnalo
317 734 364 795 vel
398 735 521 794 homine
550 733 692 795 deifloato
726 733 827 812 loqui,
857 739 887 792 et
909 731 990 794 aliud
1014 729 1052 790 de

131 819 199 879 Deo
222 821 269 877 vel
293 817 417 878 homine
434 818 618 898 simpliciter.
651 818 696 878 lta
719 815 800 878 aliud
824 824 870 876 est
891 821 1050 895 peceatum

132 910 219 962 extra
242 903 388 981 gratiam,
412 901 492 961 aliud
517 903 545 960 in
570 901 686 982 gratia,
713 910 745 960 ut
768 900 869 980 possis
891 897 1052 977 imaginari

133 987 262 1066 gratiam
286 1005 339 1043 seo
362 985 474 1046 donum
499 985 556 1044 Dei
588 1004 656 1044 esse
684 980 988 1065 impeooatifleatum‚
1023 986 1053 1040 et

132 1075 295 1149 peceatum
339 1068 559 1147 gratificatum,
596 1067 741 1146 quamdiu
778 1067 828 1127 hio
857 1085 978 1142 sumus,
1022 1072 1054 1123 ιιι

132 1159 258 1232 propter
276 1150 388 1211 donum
412 1160 442 1212 et
462 1152 592 1231 gratiam
614 1158 776 1232 peooatum
806 1152 866 1211 iam
896 1168 957 1211 non
980 1165 1053 1227 peo-

133 1243 234 1296 aatum
258 1236 305 1297 sit.

216 1316 279 1380 Sed
300 1317 379 1378 haee
402 1328 448 1377 est
471 1318 629 1381 meditatio
663 1320 729 1379 otio
753 1317 860 1379 maiori
883 1313 1053 1376 tractanda.

135 1402 236 1479 Quare
259 1402 307 1461 hie
331 1404 457 1480 sistam,
480 1402 580 1462 donee
602 1404 665 1464 otio
690 1402 804 1462 maiore
826 1400 920 1461 fretus
943 1405 973 1458 et
995 1397 1056 1458 alia

135 1486 287 1546 damnem.
331 1485 408 1545 Nam
433 1505 513 1565 quae
536 1486 573 1546 de
596 1486 785 1566 poenitentia
806 1492 837 1546 et
858 1481 1054 1562 indulgentiis

134 1569 270 1644 disserit,
300 1588 368 1629 oum
398 1570 502 1630 omnia
535 1588 575 1628 ex
606 1569 747 1629 humanis
781 1569 902 1648 seriptis
935 1563 1055 1645 probet,

134 1651 207 1711 nihil
235 1653 360 1713 sariunt.
416 1651 484 1711 Non
515 1655 593 1711 enim
623 1652 671 1713 vel
696 1650 863 1731 Gregorius
898 1647 948 1710 vel
978 1645 1077 1708 ullus'

134 1735 262 1816 angelus
286 1735 390 1795 habuit
413 1735 528 1813 aliquid
550 1742 684 1796 statuere
705 1737 735 1795 in
759 1735 906 1810 eeclesia,
929 1739 983 1793 aut
1004 1730 1056 1790 do·

135 1839 215 1893 esre,
240 1817 321 1896 quod
345 1840 361 1878 e
385 1819 541 1897 Scriptura
563 1819 686 1899 probari
714 1837 775 1879 nou
803 1818 911 1898 possit.
959 1815 1000 1875 Et
1020 1813 1057 1875 si·

136 1902 196 1962 mul
222 1920 260 1960 ex
284 1903 320 1960 iis
347 1909 420 1980 puto
435 1903 508 1962 satis
526 1909 738 1978 monstratum,
760 1901 946 1980 theologiam
970 1898 1056 1958 seho-

104 2025 107 2030 -
135 1985 275 2046 lastioam
297 2004 365 2044 esse
387 1984 468 2045 alind
492 1985 565 2045 nihil
588 2005 679 2064 quam
693 1986 899 2065 ignorantiam
922 1980 1057 2043 veritatis

125 2079 164 2134 at
187 2067 366 2129 scandalum
388 2069 475 2128 iuxta
488 2067 659 2149 Scripturas
681 2069 824 2149 positum.
857 2068 923 2127 Nee
944 2070 1057 2140 movet,

136 2151 220 2231 quod
243 2150 388 2211 Latomus
412 2171 461 2212 me
483 2152 710 2232 ingratitudinis
733 2159 763 2213 et
785 2153 913 2212 iniuriae
933 2149 1057 2209 insimu-

136 2235 179 2295 lat
200 2233 447 2310 inS.Thomam,
472 2235 680 2296 Alexandrum
704 2243 734 2296 et
756 2235 843 2299 alios.
873 2232 953 2294 Male
977 2232 1056 2291 enim

135 2319 174 2378 de
201 2336 249 2376 me
280 2319 378 2376 meriti
409 2325 488 2377 suut.
533 2318 639 2397 Neque
676 2319 755 2379 euim
793 2317 865 2379 mihi
901 2315 1057 2395 ingenium

137 2402 247 2461 deesse
270 2400 373 2477 eredo,
397 2400 539 2460 fatebitur
560 2403 626 2480 ipse
641 2401 796 2477 Latomos,
819 2400 953 2461 studium
976 2404 1059 2458 oarts
1106 2458 1113 2468 ,

135 2502 197 2543 non
222 2481 384 2543 obscurum
410 2489 464 2546 est.
509 2485 609 2544 hleum
633 2503 706 2545 varo
728 2485 889 2545 eonsilium
913 2482 992 2560 dixi,
1026 2487 1058 2540 ut

135 2565 319 2628 adolescens
341 2569 415 2627 vitet
437 2566 664 2646 philosophiam
694 2574 725 2627 et
754 2566 943 2646 theologiam
967 2565 1056 2625 seho-

137 2650 278 2710 lastioam
302 2659 334 2710 ut
356 2656 485 2710 mortem
510 2650 631 2710 animae
653 2668 737 2710 suae.

220 2731 288 2792 Nou
312 2740 383 2793 sunt
406 2733 576 2813 Evangelia
598 2736 660 2793 tam
684 2733 825 2807 obseura,
847 2737 879 2790 ut
897 2731 999 2810 pueris
1022 2748 1059 2789 ea

137 2835 198 2877 non
223 2817 342 2895 possint
365 2823 479 2895 patere.
531 2816 695 2891 Quomodo
726 2825 796 2877 suut
825 2813 952 2875 instituti
976 2811 1058 2872 Chri·

136 2900 227 2959 stiani
251 2907 389 2979 tempore
411 2907 593 2979 martyrum,
628 2899 751 2978 quando
781 2900 841 2960 ista
863 2895 1058 2978 philosophia

136 2991 167 3043 et
190 2981 347 3061 theologia
370 3001 430 3043 non
455 2981 562 3043 ardut?
585 2982 743 3060 quomodo
766 2982 871 3043 doouit
892 2981 959 3061 ipss
974 2978 1056 3038 Chri-

136 3064 221 3125 stus?
244 3065 273 3127 S.
287 3066 390 3144 Agnes
405 3064 435 3147 ¹)
452 3068 499 3130 13.
523 3085 672 3126 annorum
696 3067 843 3146 theologe
865 3064 931 3141 fuit,
952 3061 1056 3122 itidem

136 3149 231 3208 Luoia
254 3157 285 3207 et
308 3150 488 3224 Anastasia,
522 3148 603 3209 unde
630 3149 702 3210 illae
725 3146 917 3209 didicerunt?
951 3144 1058 3224 Neque

137 3233 217 3291 enim
233 3230 470 3291 Universilatum
494 3231 595 3292 studia
614 3231 715 3292 adhue
736 3232 869 3311 aliquem
892 3235 1057 3309 martyrem

138 3323 190 3375 aut
212 3313 377 3390 Senatum,
401 3315 431 3374 in
456 3322 501 3375 tot
524 3314 652 3392 seoulis,
687 3314 726 3376 de
748 3318 835 3377 tanto
858 3331 985 3374 numero
1010 3312 1058 3372 de-

137 3397 264 3472 derunt,
297 3398 348 3476 qui
384 3397 493 3477 probet
526 3416 631 3461 eorum
660 3400 865 3459 institutiones
897 3415 967 3457 esse
990 3396 1057 3456 Deo

137 3488 241 3624 gratas
264 3488 294 3540 et
316 3489 427 3558 rectas,
449 3500 518 3541 oum
540 3481 581 3540 illi
605 3500 622 3540 e
643 3483 770 3563 privatis
783 3480 897 3542 scholis
915 3481 1059 3541 examina

161 3569 320 3624 suetorum
345 3564 508 3626 mitterent.
551 3564 599 3624 Ex
613 3565 846 3655 huotihus'suis
862 3564 1059 3644 eognosoitor

211 3752 242 3822 1)
263 3752 294 3806 In
313 3753 356 3807 ed.
375 3755 459 3824 orig:
479 3752 601 3823 Hagnas.
