2392 4170
165 1069 391 1166 Adversus
452 1060 761 1161 exsecrabilem
817 976 1085 1169 Antiehnilili

287 1202 459 1300 Bullcm
486 1200 702 1329 liertinns
738 1199 966 1296 Lutherus.

580 1400 685 1484 1520.

518 1616 726 1625 --————-

246 1833 295 1895 Ad
318 1834 441 1915 bullam,
463 1854 553 1916 quem
576 1836 662 1916 Pepe
677 1832 741 1894 Leo
753 1829 786 1894 X
803 1839 910 1893 contre
923 1831 1085 1894 Luthermu

164 1916 214 1978 die
237 1920 285 1983 15.
311 1919 455 1984 mimmii
478 1920 601 1984 a.1c20
622 1919 653 1980 in
677 1916 787 1996 vulgus
811 1914 965 1993 ediderat,
981 1913 1087 1976 Lethe·

96 2040 99 2045 -
163 2018 216 2062 rue
238 1999 319 2063 houd
341 2001 384 2062 ite
402 2001 497 2063 multo
529 2009 600 2083 post
624 1999 744 2061 duobus
776 1997 936 2080 respondit
967 1996 1086 2060 libente

164 2082 251 2145 Unus
265 2084 453 2146 inscribitur:
478 2086 681 2146 Adversus
705 2081 998 2144 exsecrabilem
1021 2080 1086 2144 An·

165 2165 349 2227 tichristi
379 2167 530 2245 bullam,
553 2175 584 2228 et
605 2189 623 2229 e
646 2166 746 2228 multis
769 2166 818 2226 die
844 2167 944 2247 primo
967 2184 1008 2227 m.
1031 2163 1088 2226 De·

167 2247 331 2312 sembrisc
345 2254 425 2317 1520
446 2253 476 2312 in
501 2253 598 2312 lucem
610 2250 761 2332 prodiisse
779 2249 911 2310 ereditur
925 2247 984 2332 (ci.
997 2244 1088 2310 fleck-

23 2371 28 2378 ·
164 2331 292 2393 endorfli
345 2333 423 2397 Hist.
467 2335 557 2396 Lnth.
578 2334 599 2397 1.
616 2334 646 2396 S.
670 2335 706 2397 31
733 2339 760 2407 s.
782 2331 862 2416 76),
891 2333 921 2393 in
952 2330 1087 2393 editione

164 2416 245 2476 enim
266 2415 392 2478 lenensi
415 2418 494 2500 Opp.
516 2417 603 2480 Loth.
632 2417 682 2478 hic
710 2415 775 2476 dies
796 2416 963 2491 indicetur,
995 2432 1087 2496 qou-

165 2516 256 2578 qnem
279 2500 309 2560 in
332 2500 469 2563 editione
491 2492 631 2582 originali
654 2500 742 2561 huius
765 2498 889 2581 scripti,
910 2515 991 2578 quae
1014 2494 1088 2561 Wit'·

165 2580 342 2664 tembergee
369 2604 396 2648 e.
421 2586 502 2649 1520
532 2603 647 2644 excuse
676 2590 741 2658 eet,
763 2581 873 2643 nullius
902 2599 1003 2660 neque
1029 2578 1088 2642 diei

165 2683 265 2744 neque
289 2667 361 2726 enni
384 2668 498 2728 mentio
520 2666 564 2729 fit.
602 2664 750 2726 Lutherus
772 2671 874 2726 eutem
890 2666 950 2725 iem
963 2666 1088 2725 ineunte

165 2748 444 2811 menseNovembri
456 2769 484 2813 s.
498 2751 580 2815 1520
592 2749 673 2811 hunc
685 2747 819 2809 libellum
833 2757 863 2809 et
877 2748 971 2808 latine
983 2753 1014 2808 et
1023 2763 1089 2828 ger·

43 2896 47 2909 Ι
165 2833 284 2892 manico
313 2831 421 2911 edidit,
456 2832 627 2894 letinesub
655 2832 759 2892 titulo:
803 2831 1000 2893 Adversus
1029 2848 1088 2892 ex·

165 2913 398 2976 seorebilem
427 2915 662 2976 Antichristi
707 2914 869 2992 bullam,
897 2913 1087 2975 Martinus

164 2995 373 3075 liutherus,
395 3000 571 3079 germanice
593 2997 648 3058 snb
671 2999 886 3078 inscriptione:
936 2993 1089 3062 {Bibba

165 3077 224 3143 tie
245 3077 392 3145 dullen
421 3083 484 3146 tce
507 3078 742 3162 dntmciite,
770 3078 917 3148 §deltos
944 3074 1089 3146 lllcttlae

165 3169 243 3226 stud
265 3160 421 3243 ilutbm
443 3184 513 3225 nem
546 3166 606 3225 iam
636 3173 744 3244 quarto
768 3164 816 3224 die
847 3183 884 3225 m.
906 3160 1089 3224 Novembris

165 3243 484 3328 Lntherusflpeletino
506 3249 643 3328 scripsit:
690 3246 800 3324 „Edidi
822 3246 1001 3307 Letinem
1023 3244 1089 3308 Am·

166 3327 372 3410 tibnliem,
401 3349 492 3410 quem
515 3332 620 3392 mitto:
643 3330 762 3391 cuditur
784 3338 815 3389 et
835 3329 942 3390 eedem
957 3346 1089 3389 vern·

166 3410 270 3491 cuia,
291 3414 321 3472 in
346 3413 473 3495 quibus,
500 3433 573 3492 oro,
596 3432 634 3474 ne
656 3421 687 3474 te
708 3422 868 3490 moveant,
890 3413 943 3492 qui
964 3411 1090 3493 indigne

166 3493 282 3570 ierunt,
305 3497 336 3556 in
358 3497 487 3576 imperia
510 3496 669 3558 moderate
696 3494 887 3557 debacchari.
930 3495 1090 3558 Modesete

164 3578 302 3722 little
315 3578 798 3743 'letitie'mellillil
815 3576 1088 3733 illltcntll:

162 3736 235 3825 ligo
255 3761 331 3825 pree
353 3763 439 3808 mere
460 3745 644 3826 indignitate
665 3747 708 3807 rei
738 3745 838 3807 brevis
866 3763 936 3807 sese
962 3750 1089 3808 ecectm
