2392 4170
453 258 535 317 Doet
552 259 631 317 llart
647 257 729 318 'Lotis

136 437 166 500 6.
210 431 252 495 At
272 432 339 513 ipse
360 450 452 515 rupes
473 452 544 497 mea
565 441 597 498 et
617 434 699 497 salus
721 454 801 515 mea,

261 516 416 580 Proteetio
440 537 519 594 mee,
540 538 602 582 non
625 517 782 584 movebor.

136 603 165 665 7.
211 599 259 663 Ad
281 601 381 662 Deum
403 600 486 663 selus
508 622 577 665 maa
599 610 629 664 et
649 603 749 683 gloria
770 622 848 684 mes,
945 615 947 621 ’
1019 613 1068 649 ·-
1180 613 1185 625 ’

262 684 365 766 Rupes
388 686 507 746 virtutis
529 706 628 762 mese,
649 686 762 749 fidueia
784 706 853 749 mes
874 687 904 747 in
928 686 1005 750 Deo.

136 768 166 833 8.
210 766 340 849 sperate
361 769 392 829 in
416 788 484 831 eum
508 771 763 851 omnitempore,
788 769 893 852 populi
916 770 1061 834 effundite

301 871 405 913 eoram
429 872 467 914 eo
490 872 543 915 eor
564 861 707 916 vestrum.
821 869 827 877 ·
1065 865 1068 872 '

262 935 347 996 Deus
368 935 481 998 fldueia
502 936 601 1013 nobis,
624 937 706 1000 Sela.

135 1020 165 1082 9.
209 1019 251 1080 At
271 1020 391 1081 vanitas
419 1018 473 1083 fllii
501 1021 673 1094 hominnm,
703 1021 894 1082 mendesium
917 1020 970 1082 filii
993 1023 1059 1100 viri,¹

207 1148 217 1171 .
302 1104 333 1164 in
356 1104 477 1165 stateris
499 1103 537 1167 ad
560 1103 799 1181 aseendendum,

257 1186 321 1265 'lpsi
343 1207 418 1267 pree
439 1189 577 1250 vanitate
600 1189 700 1251 simul.

136 1272 184 1336 10.
208 1269 311 1331 Nolite
352 1289 478 1350 sperare
504 1273 534 1333 in
568 1272 722 1334 calumnia
755 1279 785 1333 et
810 1272 934 1352 rapina,
966 1273 1062 1334 nolite
1165 1290 1172 1304 ·

299 1355 371 1415 vani
393 1354 468 1436 fieri,

260 1437 392 1498 Divitiae
415 1437 439 1498 si
462 1437 600 1516 affluant,
623 1439 718 1500 nolite
740 1457 898 1519 apponere
921 1456 983 1500 eor.

135 1523 184 1583 11.
208 1518 311 1582 Semel
333 1521 455 1583 loeutus
478 1528 525 1583 est
548 1522 641 1604 Deus,
664 1521 710 1584 bis
733 1522 811 1584 haee
832 1522 944 1600 andivi,

260 1603 339 1679 Quia
361 1605 456 1667 virtus
479 1605 537 1667 Dei
560 1611 616 1668 est.

137 1688 188 1766 12,
210 1686 250 1748 Et
271 1687 324 1749 libi
346 1685 481 1751 Domine
503 1689 721 1771 misericordia,
757 1762 760 1766 Α
896 1742 898 1746 .

258 1769 410 1846 Quoniam
430 1774 462 1836 lu
484 1771 595 1834 reddes
609 1774 675 1834 viro
698 1773 866 1834 seeundum
880 1791 975 1853 opera
992 1791 1069 1835 sua.-

217 1852 288 1915 Non
311 1862 358 1917 est
380 1856 458 1917 alius
480 1855 635 1935 Psalmns‚
663 1858 695 1917 in
725 1875 786 1938 quo
817 1856 909 1916 toties
931 1855 1061 1934 ingemi·

134 1943 224 1998 netur
254 1943 285 1998 et
310 1939 480 2001 ineuleatur
512 1960 597 2021 spes,
626 1940 757 2018 fldueia,
786 1939 996 2019 praesumptio
1029 1939 1060 1998 in

134 2021 244 2101 Deum,
267 2021 400 2102 vigesies
424 2024 503 2084 enim
515 2044 596 2105 pene
616 2025 737 2103 repetit,
759 2041 797 2084 ae
819 2029 901 2084 totus
921 2020 1062 2082 Psslmus

133 2103 276 2167 fidueiam
300 2106 331 2166 in
355 2104 455 2168 Deum
478 2115 577 2189 sonat,
600 2108 647 2169 eui
669 2109 804 2169 omnium
827 2105 993 2168 fortissime
1013 2123 1061 2165 re·

132 2188 213 2248 sistit
233 2189 410 2268 exemplum.
430 2208 561 2271 operum*
582 2193 613 2252 in
636 2191 767 2254 Sanctis.
805 2189 890 2252 Haeo
911 2195 958 2250 est
976 2189 1058 2249 enim

132 2290 207 2332 vera
235 2272 285 2331 via
312 2271 418 2332 salutis
458 2273 545 2334 subdi
582 2275 672 2352 Deo,
712 2277 743 2336 in
769 2273 830 2334 fide
852 2274 881 2335 ei
901 2273 1011 2334 eadere
1031 2277 1062 2333 et

132 2353 242 2434 silere,
273 2373 390 2434 ponere
422 2356 584 2417 tumultum
618 2359 880 2436 praesumptionis
919 2375 1060 2437 operum,

133 2436 243 2518 quibus
266 2444 416 2517 quaerunt
434 2439 520 2517 impii
543 2459 612 2500 eum
634 2441 773 2502 invenire
785 2488 794 2519 ,
817 2447 848 2501 et
869 2458 939 2500 sese
961 2437 1059 2499 dueti·

134 2522 195 2582 lem
216 2520 379 2600 praebere,
408 2528 441 2582 ut
459 2522 527 2601 ipse
548 2523 579 2583 in
602 2522 691 2584 nobis
714 2530 874 2603 operetur,
909 2541 971 2582 non
1003 2539 1066 2582 nos.

135 2623 307 2685 operemur.
351 2602 499 2667 Videmus
528 2607 610 2666 anim
638 2604 873 2667 insonaturum
901 2604 1058 2664 sectatori·

135 2687 192 2748 bus
215 2687 289 2748 nihil
320 2689 378 2749 nisi
408 2689 570 2751 tumultum
593 2709 739 2769 operum,
777 2706 855 2768 quae
882 2688 913 2747 in
936 2685 1058 2747 Senetis

134 2769 286 2850 viderunt,
311 2772 347 2832 iis
371 2773 451 2833 enim
473 2771 523 2833 die
546 2779 577 2834 el
605 2779 698 2833 noete
725 2791 794 2834 sese
821 2770 960 2850 fatigant,
983 2788 1056 2829 nun·

136 2873 228 2934 quam
255 2861 357 2916 autem
390 2856 482 2918 silent
507 2857 574 2918 Deo
611 2855 724 2917 subditi
752 2875 807 2936 per
838 2852 938 2917 tidem.
985 2850 1056 2913 ldeo

134 2944 298 2999 moventur
319 2945 349 2999 et
371 2945 441 3000 sunt
462 2938 620 3001 instabiles
643 2939 753 3020 eorde,
780 2957 849 2999 eum
872 2955 934 2998 non
957 2935 1058 3016 possit

136 3039 191 3081 eor
212 3040 267 3101 per
289 3041 387 3101 opera
408 3020 547 3104 quietari,
569 3021 682 3085 fldueia
711 3041 815 3085 eorum
839 3021 936 3082 estin
962 3019 1060 3100 operi·

136 3103 193 3164 bus
215 3105 254 3166 ab
277 3105 420 3186 exemplo
442 3106 625 3168 denotorum
644 3106 765 3186 petitis,
800 3103 908 3185 quibus
932 3121 1059 3184 praesu-

137 3193 224 3248 munt
245 3190 415 3268 pervenire,
439 3208 499 3269 que
521 3189 564 3250 illi
588 3196 738 3251 venerunt
751 3188 826 3251 ¹sela
848 3185 919 3248 fide.
962 3185 1078 3246 lnela·.

136 3277 201 3331 mat
234 3274 337 3333 autem
374 3273 573 3353 praeeipitem
606 3272 727 3333 illorum
761 3271 967 3346 eaeeitatem,
1000 3287 1060 3350 qua

135 3357 285 3436 gregatim
308 3356 402 3416 irrunt
421 3355 460 3417 ed
489 3354 669 3417 imitandum
693 3374 771 3436 opus
801 3352 928 3415 alieuius
956 3352 1059 3432 magni

136 3438 203 3516 viri,
225 3446 256 3500 et
277 3458 339 3499 non
359 3439 462 3519 potius
484 3445 515 3500 at
540 3440 622 3518 prius
645 3439 737 3499 silere
764 3436 885 3498 diseunt
906 3441 944 3497 et‘
958 3434 1058 3496 fidere

136 3520 214 3583 Deo.
257 3521 318 3582 Gur
339 3520 469 3602 (inquit)
499 3523 544 3583 sie
564 3522 677 3583 irruitis
702 3520 879 3599 interram
908 3516 1058 3599 operum?

138 3622 193 3664 eur
213 3605 382 3667 intarfleitis
405 3624 462 3666 vos
483 3606 569 3686 ipsos
591 3604 721 3665 omnes?
752 3603 872 3664 eurritis
893 3607 925 3663 et
944 3601 1062 3682 praeei-

136 3687 321 3768 pitatis'sos
340 3690 427 3770 ipsos
449 3706 557 3750 omnes
578 3689 609 3749 in
632 3694 773 3751 mortem.
816 3687 899 3748 Deus
927 3691 973 3746 est
995 3703 1060 3744 rnu-

137 3789 189 3830 rus
211 3770 290 3832 allus
312 3779 345 3834 et
364 3771 464 3835 fidelis
492 3772 667 3854 protentio,
694 3772 774 3832 sieut
794 3769 945 3833 Solonion
967 3765 1059 3828 dieit:
