2392 4170
357 236 772 343 ‘mummius
812 324 858 332 ,,
991 239 1055 311 129

135 430 216 491 mur,
248 407 488 489 quaeeunqua¹)
522 407 647 471 tande·
675 410 755 488 sint,
784 426 879 488 quare
911 408 1057 470 omnibus

132 492 267 555 officium
284 492 477 554 sacerdotale
492 490 554 554 hoo
574 493 751 575 impositum
774 500 806 554 et
823 510 930 556 omnes
955 509 1055 555 saeer-

134 577 224 640 dotes
246 595 326 655 esse,
348 576 608 638 evidentissimum
631 584 687 639 est.
865 629 869 632 .

122 717 124 721 .
216 660 274 722 Eat
294 669 455 741 praeterea
476 659 560 721 aliud·
579 680 678 740 genus
701 658 851 741 sacrificii,
874 677 972 739 aeque
996 679 1058 720 om·

135 743 225 804 nibus
258 763 436 823 commune,
466 742 586 823 dequo
609 743 721 805 Psalm.
749 740 840 826 51²):
867 741 1058 806 Saorifloium

134 828 202 888 Deo
225 828 348 907 spiritus
372 825 609 905 contribulatus,
636 837 667 888 et
681 826 792 892 Psalm.
817 824 1059 910 50³):1mm01a

136 911 202 972 Deo
225 910 408 972 saorifloium
433 910 543 990 laudis,
565 918 596 972 et
617 908 799 972 saorifloium
822 908 920 972 laudis
939 910 1061 973 honori·
1088 966 1095 982 ,

136 993 241 1056 floabit
263 1013 323 1056 me.
357 995 398 1057 Et
418 993 532 1056 Psalm.
552 994 590 1057 4:
606 991 791 1058 'Saurifloate
813 993 995 1056 saorifloium
1017 994 1070 1054 iu·.

134 1079 236 1140 stitiae
258 1084 289 1140 et
310 1086 434 1159 sperate
454 1079 487 1138 in
509 1077 654 1140 Domino.
692 1076 738 1138 De
761 1095 822 1158 quo
845 1084 877 1138 et
897 1076 989 1142 Hebr.
1006 1079 1059 1142 13:

134 1162 194 1223 Per
214 1163 314 1242 ipsum
345 1180 419 1242 ergo
454 1159 618 1223 offeramus
649 1162 781 1222 hostiam
815 1160 915 1222 laudis
938 1180 1061 1242 semper

134 1245 213 1325 Deo,
237 1244 267 1305 id
290 1252 346 1326 eat,
367 1246 496 1306 fructum
526 1244 675 1306 labiorum
698 1243 920 1306 ⁴confitentium
943 1245 1061 1306 nomini

134 1330 210 1394 eius.
254 1326 331 1391 Item
362 1328 495 1393 Hoseae.
518 1330 572 1392 14:
601 1328 731 1391 Omnem
752 1327 837 1389 auser
858 1329 1060 1408 iniquitatem,

133 1421 166 1474 et
196 1413 311 1493 aooipe·
339 1412 453 1473 bonum
487 1410 624 1494 (idest,
654 1413 760 1474 desino
794 1411 874 1473 mala
904 1409 1059 1494 infligere,

134 1497 332 1576 apprehende
354 1495 450 1575 bona,
474 1513 554 1575 quae
576 1495 672 1557 dones
702 1492 812 1578 nobis)
837 1501 868 1556 et
894 1493 1059 1558 reddemus

134 1579 246 1640 vitulos
269 1579 420 1640 labiorum
443 1585 629 1644 nostrorum.
671 1578 710 1640 Et
732 1577 843 1641 Psalm.
869 1577 974 1660 116⁴):
1003 1575 1056 1640 Di·

133 1664 240 1743 rupisti
264 1663 385 1723 vincula
408 1681 491 1741 mea,
509 1661 563 1723 tibi
585 1660 767 1726 sacrificabo
790 1663 922 1724 hostiam
943 1662 1056 1729 laudis.

134 1746 219 1807 Haeo
241 1766 332 1826 quam
355 1765 418 1807 non
440 1743 617 1807 aintoffioia
637 1747 698 1807 rasi
721 1754 752 1807 et
772 1746 865 1808 oleati
879 1745 1054 1825 sacerdotii,

136 1832 205 1910 quis
232 1848 293 1891 non
323 1829 426 1891 videt?
474 1828 540 1890 Neo
566 1836 672 1910 potest
703 1829 798 1890 ullum
835 1849 870 1890 os
905 1828 1088 1891 mendacii,

134 1914 261 1994 garrire,
284 1914 367 1993 quod
390 1913 587 1994 spiritualiter
600 1913 639 1975 ad
652 1931 770 1994 omues,
792 1913 846 1974 sed
859 1914 1060 1994 corporaliter

135 1996 175 2056 ad
198 2015 285 2058 rasos
308 2004 426 2058 tantum
447 1998 631 2077 pertineant.
686 1996 843 2058 Pertinent
871 2015 997 2077 prorsus
1019 1995 1059 2057 ad

134 2098 268 2159 omnes,
302 2083 353 2160 qui
375 2080 517 2142 laborant
537 2079 594 2142 sub
616 2099 728 2158 oruoe,
761 2090 792 2143 et
815 2077 1001 2142 mortifloant
1023 2097 1059 2142 se

132 2166 143 2225 i
166 2183 218 2224 sos
241 2163 392 2225 sacrificio
415 2165 558 2246 proxime
579 2164 679 2246 dioto,
710 2171 743 2227 ut
763 2164 825 2226 hoo
846 2163 946 2226 laudis
967 2163 1059 2226 saori·

156 2249 235 2308 oium
260 2249 300 2309 sit
322 2249 405 2309 velut
434 2247 534 2308 tumus
569 2256 600 2309 et
629 2249 707 2310 odor
735 2249 814 2311 illius
839 2247 1059 2311 mortificatorii

132 2329 287 2392 saorifloii.
319 2331 359 2393 Et
378 2330 457 2392 haec
479 2339 550 2391 sunt
570 2334 746 2393 testimonia
768 2331 806 2393 de
829 2332 981 2394 saorifioio
1003 2350 1060 2392 seu

134 2413 217 2476 oultu
241 2417 313 2476 novi
328 2414 493 2476 sacerdotii
516 2415 572 2475 sub
595 2415 727 2496 Christo,
750 2435 809 2478 neo
820 2415 914 2478 habet
934 2434 1059 2497 prorsus

134 2506 201 2559 tota
223 2500 380 2579 Scriptura
402 2498 483 2559 aliud
506 2497 595 2558 huius
617 2498 782 2560 sacerdotii
804 2498 996 2563 saorifloium.

217 2582 319 2659 Quare
346 2582 397 2643 hio
424 2583 533 2643 iterum
577 2581 751 2662 urgebimus
781 2591 811 2642 et
848 2582 1061 2643 insultabimus
1152 2581 1153 2584 ’

136 2665 287 2746 Papistis,-
303 2673 335 2726 ut
355 2666 512 2747 proferant
528 2667 620 2726 etiam
642 2684 699 2746 pro
722 2667 768 2726 aui
783 2666 948 2726 sacerdotii
970 2666 1062 2726 sauri·
1138 2700 1139 2703 =
1163 2670 1166 2674 ’

133 2747 206 2811 floio
249 2770 342 2811 unum
371 2751 437 2810 iota
465 2756 518 2809 aut
545 2751 665 2829 apioem
695 2769 712 2810 e
746 2749 919 2830 Scripturis.
969 2750 1062 2829 Agite

136 2852 203 2917 vos,
226 2833 320 2894 inoliti
344 2831 521 2894 sacerdotes
533 2833 619 2912 Baal‚
641 2835 786 2895 invocare
800 2834 898 2894 Deum
917 2842 1061 2910 vestrum,

133 2916 213 2978 forte
237 2920 326 2978 estin
348 2918 466 2998 itinere,
491 2925 543 2977 aut
556 2924 639 2978 oerte
662 2915 793 2998 dormit,
808 2917 891 2979 Deus
914 2923 962 2977 est
979 2916 1061 2977 euim

133 3007 165 3060 et
185 3001 297 3065 audiet.
323 3001 450 3081 Dieite,
474 3000 523 3061 ubi
546 3002 692 3082 seriptum
716 3003 764 3081 sit,
788 3001 898 3062 Missas
922 3019 991 3062 esee
1013 3019 1060 3061 sa·
1120 3048 1122 3052 .

133 3083 271 3146 oritioia?
303 3083 361 3146 Ubi
383 3084 488 3146 docuit
508 3083 646 3146 Christus
668 3104 780 3165 panem
806 3096 837 3146 et
860 3085 964 3146 vinum
988 3102 1061 3146 ooo·

132 3177 285 3229 seoratum
313 3166 423 3230 offerre
447 3167 536 3229 Deo?
579 3168 762 3230 Auditisne?
806 3169 942 3230 Christus
964 3168 1062 3230 semei

132 3271 168 3312 ee
194 3253 294 3332 ipsum
318 3251 443 3331 obtulit,
467 3271 528 3313 non
553 3253 650 3314 voluit
671 3252 772 3314 denuo
794 3253 833 3314 ab
856 3253 924 3313 ullis
947 3251 1060 3330 offerri,

133 3333 187 3396 sed
212 3336 390 3396 memoriam
419 3337 466 3397 aui
499 3335 640 3398 saorifloii
664 3337 761 3398 voluit
793 3335 870 3398 fleri.
913 3334 952 3396 Et
973 3334 1062 3396 vobis

133 3418 215 3480 unde
226 3419 303 3482 haee
315 3418 455 3500 audaoia,
478 3428 511 3481 ut
522 3419 704 3481 sacrificium
719 3438 810 3480 exea
823 3420 973 3481 memoria
983 3419 1063 3480 taue-

132 3501 231 3564 retis?
272 3503 384 3565 Nonne
405 3505 450 3564 sio
471 3522 511 3564 ex
531 3504 657 3584 proprio
680 3503 807 3565 oerebro
831 3504 909 3564 eitra
931 3509 963 3564 et
983 3500 1062 3564 ultra

230 3680 315 3780 1¹)1n
343 3708 387 3766 ed.
413 3708 484 3765 lem:
515 3708 680 3779 quicunque.
730 3711 762 3779 2)
788 3708 820 3764 lu
837 3707 881 3767 ed.
910 3707 997 3779 oriar
1021 3709 1064 3764 tt).

133 3782 163 3852 ³)
185 3778 268 3842 uid:
287 3782 331 3841 49.
368 3780 401 3851 4)
421 3778 510 3836 Ibid.:
529 3783 591 3838 115.

162 3882 254 3927 uoueri
267 3894 319 3936 opp.
335 3884 361 3927 V.
376 3884 403 3925 Α.
418 3883 447 3925 ad
460 3885 502 3926 rat
514 3883 567 3927 hist.
582 3885 597 3925 Ι.
611 3895 633 3936 p.
651 3882 700 3926 vm.
716 3878 754 3924 Vi.
878 3849 900 3919 9
