<?xml version="1.0" encoding="UTF-8"?>
<!DOCTYPE html PUBLIC "-//W3C//DTD XHTML 1.0 Transitional//EN"
    "http://www.w3.org/TR/xhtml1/DTD/xhtml1-transitional.dtd">
<html xmlns="http://www.w3.org/1999/xhtml" xml:lang="en" lang="en">
 <head>
  <title>
</title>
<meta http-equiv="Content-Type" content="text/html;charset=utf-8" />
  <meta name='ocr-system' content='tesseract 3.04.00' />
  <meta name='ocr-capabilities' content='ocr_page ocr_carea ocr_par ocr_line ocrx_word'/>
</head>
<body>
  <div class='ocr_page' id='page_1' title='image "./dmartinilutheri03luthgoog_0063.png"; bbox 0 0 2392 4170; ppageno 0'>
   <div class='ocr_carea' id='block_1_1' title="bbox 146 239 818 311">
    <p class='ocr_par' dir='ltr' id='par_1_1' title="bbox 146 239 818 311">
     <span class='ocr_line' id='line_1_1' title="bbox 146 239 818 311; baseline 0.003 -16"><span class='ocrx_word' id='word_1_1' title='bbox 146 239 187 306; x_wconf 81' lang='lat'>52</span> <span class='ocrx_word' id='word_1_2' title='bbox 403 242 446 296; x_wconf 87' lang='lat' dir='ltr'>De</span> <span class='ocrx_word' id='word_1_3' title='bbox 464 241 540 311; x_wconf 81' lang='lat' dir='ltr'>Capi.</span> <span class='ocrx_word' id='word_1_4' title='bbox 560 241 659 310; x_wconf 85' lang='lat' dir='ltr'>Babyl.</span> <span class='ocrx_word' id='word_1_5' title='bbox 677 241 818 296; x_wconf 76' lang='lat' dir='ltr'>Ecclesiae</span> 
     </span>
    </p>
   </div>
   <div class='ocr_carea' id='block_1_2' title="bbox 146 396 1073 461">
    <p class='ocr_par' dir='ltr' id='par_1_2' title="bbox 146 396 1073 461">
     <span class='ocr_line' id='line_1_2' title="bbox 146 396 1073 461; baseline 0 -2"><span class='ocrx_word' id='word_1_6' title='bbox 146 396 326 459; x_wconf 77' lang='lat' dir='ltr'>offerrentur</span> <span class='ocrx_word' id='word_1_7' title='bbox 347 416 402 456; x_wconf 90' lang='lat' dir='ltr'>seu</span> <span class='ocrx_word' id='word_1_8' title='bbox 424 396 606 458; x_wconf 80' lang='lat' dir='ltr'><strong>levarentur.</strong></span> <span class='ocrx_word' id='word_1_9' title='bbox 656 397 707 458; x_wconf 84' lang='lat' dir='ltr'>Sic</span> <span class='ocrx_word' id='word_1_10' title='bbox 738 398 887 457; x_wconf 82' lang='lat' dir='ltr'>Ezechias</span> <span class='ocrx_word' id='word_1_11' title='bbox 920 396 991 460; x_wconf 79' lang='lat' dir='ltr'>Ena.</span> <span class='ocrx_word' id='word_1_12' title='bbox 1021 397 1073 461; x_wconf 81' lang='lat'>37.</span> 
     </span>
    </p>
   </div>
   <div class='ocr_carea' id='block_1_3' title="bbox 27 481 1074 561">
    <p class='ocr_par' dir='ltr' id='par_1_3' title="bbox 27 481 1074 561">
     <span class='ocr_line' id='line_1_3' title="bbox 27 481 1074 561; baseline -0.002 -20"><span class='ocrx_word' id='word_1_13' title='bbox 27 488 37 505; x_wconf 67' lang='lat'>⁸</span> <span class='ocrx_word' id='word_1_14' title='bbox 146 481 231 541; x_wconf 91' lang='lat' dir='ltr'>iubet</span> <span class='ocrx_word' id='word_1_15' title='bbox 243 481 366 542; x_wconf 80' lang='lat' dir='ltr'>Esaiam</span> <span class='ocrx_word' id='word_1_16' title='bbox 378 481 481 540; x_wconf 87' lang='lat' dir='ltr'>levare</span> <span class='ocrx_word' id='word_1_17' title='bbox 504 483 674 542; x_wconf 87' lang='lat' dir='ltr'>orationem</span> <span class='ocrx_word' id='word_1_18' title='bbox 694 483 725 541; x_wconf 93' lang='lat' dir='ltr'>in</span> <span class='ocrx_word' id='word_1_19' title='bbox 747 490 915 561; x_wconf 87' lang='lat' dir='ltr'>conspectu</span> <span class='ocrx_word' id='word_1_20' title='bbox 936 481 994 541; x_wconf 91' lang='lat' dir='ltr'>Dei</span> <span class='ocrx_word' id='word_1_21' title='bbox 1016 482 1074 559; x_wconf 87' lang='lat' dir='ltr'>pro</span> 
     </span>
    </p>
   </div>
   <div class='ocr_carea' id='block_1_4' title="bbox 89 564 1112 3561">
    <p class='ocr_par' dir='ltr' id='par_1_4' title="bbox 89 564 1075 1127">
     <span class='ocr_line' id='line_1_4' title="bbox 144 564 1073 644; baseline -0.001 -20"><span class='ocrx_word' id='word_1_22' title='bbox 144 566 296 644; x_wconf 74' lang='lat' dir='ltr'>reliquiis,</span> <span class='ocrx_word' id='word_1_23' title='bbox 329 570 360 625; x_wconf 93' lang='lat' dir='ltr'>et</span> <span class='ocrx_word' id='word_1_24' title='bbox 391 564 532 642; x_wconf 79' lang='lat' dir='ltr'>Psal.:*)</span> <span class='ocrx_word' id='word_1_25' title='bbox 567 565 714 625; x_wconf 82' lang='lat' dir='ltr'>Extollits</span> <span class='ocrx_word' id='word_1_26' title='bbox 747 584 853 624; x_wconf 90' lang='lat' dir='ltr'>manus</span> <span class='ocrx_word' id='word_1_27' title='bbox 891 573 1007 624; x_wconf 86' lang='lat' dir='ltr'>vestras</span> <span class='ocrx_word' id='word_1_28' title='bbox 1041 564 1073 623; x_wconf 90' lang='lat' dir='ltr'>iu</span> 
     </span>
     <span class='ocr_line' id='line_1_5' title="bbox 145 647 1073 726; baseline -0.004 -18"><span class='ocrx_word' id='word_1_29' title='bbox 145 655 270 726; x_wconf 72' lang='lat' dir='ltr'>sancta,</span> <span class='ocrx_word' id='word_1_30' title='bbox 302 649 389 708; x_wconf 93' lang='lat' dir='ltr'>item:</span> <span class='ocrx_word' id='word_1_31' title='bbox 412 647 460 707; x_wconf 88' lang='lat' dir='ltr'>Ad</span> <span class='ocrx_word' id='word_1_32' title='bbox 476 655 506 706; x_wconf 92' lang='lat' dir='ltr'>te</span> <span class='ocrx_word' id='word_1_33' title='bbox 528 648 639 708; x_wconf 89' lang='lat' dir='ltr'>levabo</span> <span class='ocrx_word' id='word_1_34' title='bbox 654 664 761 708; x_wconf 88' lang='lat' dir='ltr'>manus</span> <span class='ocrx_word' id='word_1_35' title='bbox 785 668 885 725; x_wconf 70' lang='lat' dir='ltr'>meas,</span> <span class='ocrx_word' id='word_1_36' title='bbox 909 653 934 710; x_wconf 88' lang='lat'>1.</span> <span class='ocrx_word' id='word_1_37' title='bbox 947 647 1024 707; x_wconf 80' lang='lat' dir='ltr'>lim.</span> <span class='ocrx_word' id='word_1_38' title='bbox 1039 647 1073 709; x_wconf 85' lang='lat'>2:</span> 
     </span>
     <span class='ocr_line' id='line_1_6' title="bbox 145 730 1075 811; baseline -0.001 -21"><span class='ocrx_word' id='word_1_39' title='bbox 145 731 296 791; x_wconf 87' lang='lat' dir='ltr'>Levantes</span> <span class='ocrx_word' id='word_1_40' title='bbox 317 750 410 811; x_wconf 86' lang='lat' dir='ltr'>puras</span> <span class='ocrx_word' id='word_1_41' title='bbox 433 750 540 790; x_wconf 87' lang='lat' dir='ltr'>manus</span> <span class='ocrx_word' id='word_1_42' title='bbox 568 734 598 790; x_wconf 89' lang='lat' dir='ltr'>in</span> <span class='ocrx_word' id='word_1_43' title='bbox 622 733 705 792; x_wconf 90' lang='lat' dir='ltr'>omni</span> <span class='ocrx_word' id='word_1_44' title='bbox 733 731 813 792; x_wconf 85' lang='lat' dir='ltr'>loco.</span> <span class='ocrx_word' id='word_1_45' title='bbox 857 730 960 806; x_wconf 79' lang='lat' dir='ltr'>Quare</span> <span class='ocrx_word' id='word_1_46' title='bbox 983 747 1075 790; x_wconf 85' lang='lat' dir='ltr'>voca·</span> 
     </span>
     <span class='ocr_line' id='line_1_7' title="bbox 147 813 1073 874; baseline -0.001 -1"><span class='ocrx_word' id='word_1_47' title='bbox 147 814 219 874; x_wconf 91' lang='lat' dir='ltr'>bula</span> <span class='ocrx_word' id='word_1_48' title='bbox 240 813 381 874; x_wconf 87' lang='lat' dir='ltr'>sacrificii</span> <span class='ocrx_word' id='word_1_49' title='bbox 403 833 457 874; x_wconf 90' lang='lat' dir='ltr'>seu</span> <span class='ocrx_word' id='word_1_50' title='bbox 486 815 652 874; x_wconf 89' lang='lat' dir='ltr'>oblationis</span> <span class='ocrx_word' id='word_1_51' title='bbox 681 816 784 874; x_wconf 85' lang='lat' dir='ltr'>referri</span> <span class='ocrx_word' id='word_1_52' title='bbox 814 814 926 874; x_wconf 92' lang='lat' dir='ltr'>debent</span> <span class='ocrx_word' id='word_1_53' title='bbox 948 831 1010 873; x_wconf 94' lang='lat' dir='ltr'>non</span> <span class='ocrx_word' id='word_1_54' title='bbox 1033 813 1073 872; x_wconf 89' lang='lat' dir='ltr'>ad</span> 
     </span>
     <span class='ocr_line' id='line_1_8' title="bbox 89 898 1073 976; baseline -0.001 -19"><span class='ocrx_word' id='word_1_55' title='bbox 89 911 98 924; x_wconf 79' lang='grc'>·</span> <span class='ocrx_word' id='word_1_56' title='bbox 146 904 373 958; x_wconf 88' lang='lat' dir='ltr'>sacramentum</span> <span class='ocrx_word' id='word_1_57' title='bbox 396 904 667 976; x_wconf 87' lang='lat' dir='ltr'>ettestementum,</span> <span class='ocrx_word' id='word_1_58' title='bbox 688 900 742 957; x_wconf 90' lang='lat' dir='ltr'>sed</span> <span class='ocrx_word' id='word_1_59' title='bbox 765 898 804 958; x_wconf 85' lang='lat' dir='ltr'>ad</span> <span class='ocrx_word' id='word_1_60' title='bbox 818 898 964 957; x_wconf 87' lang='lat' dir='ltr'>collectas</span> <span class='ocrx_word' id='word_1_61' title='bbox 979 899 1073 976; x_wconf 88' lang='lat' dir='ltr'>ipsas.</span> 
     </span>
     <span class='ocr_line' id='line_1_9' title="bbox 148 980 1075 1060; baseline -0.002 -19"><span class='ocrx_word' id='word_1_62' title='bbox 148 980 237 1041; x_wconf 90' lang='lat' dir='ltr'>Unde</span> <span class='ocrx_word' id='word_1_63' title='bbox 258 989 289 1041; x_wconf 89' lang='lat' dir='ltr'>et</span> <span class='ocrx_word' id='word_1_64' title='bbox 311 981 461 1060; x_wconf 87' lang='lat' dir='ltr'>reliquum</span> <span class='ocrx_word' id='word_1_65' title='bbox 485 989 532 1040; x_wconf 91' lang='lat' dir='ltr'>est</span> <span class='ocrx_word' id='word_1_66' title='bbox 553 981 735 1042; x_wconf 92' lang='lat' dir='ltr'>vocabulum</span> <span class='ocrx_word' id='word_1_67' title='bbox 758 981 907 1040; x_wconf 75' lang='lat' dir='ltr'>collectae</span> <span class='ocrx_word' id='word_1_68' title='bbox 929 997 985 1060; x_wconf 93' lang='lat' dir='ltr'>pro</span> <span class='ocrx_word' id='word_1_69' title='bbox 1007 997 1075 1059; x_wconf 89' lang='lat' dir='ltr'>pre·</span> 
     </span>
     <span class='ocr_line' id='line_1_10' title="bbox 146 1064 523 1127; baseline -0.005 0"><span class='ocrx_word' id='word_1_70' title='bbox 146 1064 232 1127; x_wconf 77' lang='lat' dir='ltr'>cibus</span> <span class='ocrx_word' id='word_1_71' title='bbox 254 1066 286 1124; x_wconf 91' lang='lat' dir='ltr'>in</span> <span class='ocrx_word' id='word_1_72' title='bbox 308 1066 402 1123; x_wconf 85' lang='lat' dir='ltr'>missa</span> <span class='ocrx_word' id='word_1_73' title='bbox 425 1066 523 1126; x_wconf 82' lang='lat' dir='ltr'>dictis.</span> 
     </span>
    </p>

    <p class='ocr_par' dir='ltr' id='par_1_5' title="bbox 147 1147 1080 2976">
     <span class='ocr_line' id='line_1_11' title="bbox 230 1147 1075 1226; baseline 0 -20"><span class='ocrx_word' id='word_1_74' title='bbox 230 1147 314 1206; x_wconf 90' lang='lat' dir='ltr'>ldem</span> <span class='ocrx_word' id='word_1_75' title='bbox 326 1148 408 1224; x_wconf 87' lang='lat' dir='ltr'>facit,</span> <span class='ocrx_word' id='word_1_76' title='bbox 431 1149 513 1226; x_wconf 93' lang='lat' dir='ltr'>quod</span> <span class='ocrx_word' id='word_1_77' title='bbox 536 1149 681 1209; x_wconf 79' lang='lat' dir='ltr'>sacerdos</span> <span class='ocrx_word' id='word_1_78' title='bbox 707 1166 780 1206; x_wconf 88' lang='lat' dir='ltr'>mox</span> <span class='ocrx_word' id='word_1_79' title='bbox 795 1153 976 1207; x_wconf 87' lang='lat' dir='ltr'>consecrato</span> <span class='ocrx_word' id='word_1_80' title='bbox 992 1164 1075 1225; x_wconf 87' lang='lat' dir='ltr'>pane</span> 
     </span>
     <span class='ocr_line' id='line_1_12' title="bbox 150 1229 1075 1309; baseline -0.001 -19"><span class='ocrx_word' id='word_1_81' title='bbox 150 1238 181 1290; x_wconf 87' lang='lat' dir='ltr'>et</span> <span class='ocrx_word' id='word_1_82' title='bbox 203 1230 298 1290; x_wconf 87' lang='lat' dir='ltr'>calice</span> <span class='ocrx_word' id='word_1_83' title='bbox 322 1230 423 1291; x_wconf 88' lang='lat' dir='ltr'>elevat</span> <span class='ocrx_word' id='word_1_84' title='bbox 445 1230 592 1309; x_wconf 88' lang='lat' dir='ltr'>eundem,</span> <span class='ocrx_word' id='word_1_85' title='bbox 625 1248 686 1309; x_wconf 91' lang='lat' dir='ltr'>quo</span> <span class='ocrx_word' id='word_1_86' title='bbox 715 1250 776 1291; x_wconf 93' lang='lat' dir='ltr'>non</span> <span class='ocrx_word' id='word_1_87' title='bbox 799 1249 867 1289; x_wconf 89' lang='lat' dir='ltr'>sese</span> <span class='ocrx_word' id='word_1_88' title='bbox 890 1229 1000 1289; x_wconf 84' lang='lat' dir='ltr'>offerre</span> <span class='ocrx_word' id='word_1_89' title='bbox 1022 1229 1075 1289; x_wconf 91' lang='lat' dir='ltr'>ali·</span> 
     </span>
     <span class='ocr_line' id='line_1_13' title="bbox 147 1313 1077 1392; baseline 0 -20"><span class='ocrx_word' id='word_1_90' title='bbox 147 1313 220 1392; x_wconf 88' lang='lat' dir='ltr'>quid</span> <span class='ocrx_word' id='word_1_91' title='bbox 242 1314 310 1374; x_wconf 89' lang='lat' dir='ltr'>Deo</span> <span class='ocrx_word' id='word_1_92' title='bbox 335 1313 478 1389; x_wconf 79' lang='lat' dir='ltr'>ostendit,</span> <span class='ocrx_word' id='word_1_93' title='bbox 502 1333 570 1372; x_wconf 91' lang='lat' dir='ltr'>oum</span> <span class='ocrx_word' id='word_1_94' title='bbox 593 1314 678 1373; x_wconf 91' lang='lat' dir='ltr'>nullo</span> <span class='ocrx_word' id='word_1_95' title='bbox 701 1313 794 1374; x_wconf 88' lang='lat' dir='ltr'>verbo</span> <span class='ocrx_word' id='word_1_96' title='bbox 817 1319 880 1372; x_wconf 92' lang='lat' dir='ltr'>tum</span> <span class='ocrx_word' id='word_1_97' title='bbox 904 1314 1077 1372; x_wconf 90' lang='lat' dir='ltr'>meminerit</span> 
     </span>
     <span class='ocr_line' id='line_1_14' title="bbox 147 1395 1075 1474; baseline 0.001 -19"><span class='ocrx_word' id='word_1_98' title='bbox 147 1397 267 1458; x_wconf 87' lang='lat' dir='ltr'>hostiae</span> <span class='ocrx_word' id='word_1_99' title='bbox 289 1415 342 1457; x_wconf 88' lang='lat' dir='ltr'>sen</span> <span class='ocrx_word' id='word_1_100' title='bbox 365 1397 539 1459; x_wconf 85' lang='lat' dir='ltr'>oblationis.</span> <span class='ocrx_word' id='word_1_101' title='bbox 582 1397 643 1456; x_wconf 83' lang='lat' dir='ltr'>Sed</span> <span class='ocrx_word' id='word_1_102' title='bbox 656 1405 703 1456; x_wconf 92' lang='lat' dir='ltr'>est</span> <span class='ocrx_word' id='word_1_103' title='bbox 720 1405 750 1456; x_wconf 93' lang='lat' dir='ltr'>et</span> <span class='ocrx_word' id='word_1_104' title='bbox 770 1398 912 1474; x_wconf 89' lang='lat' dir='ltr'>idipsum</span> <span class='ocrx_word' id='word_1_105' title='bbox 935 1396 983 1456; x_wconf 90' lang='lat' dir='ltr'>vel</span> <span class='ocrx_word' id='word_1_106' title='bbox 1006 1395 1075 1456; x_wconf 92' lang='lat' dir='ltr'>reli·</span> 
     </span>
     <span class='ocr_line' id='line_1_15' title="bbox 147 1479 1074 1558; baseline -0.001 -19"><span class='ocrx_word' id='word_1_107' title='bbox 147 1498 241 1558; x_wconf 87' lang='lat' dir='ltr'>quum</span> <span class='ocrx_word' id='word_1_108' title='bbox 273 1482 348 1540; x_wconf 91' lang='lat' dir='ltr'>ritus</span> <span class='ocrx_word' id='word_1_109' title='bbox 385 1480 535 1557; x_wconf 89' lang='lat' dir='ltr'>hebraici,</span> <span class='ocrx_word' id='word_1_110' title='bbox 568 1497 629 1558; x_wconf 92' lang='lat' dir='ltr'>quo</span> <span class='ocrx_word' id='word_1_111' title='bbox 662 1479 858 1558; x_wconf 78' lang='lat' dir='ltr'>levabantur,</span> <span class='ocrx_word' id='word_1_112' title='bbox 891 1497 972 1558; x_wconf 91' lang='lat' dir='ltr'>quse</span> <span class='ocrx_word' id='word_1_113' title='bbox 1004 1497 1074 1538; x_wconf 91' lang='lat' dir='ltr'>cum</span> 
     </span>
     <span class='ocr_line' id='line_1_16' title="bbox 150 1562 1074 1643; baseline 0 -21"><span class='ocrx_word' id='word_1_114' title='bbox 150 1565 314 1643; x_wconf 80' lang='lat' dir='ltr'>gratiarum</span> <span class='ocrx_word' id='word_1_115' title='bbox 338 1563 509 1624; x_wconf 82' lang='lat' dir='ltr'>actionibus</span> <span class='ocrx_word' id='word_1_116' title='bbox 531 1563 738 1642; x_wconf 85' lang='lat' dir='ltr'>ecceptaDeo</span> <span class='ocrx_word' id='word_1_117' title='bbox 761 1563 978 1623; x_wconf 83' lang='lat' dir='ltr'>referebantur.</span> <span class='ocrx_word' id='word_1_118' title='bbox 1018 1562 1074 1622; x_wconf 91' lang='lat' dir='ltr'>Vel</span> 
     </span>
     <span class='ocr_line' id='line_1_17' title="bbox 148 1645 1076 1726; baseline -0.001 -19"><span class='ocrx_word' id='word_1_119' title='bbox 148 1645 317 1707; x_wconf 87' lang='lat' dir='ltr'>admonitio</span> <span class='ocrx_word' id='word_1_120' title='bbox 340 1649 452 1723; x_wconf 89' lang='lat' dir='ltr'>nostri,</span> <span class='ocrx_word' id='word_1_121' title='bbox 482 1665 543 1725; x_wconf 90' lang='lat' dir='ltr'>quo</span> <span class='ocrx_word' id='word_1_122' title='bbox 576 1664 780 1726; x_wconf 83' lang='lat' dir='ltr'>provocemur</span> <span class='ocrx_word' id='word_1_123' title='bbox 809 1645 848 1705; x_wconf 86' lang='lat' dir='ltr'>ad</span> <span class='ocrx_word' id='word_1_124' title='bbox 870 1645 961 1705; x_wconf 88' lang='lat' dir='ltr'>tidem</span> <span class='ocrx_word' id='word_1_125' title='bbox 984 1652 1076 1706; x_wconf 87' lang='lat' dir='ltr'>testa·</span> 
     </span>
     <span class='ocr_line' id='line_1_18' title="bbox 149 1729 1076 1808; baseline 0 -20"><span class='ocrx_word' id='word_1_126' title='bbox 149 1731 244 1789; x_wconf 90' lang='lat' dir='ltr'>menti</span> <span class='ocrx_word' id='word_1_127' title='bbox 266 1731 371 1807; x_wconf 87' lang='lat' dir='ltr'>huius,</span> <span class='ocrx_word' id='word_1_128' title='bbox 406 1730 487 1808; x_wconf 90' lang='lat' dir='ltr'>quod</span> <span class='ocrx_word' id='word_1_129' title='bbox 521 1735 585 1791; x_wconf 92' lang='lat' dir='ltr'>tum</span> <span class='ocrx_word' id='word_1_130' title='bbox 617 1731 716 1789; x_wconf 88' lang='lat' dir='ltr'>verbis</span> <span class='ocrx_word' id='word_1_131' title='bbox 746 1730 857 1790; x_wconf 80' lang='lat' dir='ltr'>Christi</span> <span class='ocrx_word' id='word_1_132' title='bbox 887 1729 1013 1808; x_wconf 89' lang='lat' dir='ltr'>protulit</span> <span class='ocrx_word' id='word_1_133' title='bbox 1044 1735 1076 1788; x_wconf 87' lang='lat' dir='ltr'>et</span> 
     </span>
     <span class='ocr_line' id='line_1_19' title="bbox 149 1811 1075 1893; baseline 0 -21"><span class='ocrx_word' id='word_1_134' title='bbox 149 1811 306 1891; x_wconf 58' lang='lat' dir='ltr'>exhibui·</span> <span class='ocrx_word' id='word_1_135' title='bbox 333 1821 367 1872; x_wconf 91' lang='lat' dir='ltr'>ut</span> <span class='ocrx_word' id='word_1_136' title='bbox 389 1813 478 1872; x_wconf 89' lang='lat' dir='ltr'>simul</span> <span class='ocrx_word' id='word_1_137' title='bbox 500 1823 531 1872; x_wconf 89' lang='lat' dir='ltr'>et</span> <span class='ocrx_word' id='word_1_138' title='bbox 561 1815 681 1893; x_wconf 87' lang='lat' dir='ltr'>signum</span> <span class='ocrx_word' id='word_1_139' title='bbox 705 1814 840 1873; x_wconf 87' lang='lat' dir='ltr'>eiusdem</span> <span class='ocrx_word' id='word_1_140' title='bbox 864 1812 1022 1890; x_wconf 86' lang='lat' dir='ltr'>ostendat,</span> <span class='ocrx_word' id='word_1_141' title='bbox 1045 1817 1075 1872; x_wconf 88' lang='lat' dir='ltr'>et</span> 
     </span>
     <span class='ocr_line' id='line_1_20' title="bbox 148 1896 1075 1976; baseline -0.002 -20"><span class='ocrx_word' id='word_1_142' title='bbox 148 1896 263 1957; x_wconf 90' lang='lat' dir='ltr'>oblatio</span> <span class='ocrx_word' id='word_1_143' title='bbox 286 1897 374 1976; x_wconf 89' lang='lat' dir='ltr'>panis</span> <span class='ocrx_word' id='word_1_144' title='bbox 397 1898 521 1976; x_wconf 89' lang='lat' dir='ltr'>proprie</span> <span class='ocrx_word' id='word_1_145' title='bbox 538 1897 806 1975; x_wconf 84' lang='lat' dir='ltr'>respondeathuic</span> <span class='ocrx_word' id='word_1_146' title='bbox 818 1896 1075 1956; x_wconf 88' lang='lat' dir='ltr'>demonstrativo:</span> 
     </span>
     <span class='ocr_line' id='line_1_21' title="bbox 148 1979 1075 2058; baseline -0.001 -19"><span class='ocrx_word' id='word_1_147' title='bbox 148 1979 217 2041; x_wconf 89' lang='lat' dir='ltr'>Hoc</span> <span class='ocrx_word' id='word_1_148' title='bbox 244 1987 291 2038; x_wconf 89' lang='lat' dir='ltr'>est</span> <span class='ocrx_word' id='word_1_149' title='bbox 318 1998 430 2058; x_wconf 86' lang='lat' dir='ltr'>corpus</span> <span class='ocrx_word' id='word_1_150' title='bbox 460 1998 577 2056; x_wconf 90' lang='lat' dir='ltr'>meum,</span> <span class='ocrx_word' id='word_1_151' title='bbox 608 1997 726 2058; x_wconf 89' lang='lat' dir='ltr'>nosque</span> <span class='ocrx_word' id='word_1_152' title='bbox 755 1981 989 2040; x_wconf 84' lang='lat' dir='ltr'>circumstantes</span> <span class='ocrx_word' id='word_1_153' title='bbox 1018 1996 1075 2038; x_wconf 91' lang='lat' dir='ltr'>cen</span> 
     </span>
     <span class='ocr_line' id='line_1_22' title="bbox 149 2062 1075 2143; baseline -0.001 -20"><span class='ocrx_word' id='word_1_154' title='bbox 149 2063 322 2143; x_wconf 87' lang='lat' dir='ltr'>alloquatur</span> <span class='ocrx_word' id='word_1_155' title='bbox 343 2064 404 2122; x_wconf 90' lang='lat' dir='ltr'>hoc</span> <span class='ocrx_word' id='word_1_156' title='bbox 424 2064 493 2142; x_wconf 87' lang='lat' dir='ltr'>ipso</span> <span class='ocrx_word' id='word_1_157' title='bbox 514 2064 613 2142; x_wconf 86' lang='lat' dir='ltr'>signo.</span> <span class='ocrx_word' id='word_1_158' title='bbox 657 2062 707 2122; x_wconf 81' lang='lat' dir='ltr'>Sic</span> <span class='ocrx_word' id='word_1_159' title='bbox 735 2062 851 2122; x_wconf 92' lang='lat' dir='ltr'>oblatio</span> <span class='ocrx_word' id='word_1_160' title='bbox 880 2062 983 2121; x_wconf 87' lang='lat' dir='ltr'>calicis</span> <span class='ocrx_word' id='word_1_161' title='bbox 1006 2080 1075 2142; x_wconf 84' lang='lat' dir='ltr'>pro·</span> 
     </span>
     <span class='ocr_line' id='line_1_23' title="bbox 148 2145 1075 2227; baseline 0 -22"><span class='ocrx_word' id='word_1_162' title='bbox 148 2149 214 2227; x_wconf 90' lang='lat' dir='ltr'>prie</span> <span class='ocrx_word' id='word_1_163' title='bbox 236 2145 423 2226; x_wconf 88' lang='lat' dir='ltr'>respondeat</span> <span class='ocrx_word' id='word_1_164' title='bbox 444 2147 515 2204; x_wconf 89' lang='lat' dir='ltr'>huic</span> <span class='ocrx_word' id='word_1_165' title='bbox 538 2148 793 2227; x_wconf 87' lang='lat' dir='ltr'>demonstrativo:</span> <span class='ocrx_word' id='word_1_166' title='bbox 817 2145 875 2206; x_wconf 90' lang='lat' dir='ltr'>Hic</span> <span class='ocrx_word' id='word_1_167' title='bbox 899 2146 980 2205; x_wconf 86' lang='lat' dir='ltr'>calix</span> <span class='ocrx_word' id='word_1_168' title='bbox 1002 2146 1075 2205; x_wconf 90' lang='lat' dir='ltr'>novi</span> 
     </span>
     <span class='ocr_line' id='line_1_24' title="bbox 150 2228 1077 2290; baseline -0.001 -1"><span class='ocrx_word' id='word_1_169' title='bbox 150 2231 324 2290; x_wconf 87' lang='lat' dir='ltr'>testamenti</span> <span class='ocrx_word' id='word_1_170' title='bbox 346 2236 404 2290; x_wconf 88' lang='lat' dir='ltr'>etc.</span> <span class='ocrx_word' id='word_1_171' title='bbox 448 2228 551 2288; x_wconf 80' lang='lat' dir='ltr'>Fidem</span> <span class='ocrx_word' id='word_1_172' title='bbox 580 2231 713 2289; x_wconf 92' lang='lat' dir='ltr'>enimin</span> <span class='ocrx_word' id='word_1_173' title='bbox 747 2231 837 2289; x_wconf 87' lang='lat' dir='ltr'>nobis</span> <span class='ocrx_word' id='word_1_174' title='bbox 855 2229 1001 2288; x_wconf 87' lang='lat' dir='ltr'>sacerdos</span> <span class='ocrx_word' id='word_1_175' title='bbox 1024 2248 1077 2289; x_wconf 83' lang='lat' dir='ltr'>ex·</span> 
     </span>
     <span class='ocr_line' id='line_1_25' title="bbox 150 2311 1079 2393; baseline -0.001 -21"><span class='ocrx_word' id='word_1_176' title='bbox 150 2316 244 2372; x_wconf 86' lang='lat' dir='ltr'>citare</span> <span class='ocrx_word' id='word_1_177' title='bbox 267 2311 359 2372; x_wconf 90' lang='lat' dir='ltr'>debet</span> <span class='ocrx_word' id='word_1_178' title='bbox 393 2314 460 2392; x_wconf 90' lang='lat' dir='ltr'>ipso</span> <span class='ocrx_word' id='word_1_179' title='bbox 494 2312 635 2372; x_wconf 88' lang='lat' dir='ltr'>elevandi</span> <span class='ocrx_word' id='word_1_180' title='bbox 656 2314 724 2375; x_wconf 88' lang='lat' dir='ltr'>ritu.</span> <span class='ocrx_word' id='word_1_181' title='bbox 768 2315 869 2393; x_wconf 87' lang='lat' dir='ltr'>Atque</span> <span class='ocrx_word' id='word_1_182' title='bbox 899 2313 1015 2371; x_wconf 89' lang='lat' dir='ltr'>utinam</span> <span class='ocrx_word' id='word_1_183' title='bbox 1047 2318 1079 2372; x_wconf 88' lang='lat' dir='ltr'>ut</span> 
     </span>
     <span class='ocr_line' id='line_1_26' title="bbox 149 2395 1080 2475; baseline 0 -19"><span class='ocrx_word' id='word_1_184' title='bbox 149 2399 181 2456; x_wconf 93' lang='lat' dir='ltr'>in</span> <span class='ocrx_word' id='word_1_185' title='bbox 203 2395 299 2456; x_wconf 90' lang='lat' dir='ltr'>oculis</span> <span class='ocrx_word' id='word_1_186' title='bbox 322 2397 434 2454; x_wconf 89' lang='lat' dir='ltr'>nostris</span> <span class='ocrx_word' id='word_1_187' title='bbox 458 2396 616 2455; x_wconf 84' lang='lat' dir='ltr'>manifeste</span> <span class='ocrx_word' id='word_1_188' title='bbox 639 2396 739 2455; x_wconf 87' lang='lat' dir='ltr'>elevat</span> <span class='ocrx_word' id='word_1_189' title='bbox 761 2399 882 2475; x_wconf 83' lang='lat' dir='ltr'>siguum</span> <span class='ocrx_word' id='word_1_190' title='bbox 904 2415 959 2455; x_wconf 90' lang='lat' dir='ltr'>seu</span> <span class='ocrx_word' id='word_1_191' title='bbox 976 2414 1080 2456; x_wconf 85' lang='lat' dir='ltr'>sacra·</span> 
     </span>
     <span class='ocr_line' id='line_1_27' title="bbox 151 2479 1077 2559; baseline 0 -20"><span class='ocrx_word' id='word_1_192' title='bbox 151 2488 303 2557; x_wconf 88' lang='lat' dir='ltr'>mentum,</span> <span class='ocrx_word' id='word_1_193' title='bbox 332 2480 376 2539; x_wconf 88' lang='lat' dir='ltr'>ita</span> <span class='ocrx_word' id='word_1_194' title='bbox 404 2479 493 2538; x_wconf 88' lang='lat' dir='ltr'>simul</span> <span class='ocrx_word' id='word_1_195' title='bbox 521 2480 643 2539; x_wconf 89' lang='lat' dir='ltr'>auribus</span> <span class='ocrx_word' id='word_1_196' title='bbox 674 2481 785 2541; x_wconf 88' lang='lat' dir='ltr'>nostris</span> <span class='ocrx_word' id='word_1_197' title='bbox 817 2488 925 2559; x_wconf 86' lang='lat' dir='ltr'>aperta</span> <span class='ocrx_word' id='word_1_198' title='bbox 953 2479 1077 2558; x_wconf 85' lang='lat' dir='ltr'>altaque</span> 
     </span>
     <span class='ocr_line' id='line_1_28' title="bbox 151 2561 1079 2642; baseline -0.001 -19"><span class='ocrx_word' id='word_1_199' title='bbox 151 2581 229 2624; x_wconf 89' lang='lat' dir='ltr'>voce</span> <span class='ocrx_word' id='word_1_200' title='bbox 250 2563 468 2642; x_wconf 87' lang='lat' dir='ltr'>pronunciaret</span> <span class='ocrx_word' id='word_1_201' title='bbox 490 2569 520 2621; x_wconf 93' lang='lat' dir='ltr'>et</span> <span class='ocrx_word' id='word_1_202' title='bbox 539 2563 663 2621; x_wconf 89' lang='lat' dir='ltr'>verbum</span> <span class='ocrx_word' id='word_1_203' title='bbox 676 2582 730 2623; x_wconf 91' lang='lat' dir='ltr'>seu</span> <span class='ocrx_word' id='word_1_204' title='bbox 746 2569 973 2640; x_wconf 87' lang='lat' dir='ltr'>testamentum,</span> <span class='ocrx_word' id='word_1_205' title='bbox 984 2561 1079 2642; x_wconf 85' lang='lat' dir='ltr'>idque</span> 
     </span>
     <span class='ocr_line' id='line_1_29' title="bbox 149 2645 1079 2729; baseline -0.001 -23"><span class='ocrx_word' id='word_1_206' title='bbox 149 2648 182 2706; x_wconf 91' lang='lat' dir='ltr'>in</span> <span class='ocrx_word' id='word_1_207' title='bbox 204 2646 340 2725; x_wconf 88' lang='lat' dir='ltr'>qualibet</span> <span class='ocrx_word' id='word_1_208' title='bbox 361 2646 546 2725; x_wconf 89' lang='lat' dir='ltr'>populorum</span> <span class='ocrx_word' id='word_1_209' title='bbox 569 2646 689 2729; x_wconf 85' lang='lat' dir='ltr'>lingua,</span> <span class='ocrx_word' id='word_1_210' title='bbox 716 2665 777 2726; x_wconf 91' lang='lat' dir='ltr'>quo</span> <span class='ocrx_word' id='word_1_211' title='bbox 799 2645 875 2706; x_wconf 86' lang='lat' dir='ltr'>fides</span> <span class='ocrx_word' id='word_1_212' title='bbox 898 2647 1079 2706; x_wconf 88' lang='lat' dir='ltr'>exercitare·</span> 
     </span>
     <span class='ocr_line' id='line_1_30' title="bbox 151 2728 1079 2811; baseline -0.001 -22"><span class='ocrx_word' id='word_1_213' title='bbox 151 2739 199 2789; x_wconf 92' lang='lat' dir='ltr'>tur</span> <span class='ocrx_word' id='word_1_214' title='bbox 209 2728 241 2811; x_wconf 86' lang='lat'>¹)</span> <span class='ocrx_word' id='word_1_215' title='bbox 266 2728 432 2790; x_wconf 84' lang='lat' dir='ltr'>efficacius.</span> <span class='ocrx_word' id='word_1_216' title='bbox 476 2728 536 2788; x_wconf 80' lang='lat' dir='ltr'>Cur</span> <span class='ocrx_word' id='word_1_217' title='bbox 565 2731 645 2788; x_wconf 88' lang='lat' dir='ltr'>enim</span> <span class='ocrx_word' id='word_1_218' title='bbox 669 2731 760 2790; x_wconf 87' lang='lat' dir='ltr'>liceat</span> <span class='ocrx_word' id='word_1_219' title='bbox 786 2749 898 2808; x_wconf 83' lang='lat' dir='ltr'>graece</span> <span class='ocrx_word' id='word_1_220' title='bbox 927 2737 958 2789; x_wconf 90' lang='lat' dir='ltr'>et</span> <span class='ocrx_word' id='word_1_221' title='bbox 983 2728 1079 2789; x_wconf 88' lang='lat' dir='ltr'>latine</span> 
     </span>
     <span class='ocr_line' id='line_1_31' title="bbox 152 2812 1079 2892; baseline -0.001 -19"><span class='ocrx_word' id='word_1_222' title='bbox 152 2822 182 2873; x_wconf 91' lang='lat' dir='ltr'>et</span> <span class='ocrx_word' id='word_1_223' title='bbox 203 2813 347 2872; x_wconf 87' lang='lat' dir='ltr'>hebraice</span> <span class='ocrx_word' id='word_1_224' title='bbox 369 2813 494 2872; x_wconf 90' lang='lat' dir='ltr'>missam</span> <span class='ocrx_word' id='word_1_225' title='bbox 517 2812 680 2892; x_wconf 81' lang='lat' dir='ltr'>perlicere,</span> <span class='ocrx_word' id='word_1_226' title='bbox 711 2823 741 2873; x_wconf 90' lang='lat' dir='ltr'>et</span> <span class='ocrx_word' id='word_1_227' title='bbox 767 2831 829 2873; x_wconf 92' lang='lat' dir='ltr'>non</span> <span class='ocrx_word' id='word_1_228' title='bbox 852 2813 943 2873; x_wconf 90' lang='lat' dir='ltr'>etiam</span> <span class='ocrx_word' id='word_1_229' title='bbox 966 2812 1079 2873; x_wconf 87' lang='lat' dir='ltr'>alema-</span> 
     </span>
     <span class='ocr_line' id='line_1_32' title="bbox 152 2896 730 2976; baseline -0.002 -20"><span class='ocrx_word' id='word_1_230' title='bbox 152 2898 221 2956; x_wconf 89' lang='lat' dir='ltr'>niee</span> <span class='ocrx_word' id='word_1_231' title='bbox 243 2904 296 2956; x_wconf 89' lang='lat' dir='ltr'>aut</span> <span class='ocrx_word' id='word_1_232' title='bbox 317 2896 379 2954; x_wconf 86' lang='lat' dir='ltr'>alia</span> <span class='ocrx_word' id='word_1_233' title='bbox 401 2913 583 2974; x_wconf 88' lang='lat' dir='ltr'>quacunque</span> <span class='ocrx_word' id='word_1_234' title='bbox 605 2896 730 2976; x_wconf 81' lang='lat' dir='ltr'>lingua?</span> 
     </span>
    </p>

    <p class='ocr_par' dir='ltr' id='par_1_6' title="bbox 151 2976 1112 3561">
     <span class='ocr_line' id='line_1_33' title="bbox 236 2976 1082 3059; baseline 0.002 -21"><span class='ocrx_word' id='word_1_235' title='bbox 236 2976 389 3053; x_wconf 78' lang='lat' dir='ltr'>Quocirca</span> <span class='ocrx_word' id='word_1_236' title='bbox 410 2979 575 3039; x_wconf 88' lang='lat' dir='ltr'>observent</span> <span class='ocrx_word' id='word_1_237' title='bbox 602 2999 671 3039; x_wconf 88' lang='lat' dir='ltr'>sese</span> <span class='ocrx_word' id='word_1_238' title='bbox 700 2979 893 3056; x_wconf 87' lang='lat' dir='ltr'>sacerdotes,</span> <span class='ocrx_word' id='word_1_239' title='bbox 923 2980 983 3040; x_wconf 89' lang='lat' dir='ltr'>hoc</span> <span class='ocrx_word' id='word_1_240' title='bbox 1011 2982 1082 3059; x_wconf 46' lang='lat' dir='ltr'>per*</span> 
     </span>
     <span class='ocr_line' id='line_1_34' title="bbox 151 3061 1078 3144; baseline -0.001 -21"><span class='ocrx_word' id='word_1_241' title='bbox 151 3063 215 3123; x_wconf 92' lang='lat' dir='ltr'>dito</span> <span class='ocrx_word' id='word_1_242' title='bbox 226 3061 549 3142; x_wconf 88' lang='lat' dir='ltr'>periculosissimoque</span> <span class='ocrx_word' id='word_1_243' title='bbox 561 3064 676 3140; x_wconf 91' lang='lat' dir='ltr'>seculo,</span> <span class='ocrx_word' id='word_1_244' title='bbox 688 3066 739 3142; x_wconf 91' lang='lat' dir='ltr'>qui</span> <span class='ocrx_word' id='word_1_245' title='bbox 750 3062 934 3144; x_wconf 87' lang='lat' dir='ltr'>sacrificant,</span> <span class='ocrx_word' id='word_1_246' title='bbox 946 3065 1078 3143; x_wconf 86' lang='lat' dir='ltr'>primurn</span> 
     </span>
     <span class='ocr_line' id='line_1_35' title="bbox 152 3145 1080 3226; baseline 0 -20"><span class='ocrx_word' id='word_1_247' title='bbox 152 3153 185 3206; x_wconf 88' lang='lat' dir='ltr'>ut</span> <span class='ocrx_word' id='word_1_248' title='bbox 214 3145 307 3205; x_wconf 90' lang='lat' dir='ltr'>verba</span> <span class='ocrx_word' id='word_1_249' title='bbox 330 3147 456 3204; x_wconf 88' lang='lat' dir='ltr'>canonis</span> <span class='ocrx_word' id='word_1_250' title='bbox 480 3148 603 3205; x_wconf 89' lang='lat' dir='ltr'>maioris</span> <span class='ocrx_word' id='word_1_251' title='bbox 626 3156 656 3206; x_wconf 88' lang='lat' dir='ltr'>et</span> <span class='ocrx_word' id='word_1_252' title='bbox 679 3148 803 3206; x_wconf 84' lang='lat' dir='ltr'>minolis</span> <span class='ocrx_word' id='word_1_253' title='bbox 826 3167 895 3206; x_wconf 91' lang='lat' dir='ltr'>cum</span> <span class='ocrx_word' id='word_1_254' title='bbox 930 3147 1080 3226; x_wconf 87' lang='lat' dir='ltr'>collectis,</span> 
     </span>
     <span class='ocr_line' id='line_1_36' title="bbox 153 3229 1112 3310; baseline 0 -21"><span class='ocrx_word' id='word_1_255' title='bbox 153 3248 233 3310; x_wconf 86' lang='lat' dir='ltr'>quae</span> <span class='ocrx_word' id='word_1_256' title='bbox 254 3237 360 3309; x_wconf 88' lang='lat' dir='ltr'>aperte</span> <span class='ocrx_word' id='word_1_257' title='bbox 383 3230 473 3288; x_wconf 90' lang='lat' dir='ltr'>nimis</span> <span class='ocrx_word' id='word_1_258' title='bbox 496 3229 678 3289; x_wconf 84' lang='lat' dir='ltr'>sacrificium</span> <span class='ocrx_word' id='word_1_259' title='bbox 700 3241 821 3308; x_wconf 88' lang='lat' dir='ltr'>sonant,</span> <span class='ocrx_word' id='word_1_260' title='bbox 847 3231 993 3309; x_wconf 82' lang='lat' dir='ltr'>dirigant,</span> <span class='ocrx_word' id='word_1_261' title='bbox 1016 3248 1079 3290; x_wconf 90' lang='lat' dir='ltr'>non</span> <span class='ocrx_word' id='word_1_262' title='bbox 1105 3244 1112 3256; x_wconf 76' lang='lat'><em>⁰</em></span> 
     </span>
     <span class='ocr_line' id='line_1_37' title="bbox 153 3312 1079 3394; baseline 0 -21"><span class='ocrx_word' id='word_1_263' title='bbox 153 3314 192 3374; x_wconf 91' lang='lat' dir='ltr'>ad</span> <span class='ocrx_word' id='word_1_264' title='bbox 214 3319 453 3391; x_wconf 90' lang='lat' dir='ltr'>sacramentum,</span> <span class='ocrx_word' id='word_1_265' title='bbox 474 3312 529 3372; x_wconf 89' lang='lat' dir='ltr'>sed</span> <span class='ocrx_word' id='word_1_266' title='bbox 553 3313 602 3372; x_wconf 92' lang='lat' dir='ltr'>vel</span> <span class='ocrx_word' id='word_1_267' title='bbox 624 3313 774 3393; x_wconf 91' lang='lat' dir='ltr'>adipsum</span> <span class='ocrx_word' id='word_1_268' title='bbox 796 3333 907 3394; x_wconf 88' lang='lat' dir='ltr'>pacem</span> <span class='ocrx_word' id='word_1_269' title='bbox 931 3321 961 3373; x_wconf 90' lang='lat' dir='ltr'>st</span> <span class='ocrx_word' id='word_1_270' title='bbox 975 3314 1079 3373; x_wconf 87' lang='lat' dir='ltr'>vinum</span> 
     </span>
     <span class='ocr_line' id='line_1_38' title="bbox 154 3395 1081 3475; baseline -0.001 -18"><span class='ocrx_word' id='word_1_271' title='bbox 154 3395 413 3475; x_wconf 88' lang='lat' dir='ltr'>consecrandum,</span> <span class='ocrx_word' id='word_1_272' title='bbox 443 3395 491 3456; x_wconf 87' lang='lat' dir='ltr'>vel</span> <span class='ocrx_word' id='word_1_273' title='bbox 519 3396 736 3457; x_wconf 90' lang='lat' dir='ltr'>adorationes</span> <span class='ocrx_word' id='word_1_274' title='bbox 759 3416 840 3458; x_wconf 89' lang='lat' dir='ltr'>suas.</span> <span class='ocrx_word' id='word_1_275' title='bbox 884 3397 975 3456; x_wconf 86' lang='lat' dir='ltr'>Panis</span> <span class='ocrx_word' id='word_1_276' title='bbox 998 3399 1081 3456; x_wconf 91' lang='lat' dir='ltr'>enim</span> 
     </span>
     <span class='ocr_line' id='line_1_39' title="bbox 154 3478 1082 3561; baseline 0.002 -22"><span class='ocrx_word' id='word_1_277' title='bbox 154 3488 185 3540; x_wconf 91' lang='lat' dir='ltr'>et</span> <span class='ocrx_word' id='word_1_278' title='bbox 206 3481 308 3540; x_wconf 88' lang='lat' dir='ltr'>vinum</span> <span class='ocrx_word' id='word_1_279' title='bbox 332 3485 424 3540; x_wconf 90' lang='lat' dir='ltr'>autea</span> <span class='ocrx_word' id='word_1_280' title='bbox 446 3478 614 3539; x_wconf 84' lang='lat' dir='ltr'>offeruntur</span> <span class='ocrx_word' id='word_1_281' title='bbox 635 3481 673 3540; x_wconf 91' lang='lat' dir='ltr'>ad</span> <span class='ocrx_word' id='word_1_282' title='bbox 698 3481 949 3560; x_wconf 88' lang='lat' dir='ltr'>benedicendum,</span> <span class='ocrx_word' id='word_1_283' title='bbox 972 3489 1005 3540; x_wconf 90' lang='lat' dir='ltr'>ut</span> <span class='ocrx_word' id='word_1_284' title='bbox 1026 3499 1082 3561; x_wconf 87' lang='lat' dir='ltr'>per</span> 
     </span>
    </p>
   </div>
   <div class='ocr_carea' id='block_1_5' title="bbox 207 3662 645 3801">
    <p class='ocr_par' dir='ltr' id='par_1_7' title="bbox 207 3662 645 3801">
     <span class='ocr_line' id='line_1_40' title="bbox 210 3662 412 3726; baseline 0.01 -12"><span class='ocrx_word' id='word_1_285' title='bbox 210 3663 239 3726; x_wconf 73' lang='lat' dir='ltr'>*i</span> <span class='ocrx_word' id='word_1_286' title='bbox 260 3662 412 3718; x_wconf 84' lang='lat' dir='ltr'>Pral.137.</span> 
     </span>
     <span class='ocr_line' id='line_1_41' title="bbox 207 3732 645 3801; baseline -0.005 -11"><span class='ocrx_word' id='word_1_287' title='bbox 207 3735 241 3801; x_wconf 87' lang='lat'>1)</span> <span class='ocrx_word' id='word_1_288' title='bbox 261 3735 292 3786; x_wconf 94' lang='lat' dir='ltr'>ln</span> <span class='ocrx_word' id='word_1_289' title='bbox 310 3733 353 3788; x_wconf 86' lang='lat' dir='ltr'>ed.</span> <span class='ocrx_word' id='word_1_290' title='bbox 371 3732 449 3788; x_wconf 71' lang='lat' dir='ltr'>len:</span> <span class='ocrx_word' id='word_1_291' title='bbox 467 3736 645 3789; x_wconf 84' lang='lat' dir='ltr'>excitaretur.</span> 
     </span>
    </p>
   </div>
   <div class='ocr_carea' id='block_1_6' title="bbox 0 0 1211 4170">
    <p class='ocr_par' dir='ltr' id='par_1_8' title="bbox 0 0 1211 4170">
     <span class='ocr_line' id='line_1_42' title="bbox 0 0 1211 4170; baseline 0 0"><span class='ocrx_word' id='word_1_292' title='bbox 0 0 1211 4170; x_wconf 95' lang='lat' dir='ltr'> </span> 
     </span>
    </p>
   </div>
  </div>
 </body>
</html>
