2392 4170
138 230 202 301 348
360 231 621 306 conportans„
640 233 667 289 h
687 232 721 290 sd
739 232 843 290 librum

136 390 212 453 siae.
253 390 288 453 ln
310 390 357 452 his
379 389 520 452 omnibus
545 395 655 457 tamen
670 388 804 451 formant
825 387 972 469 sibiipsis
989 405 1061 451 con·

138 474 296 535 scientiam
320 480 464 553 tanquam
489 473 672 552 bonifacii,
703 491 772 533 cum
796 472 869 533 nihil
891 473 930 537 sit
950 471 1062 551 minus,

136 577 239 618 rursus
262 557 480 619 conscientiam
503 558 633 639 peccati,
657 558 683 616 si
707 557 875 635 omiserint,
896 575 965 616 aum
988 555 1063 617 nihil

137 641 177 702 sit
198 641 307 702 minus.
351 642 431 702 Vere
453 660 527 722 ergo
541 641 691 701 violenter
701 639 858 713 formatas,
880 638 934 699 sed
958 647 1062 699 tamen

133 742 244 796 revera
266 724 365 786 laesas
382 731 420 784 et
441 726 551 786 noxias
579 722 694 784 hahent
720 723 935 786 conscientias.
980 721 1062 798 Qua-

135 806 173 866 lis
198 808 277 867 enim
301 828 372 884 rex,
402 807 469 868 talis
492 814 523 867 et
543 807 611 884 lex,
642 805 741 884 qualis
765 806 829 882 lex,
852 805 913 865 tale
936 810 968 865 ei
987 820 1084 886 pecs

137 897 237 951 catum
261 897 292 950 et
313 892 471 967 meritum,
499 890 567 951 talis
595 898 626 949 et
654 889 858 966 conscientia,
891 889 949 948 nisi
978 888 1062 968 quod

139 972 190 1052 (ui
211 973 292 1047 dixi)
325 994 342 1034 e
371 973 464 1034 stulto
494 980 525 1033 et
553 991 632 1034 vano
662 979 790 1052 peccato
820 990 926 1032 verum
953 989 1064 1051 pecca

135 1061 197 1116 tum
221 1055 269 1133 fit,
303 1076 405 1117 errore
431 1057 655 1133 conscientiae,
688 1063 780 1133 atque
806 1055 866 1116 hoo
888 1059 936 1114 est
957 1061 1061 1123 cante·

136 1159 213 1200 num
237 1159 310 1202 erus.

521 1304 678 1383 Sequitur:

132 1410 181 1484 Et
212 1408 471 1485 roborabitur
499 1422 683 1482 efficacia
711 1423 816 1499 cios,
854 1429 891 1481 et
919 1438 993 1481 non
1024 1419 1063 1483 in

453 1505 641 1567 efficacia
669 1524 746 1566 sua.
1020 1514 1023 1521 '

218 1641 259 1702 Et
287 1642 349 1702 hoc
382 1642 502 1721 insigne
530 1648 577 1702 est
609 1641 729 1701 tertium
761 1637 939 1699 monstrifici
973 1638 1063 1701 huius

135 1725 221 1798 regni
244 1723 386 1786 omnibus
409 1724 475 1784 aliis
499 1723 671 1800 dissimilis,
695 1721 778 1801 qood
801 1721 900 1781 aliena
923 1720 1065 1783 efficacia

135 1805 246 1869 efficax
269 1816 323 1868 est.
371 1807 446 1884 Quis
474 1808 554 1868 enim
585 1807 701 1867 audivit
729 1805 790 1866 lale
812 1803 885 1882 quid
913 1805 943 1864 in
967 1807 1061 1867 omni-

134 1889 191 1950 bus
212 1891 339 1970 regnis?
382 1892 545 1971 Imperium
567 1890 740 1951 Romanum
772 1888 834 1946 suis
858 1887 972 1947 viribus
995 1906 1064 1968 par·

133 1979 196 2032 tum
219 1980 249 2032 et
271 1983 392 2034 auctum
416 1981 473 2035 est.
517 1973 672 2054 Scriptura
684 1977 749 2033 lota
772 1989 870 2050 equos
892 1979 922 2030 et
936 1989 1061 2032 carnem

134 2057 286 2135 vituperat
308 2057 440 2137 Aegypti
471 2064 501 2117 et
523 2057 652 2118 aliorum
683 2073 865 2134 regnorum,
897 2053 1063 2134 inquibus

134 2137 241 2198 Iudaei
268 2138 411 2200 fidebant.
456 2140 551 2200 Porro
575 2140 685 2201 Christi
708 2157 835 2217 regnum
860 2138 923 2196 suis
947 2137 1062 2199 viribus

133 2217 177 2280 ita
199 2228 336 2297 constat,
359 2230 391 2282 nt
413 2222 528 2283 nullum
551 2223 632 2283 aliud
657 2240 765 2302 aeque,
789 2221 900 2279 veritas
923 2222 1003 2281 enim
1028 2241 1063 2283 se

133 2304 201 2383 ipsa
223 2303 309 2365 fortis
339 2311 394 2366 est.
438 2305 543 2366 Solum
567 2307 627 2366 hoc
655 2324 782 2385 regnum
818 2302 924 2362 alienis
946 2303 1062 2366 viribus

132 2385 302 2450 roboratur.
346 2387 496 2449 Efficacia
519 2396 620 2449 antem
644 2389 704 2449 hoc
736 2388 806 2446 loco
829 2405 865 2444 ea
888 2388 981 2446 virtus
1003 2395 1063 2463 est,

134 2465 224 2548 quam
262 2470 435 2551 philosophi
465 2474 562 2532 nostri
600 2474 659 2532 vim
694 2470 903 2543 exsecrrtivam
937 2478 1062 2548 vocant,

134 2551 212 2612 haec
233 2561 279 2612 eat
307 2555 401 2615 virtus
431 2554 598 2632 efficiendi,
635 2554 715 2634 quod
739 2552 963 2632 praestituens,
996 2571 1060 2616 non

134 2636 228 2694 animi
241 2637 344 2713 virtus,
356 2638 409 2697 sed
424 2637 638 2700 membrorum.
662 2639 712 2700 Sic
722 2634 868 2695 Ezeohisss
880 2635 909 2696 4·
918 2632 1015 2715 Regi
1024 2639 1060 2702 9:

21 2726 24 2735 '
133 2716 199 2778 Filii
223 2729 372 2781 venerunt
394 2721 431 2782 ad
456 2730 593 2801 partum,
623 2729 654 2782 et
683 2723 762 2780 vires
794 2736 854 2778 non
879 2717 972 2779 habet
994 2740 1061 2800 par·

134 2803 263 2879 turiens3
298 2811 328 2862 et
363 2802 440 2864 Gen.
470 2808 525 2866 31:
563 2805 649 2865 Totis
686 2802 799 2863 viribus
836 2802 948 2862 servivi
981 2805 1061 2882 patri

133 2893 256 2962 vestr03
277 2893 308 2946 et
328 2886 392 2948 Iob.
416 2885 512 2968 30¹):
540 2886 677 2963 Quorum
701 2887 795 2946 virtus
819 2902 964 2947 manuum
988 2887 1060 2947 mihi
1088 2904 1092 2911 “

135 2976 200 3029 erat
221 2987 277 3048 pro
300 2969 411 3048 nihilo,
440 2970 468 3030 id
492 2979 555 3044 est,
585 2970 667 3050 quod
690 2971 748 3050 ipsi
779 2969 882 3028 facere
909 2976 1061 3046 poterant,

133 3049 276 3111 hebraice
289 3051 376 3112 Koah
384 3050 416 3134 ²)
441 3053 560 3124 dicitur,
585 3053 753 3133 Apostolus
766 3068 878 3132 graece
889 3043 1062 3135 ἐνεργείαν
1082 3094 1086 3100 -

135 3140 244 3210 vocat,
276 3135 424 3213 interpres
448 3135 560 3196 latinus
582 3138 810 3216 operationem,
843 3132 912 3195 Gal.
935 3141 970 3195 2:
1001 3134 1061 3212 Qui

133 3226 277 3295 operatus
299 3224 347 3277 est
367 3220 476 3293 Petro,
513 3227 657 3297 operatus
687 3229 733 3280 est
763 3227 793 3277 et
821 3213 910 3294 mihi,
941 3216 972 3278 id
1003 3225 1061 3297 est,

132 3297 213 3376 fecit,
235 3309 268 3363 ut
289 3301 401 3362 efficax
424 3307 507 3361 esset
529 3301 652 3362 verbum
675 3321 794 3378 meum,
816 3307 846 3358 et
869 3309 1063 3362 converteret

134 3389 241 3462 gentes
264 3383 424 3446 audientes
447 3404 496 3445 me
519 3391 576 3445 etc.

154 3755 156 3759 .
188 3706 220 3772 1)
240 3703 272 3761 In
290 3705 333 3760 ad.
352 3708 422 3777 orig.
440 3706 540 3769 deest:
560 3708 604 3764 30.
641 3706 670 3774 2)
690 3706 779 3761 lbid.:
796 3701 863 3784 [tih-
896 3665 899 3670 ·
945 3765 948 3771 ,
