2392 4170
332 231 427 290 Barth.
446 232 581 290 Bernardi
601 234 829 316 Veltlrirebensis.
994 237 1053 323 101

87 452 89 456 .
130 397 233 465 buual‘
251 404 358 479 raptus
387 387 450 482 est,
483 399 593 482 quodsi
616 418 740 480 avarus,
771 408 942 483 aboriatur,
962 403 1055 466 heluo

132 502 240 545 omnes
252 484 309 544 Dei
330 484 414 565 leges
437 485 661 559 oontemsiseet‚
684 505 724 547 ne
741 506 802 547 uno
824 486 920 548 verbo
932 487 1054 568 quidem

132 567 212 628 male
239 566 392 628 audisset:
427 567 505 629 adeo
528 569 622 629 homo
650 569 704 630 ille
732 572 852 651 peceati
879 590 914 632 se
948 572 1057 633 extulit
1158 644 1161 651 ¹

131 669 224 731 super
246 651 355 713 Deum.
400 650 432 714 si
458 652 526 731 quis
555 658 657 733 eptem
682 662 744 730 est,
776 653 856 733 apud
888 672 977 733 quem
1008 655 1055 715 bis

132 753 196 795 non
217 733 266 810 fit,
297 742 330 795 ut
352 735 457 795 eredat
477 735 632 796 hominem
662 734 733 796 fidei
756 738 862 818 spiritu
896 738 1055 816 imbutum,

132 837 167 878 se
188 818 257 898 ipso
280 816 446 900 abnegato,
468 819 566 880 Deum
590 820 687 898 sequi,
710 821 805 881 vitam
827 821 892 881 eius
905 823 1055 884 aestimet.

133 902 343 962 (laetissimam
366 903 446 962 enim
474 903 567 963 vitam
597 903 673 962 vixit
695 922 791 982 usque
817 905 847 964 in
870 923 984 966 aunum
1007 906 1056 967 tri·

133 985 279 1046 cesimum
300 985 441 1066 primum,
456 985 625 1065 maluitque
644 988 698 1060 uri,
715 1006 806 1066 quam
820 987 946 1064 nubere,
961 988 1055 1049 falsus

131 1068 250 1131 seilicet
270 1068 438 1129 antichristi
459 1068 662 1133 illusionibus.
701 1069 760 1146 Qui
787 1090 860 1150 ergo
885 1077 931 1132 est
953 1073 1055 1133 verisi-

133 1151 205 1212 mile
227 1171 296 1212 eum
320 1152 404 1212 earni
427 1152 487 1212 iam
511 1154 658 1226 cessisse,
681 1153 732 1232 qui
755 1155 819 1214 eius
843 1156 970 1233 primam
995 1156 1056 1217 eoi·

131 1234 246 1297 tionem
269 1235 352 1310 vidit,
375 1254 455 1314 quae
478 1235 546 1313 hie,
570 1236 594 1297 si
618 1255 750 1315 usquam
775 1236 870 1309 alibi,
907 1239 1056 1299 acerrima

131 1325 198 1379 est:
220 1338 321 1398 neque
343 1319 424 1381 enim
448 1338 520 1380 earo
544 1319 673 1381 molesta
700 1321 798 1400 magis
822 1330 886 1399 est,
908 1341 999 1401 quam
1024 1321 1057 1381 in

131 1400 354 1480 adolescentia,
378 1401 503 1483 quando
526 1404 661 1464 maxime
683 1402 789 1465 fervet.
833 1403 893 1464 Sed
918 1403 1054 1485 pluribus

130 1503 190 1546 nee
211 1484 298 1546 loeus
320 1504 379 1547 nee
400 1505 479 1565 opus
502 1494 558 1549 est.
603 1485 712 1549 Vale.“

213 1568 310 1629 Huius
323 1569 488 1649 apologiae
499 1569 601 1632 Bartb.
617 1569 785 1632 Bernhardi
799 1589 879 1630 anno
897 1570 975 1634 1522
989 1570 1055 1633 al).

172 1651 309 1713 Iohanne
330 1653 458 1732 Langia,
480 1653 585 1714 Priore
607 1653 807 1713 Eremitarum
826 1652 1056 1714 Erfurdensium

173 1736 315 1815 August,
337 1735 419 1797 edita
436 1742 484 1796 est
498 1737 599 1797 versio
615 1737 792 1816 germanica
808 1735 864 1796 sub
879 1735 941 1797 hoe
955 1736 1057 1797 titulo:

174 1819 335 1896 &buttem
358 1832 409 1883 nor
439 1818 579 1897 illontia
606 1819 680 1882 aar:
701 1820 706 1896 Ι
725 1819 864 1895 tholomeo
893 1819 996 1893 litati
1024 1835 1057 1897 gu

172 1901 252 1966 aen
272 1901 276 1982 Ι
295 1903 402 1981 mering
419 1904 464 1964 bet
477 1903 518 1964 dn
537 1903 652 1979 eetmsib
672 1903 677 1981 Ι
696 1906 723 1978 lo
736 1921 764 1964 er
785 1903 903 1979 pristim
917 1902 949 1975 ra
972 1921 1015 1981 pe:
1034 1902 1040 1972 t

169 2003 300 2048 nummus
333 1986 390 2062 but.
443 1985 534 2046 Tituli
567 1987 682 2066 pagina
717 1984 766 2066 (in
791 2004 852 2064 qua
884 2003 942 2045 neo
971 1984 1057 2045 loeus

170 2087 229 2129 neo
244 2088 341 2129 annus
355 2067 523 2149 iudicatur)
560 2068 650 2130 nullis
674 2076 783 2129 oruata
806 2074 853 2129 est
873 2066 979 2148 liguris
1006 2072 1059 2128 aut

171 2150 259 2212 lineis
281 2151 523 2232 typographicis.
566 2152 599 2212 ln
622 2151 684 2213 fine
704 2151 816 2228 libelli,
848 2152 879 2212 in
902 2170 964 2231 quo
989 2151 1055 2231 epi-

172 2234 252 2296 stola
273 2235 404 2315 supplex
426 2234 593 2295 Bernhardi
615 2234 653 2296 ad
680 2234 855 2297 illectorem
887 2234 959 2295 data
993 2252 1055 2294 non
1091 2280 1093 2284 Α

171 2317 290 2379 reddita
311 2324 368 2397 est,
392 2318 516 2398 legitur:
540 2317 690 2394 &eisteten
713 2319 752 2380 im
774 2318 817 2381 iot
839 2318 878 2378 Μ.
902 2317 939 2379 D.
962 2315 1055 2377 XXII.

171 2400 289 2463 Libello
311 2401 369 2481 ipsi
392 2401 561 2481 praemissa
581 2407 628 2461 est
649 2400 782 2480 epistola
809 2397 957 2461 Iohannis
979 2399 1056 2460 Lana

171 2484 224 2564 gii,
248 2486 355 2563 „geben
379 2502 412 2566 tu
432 2482 533 2551 (driusi
556 2502 601 2545 um
616 2484 658 2548 Θ.
672 2482 806 2559 inclitae
824 2486 886 2554 (=
901 2485 950 2547 13.
964 2481 1053 2557 ibes.)

119 2622 120 2626 ,
173 2571 222 2630 bet
244 2567 279 2644 8.
301 2567 341 2628 M.
364 2567 401 2628 D.
424 2565 534 2640 XXl.¹⁴,
564 2585 625 2646 qua
654 2565 706 2626 ille
728 2563 869 2627 familiari
892 2583 947 2626 suo
971 2563 1055 2626 Chri-

67 2689 69 2692 ·
173 2650 322 2731 stophoro
344 2669 406 2710 von
430 2649 484 2710 der
505 2649 593 2729 Heyd
619 2649 700 2710 hane
723 2647 900 2728 apologiam
935 2649 965 2706 iu
999 2646 1055 2706 lin-

172 2752 264 2814 guam
303 2733 499 2794 vernaculam
533 2752 655 2794 versam
688 2732 771 2792 misit
810 2738 841 2792 et
861 2731 928 2811 ipse
956 2731 1056 2789 saeer-

173 2817 279 2878 dotum
303 2817 478 2895 coniugium
501 2815 665 2876 defendere
688 2813 798 2880 studet.
821 2813 911 2874 Liber
926 2812 994 2893 ipse
1013 2812 1058 2871 sie

172 2900 291 2981 incipit:
347 2900 529 2976 „monarche
568 2913 632 2963 tot
670 2896 810 2978 iitupiltet
853 2896 1057 2971 bartholomeo

74 3056 77 3061 ,
173 2981 340 3063 &statuto
362 2982 464 3057 brobii
485 3002 518 3062 gu
540 2980 716 3061 dammulae
740 2981 769 3044 iu
784 2980 918 3057 &ultim
941 2978 1056 3054 beebulb

175 3067 229 3130 but
253 3085 281 3129 et
302 3066 345 3129 eia
368 3065 476 3142 sumsit,
499 3068 536 3143 tu
561 3085 589 3129 et
610 3064 720 3144 ptieitet
742 3063 787 3139 ist,
810 3079 983 3140 oenomaus.
1012 3059 1058 3138 gu

174 3147 304 3225 ballothi
326 3152 503 3226 austroaldi.
548 3147 752 3226 (dirmidium
776 3145 870 3223 berta
904 3143 1058 3212 mallotes,

174 3235 202 3306 lu
225 3232 261 3310 in
294 3245 346 3295 tot
381 3236 440 3306 eud
472 3233 596 3312 pettudpt
629 3232 677 3292 bia
707 3235 762 3293 ια’
797 3236 829 3290 et
861 3228 893 3289 in
923 3225 1060 3307 ,epistola

172 3314 278 3394 langii
301 3315 339 3375 ad
363 3314 617 3394 Christopborum
639 3333 700 3375 von
718 3312 771 3373 der
785 3310 873 3392 Heyd
892 3312 964 3370 data
981 3309 1060 3370 haee

173 3398 331 3478 leguntur:
375 3397 460 3474 „lion
489 3398 570 3472 histes
598 3400 654 3460 aab
686 3399 782 3471 [eluet
803 3395 881 3472 &edu
906 3393 943 3475 (i.
967 3411 994 3457 s.
1011 3391 1058 3452 fas

174 3500 244 3543 esse
265 3480 445 3544 sacerdotes
467 3501 491 3544 s.
515 3486 655 3560 pastores
679 3484 806 3542 errorem
829 3477 960 3552 ducere)
989 3475 1059 3551 tube

174 3565 211 3644 ida
231 3564 332 3628 moden
354 3583 387 3643 gu
410 3564 579 3639 biritoldus
601 3563 643 3626 bie
667 3561 850 3640 &boaret
875 3560 972 3623 sinet
1008 3576 1058 3636 gs:

172 3649 312 3724 lebetes
328 3646 506 3725 Quaere,
527 3647 557 3709 in
579 3649 689 3723 melden
711 3648 756 3708 tes
779 3641 882 3719 lituBst
903 3656 958 3706 uon
975 3640 1058 3705 tisun

135 3740 138 3745 ‘
176 3731 263 3812 mariq
292 3734 345 3793 bue
375 3730 468 3810 stetim
492 3728 595 3807 beben,
618 3731 672 3795 but
686 3747 731 3805 stet,
765 3731 792 3807 lo
813 3745 843 3792 et
857 3724 990 3804 ῖβτίεῇετ.
1007 3723 1058 3800 ib,
