2392 4170
140 244 207 317 400
337 220 452 307 ‘coum
469 216 615 307 senceum
634 261 726 322 egem
744 244 869 322 annm

142 421 189 484 lcs
211 421 328 502 caligas
349 420 525 483 induebat?
566 419 708 501 Denique
730 436 784 481 our
804 420 835 480 in
858 440 908 481 me
929 419 1066 498 damnat,

143 504 257 587 quodi
281 524 315 566 se
335 504 435 565 fucit?
478 503 557 565 llam
585 505 646 565 boc
677 506 746 583 ipso
775 501 854 564 libro
876 503 986 566 lsudst
1006 522 1066 581 rue,

144 589 226 669 quod
254 525 401 669 gapstum
432 589 516 668 prius
542 587 716 669 probarim,
744 589 777 646 st
801 605 907 648 rursus
929 586 1066 668 damnat,

144 670 226 753 quod
257 678 366 752 postea
392 670 632 751 reprobaverim.
682 667 778 748 Gur¹)
808 670 902 750 igitur
929 678 961 733 et
991 669 1067 732 mibi

144 774 207 817 uon
230 754 342 815 licebat
363 754 452 814 aliter
474 753 513 813 de
534 754 651 834 Pepetu
673 753 787 814 sentire
805 771 897 832 quem
918 755 1014 833 sensi,
1036 761 1067 815 et

144 856 231 899 meos
254 856 373 899 errores
396 847 513 897 mutare
535 838 687 897 sententia
708 835 861 897 melioret
902 835 980 913 Quis
993 855 1067 899 vero

143 920 284 983 crederet
305 922 419 1001 Regem
447 926 564 980 tactum
592 919 672 981 adeo
707 920 812 1001 inepte
832 921 973 1000 potuisse
995 918 1068 982 doli·

144 1003 235 1066 rare?
277 1003 343 1065 Nisi
364 1002 525 1063 'l'bomista
546 1010 628 1065 esset
660 1012 690 1063 et
711 1001 870 1063 virulentis
891 1003 962 1065 aliis
983 1023 1067 1065 nten-

145 1088 240 1149 daciis
261 1089 372 1149 serium
395 1086 591 1167 declarasset,
613 1084 842 1167 poteratvideri
856 1086 990 1168 iocatus,
1011 1105 1067 1148 ceu

145 1172 178 1233 in
201 1170 308 1232 diebus
330 1171 494 1231 larvarum.

229 1254 313 1315 llaec
334 1254 436 1334 potius
449 1262 520 1314 eunt
537 1252 706 1334 pugnantia
722 1250 878 1334 dogmata,
900 1253 954 1315 ubi
977 1254 1066 1315 simul

145 1336 286 1399 docueris
308 1337 470 1415 contraria,
492 1337 581 1397 simul
594 1334 766 1397 defenderis
789 1342 821 1395 et
840 1338 1023 1417 asserueris,
1036 1343 1067 1398 et

145 1429 284 1482 neutrum
307 1421 461 1482 revocaris
482 1426 536 1480 aut
563 1420 727 1482 damnaris.
768 1417 955 1495 Quomodo
980 1420 1068 1501 Papi·

146 1512 260 1565 starum
288 1505 428 1565 insaniae
455 1510 619 1584 pugnant,
648 1503 699 1563 ubi
721 1503 826 1564 Matth.
850 1504 889 1566 16
945 1503 1066 1565 Petram

145 1588 262 1649 iaciunt
283 1587 436 1648 Christum
457 1594 490 1646 et
509 1585 643 1667 Papam,
665 1604 735 1647 cum
758 1585 895 1647 Christus
918 1587 960 1648 sit
980 1606 1066 1649 sanc·

146 1680 204 1750 tus,
227 1670 313 1753 Papa
333 1676 436 1731 autem
456 1670 579 1750 impius,
600 1678 632 1730 et
651 1666 846 1730 sanctitudini
867 1688 938 1731 cum
960 1672 1067 1752 impie·

147 1761 210 1815 tcto
231 1754 462 1815 conveniatceu
484 1752 544 1813 luci
566 1771 636 1814 curu
653 1751 787 1815 tenebris
810 1761 841 1813 et
862 1750 987 1815 Christo
1000 1773 1067 1815 curu

146 1836 254 1899 Belial.
297 1835 349 1898 Sic
370 1838 450 1897 enirn
475 1834 609 1919 Papatns
630 1854 693 1897 non
733 1837 790 1899 nisi
812 1837 1068 1913 inconstantibus,

146 1920 1067 2086 tlttttfitttlrbtttlttttqttsttttbtl't·

498 2047 507 2082 ,
1059 2038 1067 2049 .

147 2090 220 2149 serit
241 2096 272 2148 et
293 2095 400 2150 tuetur.
993 2050 1004 2085 ⁹

232 2170 341 2231 Videat
368 2173 471 2249 itaque
502 2170 601 2231 lector
628 2188 668 2230 ex
702 2189 763 2231 uno
784 2169 846 2230 hoc
873 2184 1067 2253 argumento,

148 2273 239 2335 quarn
262 2255 382 2314 asinina
404 2252 518 2314 ruditas
540 2254 581 2313 sit
599 2252 848 2331 Thomistarum,
872 2255 922 2315 vel
946 2259 1068 2336 puerilis

148 2339 241 2398 animi
264 2338 463 2416 impudentia,
485 2354 565 2416 quae
588 2355 650 2397 non
671 2339 752 2396 sinat
774 2354 829 2397 ecs
851 2358 908 2398 sua
931 2340 1067 2419 ipsorum

149 2421 242 2482 verbs
264 2421 446 2500 intelligere,
468 2430 499 2479 et
520 2419 635 2480 audent
668 2426 770 2480 tsmeu
803 2422 996 2484 assertiones
1017 2423 1066 2486 Sa·

148 2514 373 2565 erameniorum
397 2502 540 2580 scribere,
562 2510 593 2562 ct
615 2502 792 2583 magnificas
814 2505 967 2585 ampullae
996 2527 1068 2569 suae

149 2587 336 2649 incredibilis
364 2588 504 2647 inscitiae
537 2596 630 2646 testes
661 2589 786 2650 iactare.
831 2587 863 2647 ln
896 2590 959 2649 boo
988 2594 1067 2653 enim

149 2673 231 2732 bunc
252 2670 386 2732 libellum
410 2670 503 2750 Regis
524 2670 669 2750 scriptum
692 2669 832 2751 arbitror,
855 2691 893 2731 ne
916 2683 1026 2755 stupor
1040 2684 1068 2736 et

148 2753 503 2834 inscitiaSophistsrum,
525 2755 703 2834 praesertim
718 2754 925 2834 porcellorum
940 2758 1067 2820 istorum

151 2837 345 2912 (Themistas
362 2834 458 2918 dico),
479 2835 558 2896 fclso
581 2857 601 2897 e
622 2856 671 2897 me
686 2837 803 2898 traduci
823 2839 964 2900 crederet
987 2861 1068 2904 muu-

149 2920 217 2999 dus,
238 2921 293 2980 fuit
307 2922 388 2980 onim
410 2937 511 2983 meum
528 2920 673 2981 iudicium
695 2921 747 2982 tali
760 2924 963 3002 ipsorummet
978 2946 1069 3010 opere

149 3018 179 3065 et
201 3003 303 3084 sigillo
326 3002 588 3084 comprobandum
611 3013 643 3065 et
664 3003 918 3069 confirmandum

234 3087 281 3147 Ad
309 3088 437 3148 alterum
469 3088 575 3148 vitium
611 3107 722 3169 nempe
753 3088 979 3171 mordacitatis,
1009 3114 1068 3176 qno

151 3191 199 3231 me
220 3171 345 3250 sugillat
365 3170 442 3250 Rex,
465 3171 650 3251 respondeo,
672 3173 803 3251 primum
826 3175 853 3233 ei
877 3175 1068 3254 probandum

148 3254 253 3327 luisse,
273 3256 409 3333 iniquam
432 3273 531 3314 meatu
554 3255 786 3316 mordacitatem
808 3268 839 3316 et
857 3256 1009 3339 Papatum
1030 3264 1070 3322 in·

150 3346 312 3397 nocentem
334 3356 413 3398 esse.
448 3337 581 3416 Alioqui,
604 3358 658 3398 cur
673 3339 810 3400 Christus
833 3343 901 3421 ipse
915 3343 1069 3409 fiscuszt

151 3428 236 3478 tauta
258 3420 451 3480 vehementis
472 3419 595 3481 Scribas
617 3434 647 3481 et
670 3421 853 3484 Pbasisseos
876 3427 1016 3509 mordet,
1041 3438 1070 3489 et

149 3501 337 3582 hypocritas,
365 3522 487 3581 caecos,
508 3504 630 3584 stultos,
652 3505 762 3585 plenos
788 3508 993 3591 immunditia,
1019 3512 1070 3593 by·

150 3586 274 3666 poorisi,
295 3586 466 3647 homicidas
488 3588 686 3649 criminatur?
730 3589 768 3649 Et
790 3589 922 3673 Paulus,
951 3598 1069 3677 quoties

28 3778 169 3920 q
222 3772 256 3843 l)
274 3765 307 3827 lu
324 3768 370 3828 od.
387 3770 474 3843 erige.
489 3768 575 3838 Quor.
