2392 4170
386 277 509 334 Rationis
530 275 708 332 Latomianaa
728 283 779 332 ete.
991 268 1054 338 hid

133 430 261 510 ioqnor)
282 450 351 492 esse
366 432 450 507 iliud,
472 433 553 512 quod
567 432 740 492 damnabile
753 437 875 510 vocant,
898 430 960 490 hou
973 432 1054 490 enim

133 514 231 574 solum
256 525 303 573 est
325 523 432 576 eontra
455 515 543 576 iilud:
566 515 624 591 Qui
649 517 731 576 bono
754 522 891 595 egerunt,
915 513 1001 573 ibunt
1023 514 1053 573 in

134 599 225 657 vitain
261 607 427 660 aeternam.
481 599 559 659 Num
594 601 715 680 ipsimet
752 597 940 675 concedunt,
978 602 1057 677 opdt

134 681 288 756 honum‚'
281 698 311 739 ιιι
335 700 395 760 quo
419 681 540 742 veniale
562 683 601 742 sit
615 689 788 779 pennatum,
810 698 871 742 non
895 698 965 739 esse
986 697 1057 738 oon-

133 775 178 824 tra
200 763 374 842 symbolum
397 764 488 841 iilud,
521 766 580 824 iam
604 767 694 825 etiam
718 765 777 825 hoo
798 773 952 849 ιιιιιειμιιι
974 759 1057 840 quod

133 845 253 906 Gerson
278 847 364 907 dicit:
387 846 509 908 Nullum
534 848 653 908 veniale
675 852 836 928 peceatum
859 864 928 906 esse
949 851 1057 904 nature

134 929 265 1007 reninis,
289 938 320 991 et
341 930 443 1010 plures
467 932 580 1010 gratias
595 931 651 991 Dei
672 933 838 1011 privativas
860 946 950 1009 quarn
974 928 1055 1008 posi·

133 1014 211 1073 usas
234 1030 313 1090 esse,
337 1013 404 1073 sola
426 1022 529 1074 autem
542 1014 751 1074 misericordia
764 1014 822 1074 Dei
835 1032 903 1073 esse
925 1011 1056 1071 veniaie.

134 1086 170 1156 m
192 1095 276 1174 quod
301 1097 436 1174 mireris,
465 1097 610 1157 Lutomus
633 1099 762 1178 primum
798 1114 858 1157 non
882 1103 995 1174 negat,
1026 1095 1055 1152 in

134 1180 217 1240 omni
250 1196 344 1258 opere
376 1178 460 1240 bono
494 1198 562 1239 esse
596 1199 689 1260 posse
725 1187 886 1259 peecatum
925 1177 1054 1249 reniale

134 1268 240 1359 utpote
262 1262 502 1360 negligentiam,
534 1269 565 1322 et
587 1269 690 1323 tamen
721 1282 783 1323 non
814 1270 861 1323 est
890 1260 1054 1321 absurdum

134 1345 190 1404 iiiia
212 1346 257 1403 sie
279 1348 419 1425 posuisse
443 1347 634 1425 peecatum
626 1366 655 1406 ιιι
680 1365 774 1426 opere
797 1344 901 1418 bono
932 1360 989 1402 neo
1011 1352 1059 1419 est

134 1435 242 1488 eontra
259 1428 446 1524 symbolum,
470 1429 553 1489 nulla
576 1447 679 1506 oense,
706 1447 796 1508 quam
820 1429 892 1507 quia
914 1444 974 1506 ego
996 1442 1058 1531 non

134 1511 206 1586 dixi,
232 1519 262 1570 et
283 1509 329 1572 iili
351 1508 505 1573 dixerunt

216 1592 278 1653 Sed
302 1600 332 1654 et
353 1594 413 1655 hoo
426 1594 505 1656 inira
527 1612 582 1656 eos
596 1612 707 1674 eogarn
732 1601 759 1653 et
772 1594 850 1654 sorte
873 1595 961 1689 proni
985 1598 1059 1651 oon·

135 1677 263 1755 oedunt,
285 1679 436 1738 incertum
461 1696 547 1754 esse,
581 1695 619 1737 an
642 1677 737 1738 ulium
760 1693 839 1758 opus
862 1677 901 1735 sit
923 1674 1059 1736 omnium

137 1760 305 1839 hominum,
328 1761 552 1842 meantumiibet
569 1759 694 1835 honum
718 1778 783 1819 sune
795 1765 935 1840 peceato,
958 1769 1058 1837 neque

136 1845 215 1903 euim
248 1841 408 1905 hominum
444 1844 540 1904 ulium
563 1851 691 1923 cogent,
725 1843 785 1903 hoo
819 1840 857 1903 de
886 1859 941 1901 suo
965 1851 1059 1920 opere

137 1926 218 1986 bono
242 1925 403 1990 affirmare.
447 1927 487 1987 Et
509 1945 591 2004 ecee,
614 1926 696 2006 quod
715 1927 863 1988 incertum
879 1929 935 2001 est,
956 1931 1059 1984 temeri

137 2024 204 2070 esse
226 2017 339 2089 potest,
362 2018 392 2070 et
414 2010 514 2071 forte
507 2019 551 2071 ita
573 2013 629 2088 est,
653 2011 744 2071 etiam
769 2018 873 2070 eorum
896 2007 1059 2084 sententia,

138 2092 257 2152 abaiio
282 2093 407 2166 dietum,
430 2092 596 2154 absurdum
620 2103 652 2156 et
675 2101 781 2154 eontra
805 2090 978 2174 symbolum
1003 2095 1060 2168 est,

138 2183 169 2235 ut
190 2175 264 2235 nihil
288 2176 448 2237 absurdius
473 2177 531 2236 diei
565 2176 669 2237 velint.
713 2176 804 2236 Nam
820 2176 880 2237 hoo
908 2176 1058 2235 insertum

138 2260 221 2338 oogit
242 2277 297 2318 eos
321 2261 497 2340 oppositum
521 2277 584 2319 non
608 2277 763 2337 asserere,
787 2276 882 2338 quare
904 2274 964 2320 neo
987 2269 1058 2338 pro·

138 2343 270 2420 positum
299 2361 413 2422 negare
448 2351 500 2402 aut
522 2342 677 2402 damnare.
720 2342 799 2402 Nam
832 2356 912 2422 qnae
944 2340 1060 2400 induoit

138 2424 217 2486 diota
240 2424 362 2486 Petrum
387 2428 498 2506 petitor
512 2427 665 2506 principii,
687 2444 725 2485 eo
749 2425 837 2485 trahit
860 2425 974 2504 omnia,
997 2433 1058 2502 quo
1128 2461 1134 2482 .

139 2526 197 2569 uon
221 2509 333 2588 probat
354 2509 406 2569 illa
428 2511 598 2589 pertinere,
621 2508 755 2586 seilicet,
778 2507 860 2586 quod
882 2507 998 2566 nullum
1021 2507 1061 2566 sit

137 2592 166 2650 in
189 2611 283 2672 opere
305 2599 482 2672 peceatum
521 2592 745 2671 quantumlibet
778 2591 820 2651 ilii
851 2589 955 2651 dieunt
992 2602 1060 2648 esse

139 2674 229 2748 bona
252 2693 314 2736 non
337 2674 485 2735 damnare
508 2682 566 2737 ete
612 2675 693 2734 Nihil
716 2677 796 2735 enirn
819 2673 929 2734 horum
951 2680 982 2732 et
999 2688 1058 2751 ego

139 2773 229 2839 nego.
274 2757 334 2818 eeu
356 2757 488 2819 breviter
504 2759 585 2818 hano
610 2758 831 2838 praefationem
850 2756 980 2829 Latomi,
1004 2754 1061 2812 iee-

140 2850 194 2914 tor
219 2842 287 2900 vioe
309 2837 437 2940 εἰκόνος
459 2843 616 2938 sophistae
629 2841 753 2904 habeas.
798 2840 855 2901 Hio
872 2840 953 2900 enim
977 2837 1062 2896 vides

139 2924 324 3004 sophistae
318 2929 482 3005 imaginem
512 2926 636 3005 egregie
649 2924 863 3020 deseriptem‚
902 2940 982 3002 quae
1005 2924 1062 2997 esi,

141 3008 223 3068 vultu
247 3016 277 3067 et
300 3008 399 3069 verbis
423 3009 605 3069 modestiam
631 3007 794 3085 simulare,
818 3015 953 3068 ceterum
976 3009 1062 3064 tanto

140 3091 227 3170 iaetu,
251 3093 436 3172 arrogantia,
454 3092 609 3172 superbia,
633 3091 758 3169 malitia,
773 3091 920 3170 nequitia,
942 3089 1062 3149 temeri-

140 3183 220 3250 tate,
254 3174 437 3254 supercilio,
470 3177 610 3251 inscitie,
647 3173 831 3235 hebetudine
864 3182 998 3248 tumere,
1030 3178 1064 3231 nt

141 3257 211 3318 nihil
236 3277 338 3338 snpra.

142 3453 287 3516 Primus
305 3454 499 3515 articulus
521 3453 870 3534 sLatomopetitus
893 3461 952 3516 est
973 3455 1063 3517 iste:

306 3573 407 3633 Omna
429 3591 506 3652 opus
524 3572 637 3632 bonum
661 3579 708 3632 est
726 3578 911 3652 peceatum

222 3673 322 3733 Primo
345 3674 433 3733 infert
469 3673 734 3746 inconvenientia,
768 3671 905 3732 seeundo
934 3674 1066 3755 opponit

141 3756 303 3835 eontraria,
326 3757 414 3818 tertio
430 3755 571 3816 dissolvit
585 3755 890 3820 meufuodamente.·
915 3755 966 3817 flio
983 3757 1064 3817 enim

781 3835 855 3908 27·
