<?xml version="1.0" encoding="UTF-8"?>
<!DOCTYPE html PUBLIC "-//W3C//DTD XHTML 1.0 Transitional//EN"
    "http://www.w3.org/TR/xhtml1/DTD/xhtml1-transitional.dtd">
<html xmlns="http://www.w3.org/1999/xhtml" xml:lang="en" lang="en">
 <head>
  <title>
</title>
<meta http-equiv="Content-Type" content="text/html;charset=utf-8" />
  <meta name='ocr-system' content='tesseract 3.04.00' />
  <meta name='ocr-capabilities' content='ocr_page ocr_carea ocr_par ocr_line ocrx_word'/>
</head>
<body>
  <div class='ocr_page' id='page_1' title='image "./dmartinilutheri03luthgoog_0917.png"; bbox 0 0 2392 4170; ppageno 0'>
   <div class='ocr_carea' id='block_1_1' title="bbox 91 224 780 313">
    <p class='ocr_par' dir='ltr' id='par_1_1' title="bbox 91 224 780 313">
     <span class='ocr_line' id='line_1_1' title="bbox 91 224 780 313; baseline -0.015 -14"><span class='ocrx_word' id='word_1_1' title='bbox 91 308 94 313; x_wconf 48' lang='grc'>,</span> <span class='ocrx_word' id='word_1_2' title='bbox 151 227 219 301; x_wconf 79' lang='grc' dir='ltr'>3Ί4</span> <span class='ocrx_word' id='word_1_3' title='bbox 466 231 510 290; x_wconf 86' lang='lat' dir='ltr'>De</span> <span class='ocrx_word' id='word_1_4' title='bbox 527 229 601 295; x_wconf 81' lang='lat' dir='ltr'>votis</span> <span class='ocrx_word' id='word_1_5' title='bbox 619 224 780 289; x_wconf 65' lang='lat' dir='ltr'>nonanus</span> 
     </span>
    </p>
   </div>
   <div class='ocr_carea' id='block_1_2' title="bbox 153 393 1196 487">
    <p class='ocr_par' dir='ltr' id='par_1_2' title="bbox 153 393 1196 487">
     <span class='ocr_line' id='line_1_2' title="bbox 153 393 1196 487; baseline -0.007 -19"><span class='ocrx_word' id='word_1_6' title='bbox 153 405 276 468; x_wconf 88' lang='lat' dir='ltr'>sentin</span> <span class='ocrx_word' id='word_1_7' title='bbox 298 402 402 487; x_wconf 83' lang='lat' dir='ltr'>fldem,</span> <span class='ocrx_word' id='word_1_8' title='bbox 424 423 486 466; x_wconf 89' lang='lat' dir='ltr'>non</span> <span class='ocrx_word' id='word_1_9' title='bbox 510 403 548 467; x_wconf 86' lang='lat' dir='ltr'>de</span> <span class='ocrx_word' id='word_1_10' title='bbox 570 405 615 466; x_wconf 86' lang='lat' dir='ltr'>eie</span> <span class='ocrx_word' id='word_1_11' title='bbox 631 403 807 485; x_wconf 76' lang='lat' dir='ltr'>loqueretar</span> <span class='ocrx_word' id='word_1_12' title='bbox 826 400 1005 480; x_wconf 75' lang='lat' dir='ltr'>boemano,</span> <span class='ocrx_word' id='word_1_13' title='bbox 1028 399 1082 463; x_wconf 86' lang='lat' dir='ltr'>sed</span> <span class='ocrx_word' id='word_1_14' title='bbox 1195 393 1196 416; x_wconf 71' lang='lat'>³</span> 
     </span>
    </p>
   </div>
   <div class='ocr_carea' id='block_1_3' title="bbox 149 484 1166 2406">
    <p class='ocr_par' dir='ltr' id='par_1_3' title="bbox 151 484 1086 1822">
     <span class='ocr_line' id='line_1_3' title="bbox 151 484 1083 570; baseline -0.009 -17"><span class='ocrx_word' id='word_1_15' title='bbox 151 489 313 553; x_wconf 86' lang='lat' dir='ltr'>mandaret</span> <span class='ocrx_word' id='word_1_16' title='bbox 338 507 393 552; x_wconf 88' lang='lat' dir='ltr'>eos</span> <span class='ocrx_word' id='word_1_17' title='bbox 424 491 537 567; x_wconf 80' lang='lat' dir='ltr'>ourani,</span> <span class='ocrx_word' id='word_1_18' title='bbox 567 507 628 570; x_wconf 89' lang='lat' dir='ltr'>quo</span> <span class='ocrx_word' id='word_1_19' title='bbox 660 487 754 550; x_wconf 87' lang='lat' dir='ltr'>modo</span> <span class='ocrx_word' id='word_1_20' title='bbox 781 486 977 550; x_wconf 83' lang='lat' dir='ltr'>fornioarium</span> <span class='ocrx_word' id='word_1_21' title='bbox 1000 484 1083 567; x_wconf 85' lang='lat' dir='ltr'>apud</span> 
     </span>
     <span class='ocr_line' id='line_1_4' title="bbox 153 570 1083 651; baseline -0.008 -15"><span class='ocrx_word' id='word_1_22' title='bbox 153 573 338 638; x_wconf 78' lang='lat' dir='ltr'>Corinthios.</span> <span class='ocrx_word' id='word_1_23' title='bbox 382 572 486 650; x_wconf 79' lang='lat' dir='ltr'>Quare</span> <span class='ocrx_word' id='word_1_24' title='bbox 498 570 728 635; x_wconf 85' lang='lat' dir='ltr'>aonolndimne:</span> <span class='ocrx_word' id='word_1_25' title='bbox 748 570 854 633; x_wconf 84' lang='lat' dir='ltr'>Fidem</span> <span class='ocrx_word' id='word_1_26' title='bbox 866 570 995 651; x_wconf 88' lang='lat' dir='ltr'>primam</span> <span class='ocrx_word' id='word_1_27' title='bbox 1013 587 1083 630; x_wconf 81' lang='lat' dir='ltr'>ease</span> 
     </span>
     <span class='ocr_line' id='line_1_5' title="bbox 153 653 1083 738; baseline -0.009 -19"><span class='ocrx_word' id='word_1_28' title='bbox 153 656 358 719; x_wconf 74' lang='lat' dir='ltr'>Christianam</span> <span class='ocrx_word' id='word_1_29' title='bbox 382 656 527 735; x_wconf 88' lang='lat' dir='ltr'>fldem,a</span> <span class='ocrx_word' id='word_1_30' title='bbox 553 676 614 738; x_wconf 89' lang='lat' dir='ltr'>qua</span> <span class='ocrx_word' id='word_1_31' title='bbox 646 656 732 717; x_wconf 87' lang='lat' dir='ltr'>multi</span> <span class='ocrx_word' id='word_1_32' title='bbox 754 656 785 717; x_wconf 92' lang='lat' dir='ltr'>in</span> <span class='ocrx_word' id='word_1_33' title='bbox 807 654 960 736; x_wconf 87' lang='lat' dir='ltr'>primitiva</span> <span class='ocrx_word' id='word_1_34' title='bbox 985 653 1083 715; x_wconf 90' lang='lat' dir='ltr'>eoele-</span> 
     </span>
     <span class='ocr_line' id='line_1_6' title="bbox 154 736 1085 820; baseline -0.005 -18"><span class='ocrx_word' id='word_1_35' title='bbox 154 739 442 820; x_wconf 84' lang='lat' dir='ltr'>siaapoetatabant,</span> <span class='ocrx_word' id='word_1_36' title='bbox 466 759 534 801; x_wconf 90' lang='lat' dir='ltr'>oum</span> <span class='ocrx_word' id='word_1_37' title='bbox 557 740 752 801; x_wconf 86' lang='lat' dir='ltr'>adbnoeeeet</span> <span class='ocrx_word' id='word_1_38' title='bbox 765 737 898 800; x_wconf 88' lang='lat' dir='ltr'>novella.</span> <span class='ocrx_word' id='word_1_39' title='bbox 941 736 982 798; x_wconf 75' lang='lat' dir='ltr'>nt</span> <span class='ocrx_word' id='word_1_40' title='bbox 1004 736 1085 798; x_wconf 90' lang='lat' dir='ltr'>hano</span> 
     </span>
     <span class='ocr_line' id='line_1_7' title="bbox 153 822 1085 904; baseline -0.005 -19"><span class='ocrx_word' id='word_1_41' title='bbox 153 824 341 904; x_wconf 85' lang='lat' dir='ltr'>apostasiam</span> <span class='ocrx_word' id='word_1_42' title='bbox 379 825 513 885; x_wconf 85' lang='lat' dir='ltr'>maxime</span> <span class='ocrx_word' id='word_1_43' title='bbox 545 828 678 904; x_wconf 88' lang='lat' dir='ltr'>arguunt</span> <span class='ocrx_word' id='word_1_44' title='bbox 706 822 852 904; x_wconf 89' lang='lat' dir='ltr'>apostoli,</span> <span class='ocrx_word' id='word_1_45' title='bbox 883 823 913 881; x_wconf 91' lang='lat' dir='ltr'>in</span> <span class='ocrx_word' id='word_1_46' title='bbox 936 837 1030 899; x_wconf 87' lang='lat' dir='ltr'>quam</span> <span class='ocrx_word' id='word_1_47' title='bbox 1053 825 1085 881; x_wconf 89' lang='lat' dir='ltr'>et</span> 
     </span>
     <span class='ocr_line' id='line_1_8' title="bbox 154 903 1085 988; baseline -0.004 -20"><span class='ocrx_word' id='word_1_48' title='bbox 154 914 242 969; x_wconf 87' lang='lat' dir='ltr'>autor</span> <span class='ocrx_word' id='word_1_49' title='bbox 263 907 422 988; x_wconf 75' lang='lat' dir='ltr'>Epistulae</span> <span class='ocrx_word' id='word_1_50' title='bbox 450 907 490 967; x_wconf 86' lang='lat' dir='ltr'>ad</span> <span class='ocrx_word' id='word_1_51' title='bbox 521 907 660 969; x_wconf 82' lang='lat' dir='ltr'>Ebraeos</span> <span class='ocrx_word' id='word_1_52' title='bbox 682 904 881 986; x_wconf 81' lang='lat' dir='ltr'>invehitur*)‚</span> <span class='ocrx_word' id='word_1_53' title='bbox 904 903 975 963; x_wconf 89' lang='lat' dir='ltr'>dum</span> <span class='ocrx_word' id='word_1_54' title='bbox 999 922 1085 965; x_wconf 83' lang='lat' dir='ltr'>aase-</span> 
     </span>
     <span class='ocr_line' id='line_1_9' title="bbox 153 987 1085 1072; baseline -0.003 -22"><span class='ocrx_word' id='word_1_55' title='bbox 153 992 192 1059; x_wconf 84' lang='lat' dir='ltr'>rit</span> <span class='ocrx_word' id='word_1_56' title='bbox 219 1009 288 1051; x_wconf 85' lang='lat' dir='ltr'>esse</span> <span class='ocrx_word' id='word_1_57' title='bbox 324 990 546 1072; x_wconf 88' lang='lat' dir='ltr'>impossibilem</span> <span class='ocrx_word' id='word_1_58' title='bbox 574 990 808 1052; x_wconf 77' lang='lat' dir='ltr'>renovationem</span> <span class='ocrx_word' id='word_1_59' title='bbox 837 987 943 1049; x_wconf 89' lang='lat' dir='ltr'>salutis</span> <span class='ocrx_word' id='word_1_60' title='bbox 961 987 1009 1065; x_wconf 89' lang='lat' dir='ltr'>lie,</span> <span class='ocrx_word' id='word_1_61' title='bbox 1031 987 1085 1068; x_wconf 92' lang='lat' dir='ltr'>qui</span> 
     </span>
     <span class='ocr_line' id='line_1_10' title="bbox 152 1069 1086 1155; baseline -0.005 -19"><span class='ocrx_word' id='word_1_62' title='bbox 152 1073 248 1136; x_wconf 79' lang='lat' dir='ltr'>semel</span> <span class='ocrx_word' id='word_1_63' title='bbox 261 1073 399 1155; x_wconf 87' lang='lat' dir='ltr'>prolapsi</span> <span class='ocrx_word' id='word_1_64' title='bbox 410 1080 490 1152; x_wconf 89' lang='lat' dir='ltr'>eunt,</span> <span class='ocrx_word' id='word_1_65' title='bbox 512 1073 665 1150; x_wconf 84' lang='lat' dir='ltr'>videlieet,</span> <span class='ocrx_word' id='word_1_66' title='bbox 687 1071 770 1154; x_wconf 89' lang='lat' dir='ltr'>quod</span> <span class='ocrx_word' id='word_1_67' title='bbox 788 1072 808 1133; x_wconf 92' lang='lat' dir='ltr'>ii</span> <span class='ocrx_word' id='word_1_68' title='bbox 826 1071 877 1152; x_wconf 89' lang='lat' dir='ltr'>qui</span> <span class='ocrx_word' id='word_1_69' title='bbox 904 1069 1086 1132; x_wconf 73' lang='lat' dir='ltr'>labebantur</span> 
     </span>
     <span class='ocr_line' id='line_1_11' title="bbox 155 1155 1085 1238; baseline -0.002 -22"><span class='ocrx_word' id='word_1_70' title='bbox 155 1156 387 1238; x_wconf 73' lang='lat' dir='ltr'>arbitrabantur,</span> <span class='ocrx_word' id='word_1_71' title='bbox 415 1159 506 1218; x_wconf 87' lang='lat' dir='ltr'>etiam</span> <span class='ocrx_word' id='word_1_72' title='bbox 535 1156 596 1218; x_wconf 87' lang='lat' dir='ltr'>alia</span> <span class='ocrx_word' id='word_1_73' title='bbox 627 1157 698 1234; x_wconf 85' lang='lat' dir='ltr'>ilde,</span> <span class='ocrx_word' id='word_1_74' title='bbox 735 1175 846 1237; x_wconf 82' lang='lat' dir='ltr'>nempe</span> <span class='ocrx_word' id='word_1_75' title='bbox 877 1155 1004 1234; x_wconf 87' lang='lat' dir='ltr'>propria</span> <span class='ocrx_word' id='word_1_76' title='bbox 1031 1160 1085 1215; x_wconf 90' lang='lat' dir='ltr'>ant</span> 
     </span>
     <span class='ocr_line' id='line_1_12' title="bbox 152 1236 1084 1320; baseline -0.004 -19"><span class='ocrx_word' id='word_1_77' title='bbox 152 1238 283 1318; x_wconf 74' lang='lat' dir='ltr'>indeioa,</span> <span class='ocrx_word' id='word_1_78' title='bbox 304 1259 374 1302; x_wconf 86' lang='lat' dir='ltr'>eeee</span> <span class='ocrx_word' id='word_1_79' title='bbox 396 1241 499 1301; x_wconf 86' lang='lat' dir='ltr'>salvos</span> <span class='ocrx_word' id='word_1_80' title='bbox 521 1241 598 1304; x_wconf 87' lang='lat' dir='ltr'>lore.</span> <span class='ocrx_word' id='word_1_81' title='bbox 640 1238 722 1302; x_wconf 81' lang='lat' dir='ltr'>Nihil</span> <span class='ocrx_word' id='word_1_82' title='bbox 744 1258 819 1320; x_wconf 86' lang='lat' dir='ltr'>ergo</span> <span class='ocrx_word' id='word_1_83' title='bbox 840 1236 880 1301; x_wconf 89' lang='lat' dir='ltr'>ad</span> <span class='ocrx_word' id='word_1_84' title='bbox 902 1245 975 1298; x_wconf 86' lang='lat' dir='ltr'>vote</span> <span class='ocrx_word' id='word_1_85' title='bbox 995 1240 1084 1318; x_wconf 88' lang='lat' dir='ltr'>perti·</span> 
     </span>
     <span class='ocr_line' id='line_1_13' title="bbox 153 1321 1084 1404; baseline -0.003 -20"><span class='ocrx_word' id='word_1_86' title='bbox 153 1329 206 1384; x_wconf 89' lang='lat' dir='ltr'>net</span> <span class='ocrx_word' id='word_1_87' title='bbox 227 1323 316 1385; x_wconf 83' lang='lat' dir='ltr'>loono</span> <span class='ocrx_word' id='word_1_88' title='bbox 336 1325 405 1401; x_wconf 88' lang='lat' dir='ltr'>iste,</span> <span class='ocrx_word' id='word_1_89' title='bbox 429 1324 524 1386; x_wconf 87' lang='lat' dir='ltr'>multo</span> <span class='ocrx_word' id='word_1_90' title='bbox 544 1326 643 1385; x_wconf 91' lang='lat' dir='ltr'>minus</span> <span class='ocrx_word' id='word_1_91' title='bbox 665 1324 706 1387; x_wconf 91' lang='lat' dir='ltr'>ad</span> <span class='ocrx_word' id='word_1_92' title='bbox 717 1323 899 1404; x_wconf 88' lang='lat' dir='ltr'>religionum</span> <span class='ocrx_word' id='word_1_93' title='bbox 922 1329 1006 1400; x_wconf 75' lang='lat' dir='ltr'>vota,</span> <span class='ocrx_word' id='word_1_94' title='bbox 1029 1321 1084 1382; x_wconf 83' lang='lat' dir='ltr'>aed</span> 
     </span>
     <span class='ocr_line' id='line_1_14' title="bbox 153 1402 1083 1489; baseline -0.002 -21"><span class='ocrx_word' id='word_1_95' title='bbox 153 1412 185 1468; x_wconf 90' lang='lat' dir='ltr'>et</span> <span class='ocrx_word' id='word_1_96' title='bbox 206 1406 422 1488; x_wconf 88' lang='lat' dir='ltr'>hoomagnum</span> <span class='ocrx_word' id='word_1_97' title='bbox 434 1415 647 1489; x_wconf 85' lang='lat' dir='ltr'>argumentum</span> <span class='ocrx_word' id='word_1_98' title='bbox 669 1402 787 1485; x_wconf 56' lang='lat' dir='ltr'>erasos</span> <span class='ocrx_word' id='word_1_99' title='bbox 805 1405 865 1467; x_wconf 85' lang='lat' dir='ltr'>tide</span> <span class='ocrx_word' id='word_1_100' title='bbox 878 1404 991 1465; x_wconf 81' lang='lat' dir='ltr'>Christi</span> <span class='ocrx_word' id='word_1_101' title='bbox 1014 1424 1083 1466; x_wconf 87' lang='lat' dir='ltr'>euro</span> 
     </span>
     <span class='ocr_line' id='line_1_15' title="bbox 152 1488 1084 1571; baseline 0.001 -21"><span class='ocrx_word' id='word_1_102' title='bbox 152 1489 248 1569; x_wconf 87' lang='lat' dir='ltr'>ioqui,</span> <span class='ocrx_word' id='word_1_103' title='bbox 272 1491 354 1571; x_wconf 88' lang='lat' dir='ltr'>quod</span> <span class='ocrx_word' id='word_1_104' title='bbox 376 1491 434 1552; x_wconf 88' lang='lat' dir='ltr'>ait:</span> <span class='ocrx_word' id='word_1_105' title='bbox 458 1493 534 1556; x_wconf 80' lang='lat' dir='ltr'>cnm</span> <span class='ocrx_word' id='word_1_106' title='bbox 557 1490 704 1552; x_wconf 87' lang='lat' dir='ltr'>adversus</span> <span class='ocrx_word' id='word_1_107' title='bbox 716 1490 867 1552; x_wconf 80' lang='lat' dir='ltr'>Christum</span> <span class='ocrx_word' id='word_1_108' title='bbox 885 1488 1084 1551; x_wconf 76' lang='lat' dir='ltr'>lascivierint.</span> 
     </span>
     <span class='ocr_line' id='line_1_16' title="bbox 154 1570 1085 1637; baseline 0.001 -5"><span class='ocrx_word' id='word_1_109' title='bbox 154 1572 311 1635; x_wconf 81' lang='lat' dir='ltr'>Adversus</span> <span class='ocrx_word' id='word_1_110' title='bbox 333 1573 484 1637; x_wconf 81' lang='lat' dir='ltr'>Christum</span> <span class='ocrx_word' id='word_1_111' title='bbox 515 1575 655 1636; x_wconf 87' lang='lat' dir='ltr'>laseivire</span> <span class='ocrx_word' id='word_1_112' title='bbox 684 1582 732 1635; x_wconf 87' lang='lat' dir='ltr'>oet</span> <span class='ocrx_word' id='word_1_113' title='bbox 762 1592 824 1634; x_wconf 92' lang='lat' dir='ltr'>non</span> <span class='ocrx_word' id='word_1_114' title='bbox 857 1571 925 1633; x_wconf 88' lang='lat' dir='ltr'>sola</span> <span class='ocrx_word' id='word_1_115' title='bbox 955 1570 1085 1633; x_wconf 89' lang='lat' dir='ltr'>libidine</span> 
     </span>
     <span class='ocr_line' id='line_1_17' title="bbox 152 1655 1083 1739; baseline 0 -23"><span class='ocrx_word' id='word_1_116' title='bbox 152 1658 254 1717; x_wconf 89' lang='lat' dir='ltr'>oarnie</span> <span class='ocrx_word' id='word_1_117' title='bbox 275 1657 419 1739; x_wconf 83' lang='lat' dir='ltr'>insanire,</span> <span class='ocrx_word' id='word_1_118' title='bbox 450 1659 505 1720; x_wconf 87' lang='lat' dir='ltr'>sed</span> <span class='ocrx_word' id='word_1_119' title='bbox 528 1665 637 1721; x_wconf 86' lang='lat' dir='ltr'>eontra</span> <span class='ocrx_word' id='word_1_120' title='bbox 657 1657 749 1719; x_wconf 89' lang='lat' dir='ltr'>tidem</span> <span class='ocrx_word' id='word_1_121' title='bbox 773 1658 838 1717; x_wconf 90' lang='lat' dir='ltr'>eins</span> <span class='ocrx_word' id='word_1_122' title='bbox 861 1655 900 1715; x_wconf 94' lang='lat' dir='ltr'>ob</span> <span class='ocrx_word' id='word_1_123' title='bbox 923 1655 1083 1717; x_wconf 81' lang='lat' dir='ltr'>lasciviam</span> 
     </span>
     <span class='ocr_line' id='line_1_18' title="bbox 153 1740 883 1822; baseline 0.004 -22"><span class='ocrx_word' id='word_1_124' title='bbox 153 1740 269 1816; x_wconf 88' lang='lat' dir='ltr'>oonari,</span> <span class='ocrx_word' id='word_1_125' title='bbox 291 1747 323 1801; x_wconf 89' lang='lat' dir='ltr'>et</span> <span class='ocrx_word' id='word_1_126' title='bbox 343 1748 456 1822; x_wconf 84' lang='lat' dir='ltr'>negata</span> <span class='ocrx_word' id='word_1_127' title='bbox 479 1743 545 1804; x_wconf 89' lang='lat' dir='ltr'>eius</span> <span class='ocrx_word' id='word_1_128' title='bbox 567 1741 628 1803; x_wconf 87' lang='lat' dir='ltr'>fide</span> <span class='ocrx_word' id='word_1_129' title='bbox 649 1741 711 1802; x_wconf 93' lang='lat' dir='ltr'>alio</span> <span class='ocrx_word' id='word_1_130' title='bbox 733 1746 883 1822; x_wconf 85' lang='lat' dir='ltr'>speotare.</span> 
     </span>
    </p>

    <p class='ocr_par' dir='ltr' id='par_1_4' title="bbox 149 1820 1166 2406">
     <span class='ocr_line' id='line_1_19' title="bbox 236 1820 1082 1907; baseline -0.004 -23"><span class='ocrx_word' id='word_1_131' title='bbox 236 1821 296 1884; x_wconf 81' lang='lat' dir='ltr'>Sed</span> <span class='ocrx_word' id='word_1_132' title='bbox 318 1822 401 1905; x_wconf 84' lang='lat' dir='ltr'>finge</span> <span class='ocrx_word' id='word_1_133' title='bbox 418 1825 604 1907; x_wconf 79' lang='lat' dir='ltr'>Apostolum</span> <span class='ocrx_word' id='word_1_134' title='bbox 627 1823 667 1885; x_wconf 91' lang='lat' dir='ltr'>de</span> <span class='ocrx_word' id='word_1_135' title='bbox 680 1825 771 1905; x_wconf 87' lang='lat' dir='ltr'>votis,</span> <span class='ocrx_word' id='word_1_136' title='bbox 793 1829 825 1885; x_wconf 88' lang='lat' dir='ltr'>et</span> <span class='ocrx_word' id='word_1_137' title='bbox 844 1842 906 1883; x_wconf 91' lang='lat' dir='ltr'>non</span> <span class='ocrx_word' id='word_1_138' title='bbox 930 1820 970 1883; x_wconf 86' lang='lat' dir='ltr'>de</span> <span class='ocrx_word' id='word_1_139' title='bbox 983 1821 1082 1884; x_wconf 86' lang='lat' dir='ltr'>vidula</span> 
     </span>
     <span class='ocr_line' id='line_1_20' title="bbox 152 1904 1083 1989; baseline -0.001 -23"><span class='ocrx_word' id='word_1_140' title='bbox 152 1905 247 1986; x_wconf 89' lang='lat' dir='ltr'>loqui,</span> <span class='ocrx_word' id='word_1_141' title='bbox 276 1908 338 1967; x_wconf 92' lang='lat' dir='ltr'>iam</span> <span class='ocrx_word' id='word_1_142' title='bbox 366 1908 531 1970; x_wconf 80' lang='lat' dir='ltr'>fortissima</span> <span class='ocrx_word' id='word_1_143' title='bbox 560 1910 697 1970; x_wconf 90' lang='lat' dir='ltr'>omnium</span> <span class='ocrx_word' id='word_1_144' title='bbox 728 1927 784 1989; x_wconf 89' lang='lat' dir='ltr'>pro</span> <span class='ocrx_word' id='word_1_145' title='bbox 811 1906 901 1969; x_wconf 87' lang='lat' dir='ltr'>nobie</span> <span class='ocrx_word' id='word_1_146' title='bbox 933 1904 1026 1982; x_wconf 81' lang='lat' dir='ltr'>feeit,</span> <span class='ocrx_word' id='word_1_147' title='bbox 1054 1914 1083 1967; x_wconf 89' lang='lat' dir='ltr'>et</span> 
     </span>
     <span class='ocr_line' id='line_1_21' title="bbox 152 1989 1082 2072; baseline 0.001 -24"><span class='ocrx_word' id='word_1_148' title='bbox 152 1989 255 2050; x_wconf 88' lang='lat' dir='ltr'>nullus</span> <span class='ocrx_word' id='word_1_149' title='bbox 277 1989 455 2070; x_wconf 85' lang='lat' dir='ltr'>Soriptnrae</span> <span class='ocrx_word' id='word_1_150' title='bbox 482 1992 569 2054; x_wconf 86' lang='lat' dir='ltr'>loeus</span> <span class='ocrx_word' id='word_1_151' title='bbox 598 1998 661 2053; x_wconf 90' lang='lat' dir='ltr'>tam</span> <span class='ocrx_word' id='word_1_152' title='bbox 690 1996 832 2072; x_wconf 87' lang='lat' dir='ltr'>potenter</span> <span class='ocrx_word' id='word_1_153' title='bbox 859 1989 1082 2068; x_wconf 85' lang='lat' dir='ltr'>evidenterque</span> 
     </span>
     <span class='ocr_line' id='line_1_22' title="bbox 154 2071 1166 2155; baseline -0.001 -23"><span class='ocrx_word' id='word_1_154' title='bbox 154 2079 227 2134; x_wconf 86' lang='lat' dir='ltr'>vota</span> <span class='ocrx_word' id='word_1_155' title='bbox 249 2080 280 2133; x_wconf 88' lang='lat' dir='ltr'>et</span> <span class='ocrx_word' id='word_1_156' title='bbox 301 2073 466 2154; x_wconf 88' lang='lat' dir='ltr'>religiones</span> <span class='ocrx_word' id='word_1_157' title='bbox 488 2074 624 2152; x_wconf 78' lang='lat' dir='ltr'>damnat,</span> <span class='ocrx_word' id='word_1_158' title='bbox 654 2082 688 2136; x_wconf 88' lang='lat' dir='ltr'>ut</span> <span class='ocrx_word' id='word_1_159' title='bbox 714 2073 806 2155; x_wconf 89' lang='lat' dir='ltr'>plane</span> <span class='ocrx_word' id='word_1_160' title='bbox 839 2071 1010 2154; x_wconf 88' lang='lat' dir='ltr'>optandum</span> <span class='ocrx_word' id='word_1_161' title='bbox 1034 2073 1080 2151; x_wconf 89' lang='lat' dir='ltr'>sit,</span> <span class='ocrx_word' id='word_1_162' title='bbox 1162 2072 1166 2101; x_wconf 89' lang='lat'>¹</span> 
     </span>
     <span class='ocr_line' id='line_1_23' title="bbox 153 2144 1166 2238; baseline -0.001 -23"><span class='ocrx_word' id='word_1_163' title='bbox 153 2175 222 2216; x_wconf 90' lang='lat' dir='ltr'>eum</span> <span class='ocrx_word' id='word_1_164' title='bbox 256 2156 303 2216; x_wconf 88' lang='lat' dir='ltr'>vel</span> <span class='ocrx_word' id='word_1_165' title='bbox 329 2156 414 2237; x_wconf 91' lang='lat' dir='ltr'>loqui</span> <span class='ocrx_word' id='word_1_166' title='bbox 444 2158 492 2219; x_wconf 89' lang='lat' dir='ltr'>vel</span> <span class='ocrx_word' id='word_1_167' title='bbox 524 2157 654 2238; x_wconf 84' lang='lat' dir='ltr'>intelligi</span> <span class='ocrx_word' id='word_1_168' title='bbox 682 2157 721 2219; x_wconf 89' lang='lat' dir='ltr'>de</span> <span class='ocrx_word' id='word_1_169' title='bbox 750 2157 840 2220; x_wconf 85' lang='lat' dir='ltr'>votis.</span> <span class='ocrx_word' id='word_1_170' title='bbox 884 2155 916 2216; x_wconf 83' lang='lat' dir='ltr'>Si</span> <span class='ocrx_word' id='word_1_171' title='bbox 940 2156 1022 2215; x_wconf 88' lang='lat' dir='ltr'>enim</span> <span class='ocrx_word' id='word_1_172' title='bbox 1045 2155 1081 2215; x_wconf 89' lang='lat' dir='ltr'>de</span> <span class='ocrx_word' id='word_1_173' title='bbox 1162 2144 1166 2165; x_wconf 76' lang='lat'><strong>¹</strong></span> 
     </span>
     <span class='ocr_line' id='line_1_24' title="bbox 153 2239 1081 2320; baseline 0.004 -26"><span class='ocrx_word' id='word_1_174' title='bbox 153 2239 233 2299; x_wconf 87' lang='lat' dir='ltr'>votis</span> <span class='ocrx_word' id='word_1_175' title='bbox 247 2240 349 2318; x_wconf 89' lang='lat' dir='ltr'>sentit,</span> <span class='ocrx_word' id='word_1_176' title='bbox 372 2241 566 2305; x_wconf 81' lang='lat' dir='ltr'>manifestum</span> <span class='ocrx_word' id='word_1_177' title='bbox 591 2248 648 2319; x_wconf 88' lang='lat' dir='ltr'>est,</span> <span class='ocrx_word' id='word_1_178' title='bbox 670 2241 781 2320; x_wconf 75' lang='lat' dir='ltr'>corrigi</span> <span class='ocrx_word' id='word_1_179' title='bbox 806 2247 836 2300; x_wconf 89' lang='lat' dir='ltr'>et</span> <span class='ocrx_word' id='word_1_180' title='bbox 847 2239 986 2300; x_wconf 87' lang='lat' dir='ltr'>damnari</span> <span class='ocrx_word' id='word_1_181' title='bbox 1010 2245 1081 2299; x_wconf 87' lang='lat' dir='ltr'>vota</span> 
     </span>
     <span class='ocr_line' id='line_1_25' title="bbox 149 2321 1078 2406; baseline 0.002 -26"><span class='ocrx_word' id='word_1_182' title='bbox 149 2321 337 2403; x_wconf 87' lang='lat' dir='ltr'>infuturum,</span> <span class='ocrx_word' id='word_1_183' title='bbox 361 2331 515 2406; x_wconf 84' lang='lat' dir='ltr'>uteunque</span> <span class='ocrx_word' id='word_1_184' title='bbox 536 2325 608 2386; x_wconf 88' lang='lat' dir='ltr'>illae</span> <span class='ocrx_word' id='word_1_185' title='bbox 629 2326 660 2385; x_wconf 91' lang='lat' dir='ltr'>in</span> <span class='ocrx_word' id='word_1_186' title='bbox 675 2324 847 2404; x_wconf 88' lang='lat' dir='ltr'>praeteritis</span> <span class='ocrx_word' id='word_1_187' title='bbox 874 2323 1078 2402; x_wconf 87' lang='lat' dir='ltr'>peooaverint.</span> 
     </span>
    </p>
   </div>
   <div class='ocr_carea' id='block_1_4' title="bbox 143 2404 1166 2485">
    <p class='ocr_par' dir='ltr' id='par_1_5' title="bbox 143 2404 1166 2485">
     <span class='ocr_line' id='line_1_26' title="bbox 143 2404 1166 2485; baseline 0.001 -21"><span class='ocrx_word' id='word_1_188' title='bbox 143 2404 231 2465; x_wconf 87' lang='lat' dir='ltr'>&#39;Dioit</span> <span class='ocrx_word' id='word_1_189' title='bbox 253 2407 349 2467; x_wconf 87' lang='lat' dir='ltr'>enim:</span> <span class='ocrx_word' id='word_1_190' title='bbox 373 2406 489 2469; x_wconf 89' lang='lat' dir='ltr'>Viduas</span> <span class='ocrx_word' id='word_1_191' title='bbox 501 2409 637 2469; x_wconf 90' lang='lat' dir='ltr'>iuniores</span> <span class='ocrx_word' id='word_1_192' title='bbox 654 2407 774 2485; x_wconf 82' lang='lat' dir='ltr'>devita3</span> <span class='ocrx_word' id='word_1_193' title='bbox 796 2414 826 2467; x_wconf 90' lang='lat' dir='ltr'>et</span> <span class='ocrx_word' id='word_1_194' title='bbox 848 2407 976 2466; x_wconf 86' lang='lat' dir='ltr'>iterum:</span> <span class='ocrx_word' id='word_1_195' title='bbox 1000 2406 1078 2466; x_wconf 93' lang='lat' dir='ltr'>Volo</span> <span class='ocrx_word' id='word_1_196' title='bbox 1163 2434 1166 2453; x_wconf 86' lang='lat'><em>=</em></span> 
     </span>
    </p>
   </div>
   <div class='ocr_carea' id='block_1_5' title="bbox 147 2488 1165 3654">
    <p class='ocr_par' dir='ltr' id='par_1_6' title="bbox 147 2488 1165 3654">
     <span class='ocr_line' id='line_1_27' title="bbox 149 2488 1080 2572; baseline 0 -25"><span class='ocrx_word' id='word_1_197' title='bbox 149 2488 288 2552; x_wconf 83' lang='lat' dir='ltr'>iuniores</span> <span class='ocrx_word' id='word_1_198' title='bbox 309 2489 432 2551; x_wconf 89' lang='lat' dir='ltr'>nubere.</span> <span class='ocrx_word' id='word_1_199' title='bbox 478 2492 580 2567; x_wconf 82' lang='lat' dir='ltr'>Quare</span> <span class='ocrx_word' id='word_1_200' title='bbox 613 2498 684 2572; x_wconf 87' lang='lat' dir='ltr'>post</span> <span class='ocrx_word' id='word_1_201' title='bbox 709 2491 789 2551; x_wconf 88' lang='lat' dir='ltr'>hano</span> <span class='ocrx_word' id='word_1_202' title='bbox 811 2491 953 2570; x_wconf 86' lang='lat' dir='ltr'>Apostoli</span> <span class='ocrx_word' id='word_1_203' title='bbox 979 2488 1080 2548; x_wconf 85' lang='lat' dir='ltr'>delini-</span> 
     </span>
     <span class='ocr_line' id='line_1_28' title="bbox 150 2572 1165 2653; baseline -0.001 -21"><span class='ocrx_word' id='word_1_204' title='bbox 150 2572 266 2632; x_wconf 88' lang='lat' dir='ltr'>tionem</span> <span class='ocrx_word' id='word_1_205' title='bbox 287 2592 411 2653; x_wconf 90' lang='lat' dir='ltr'>prorsus</span> <span class='ocrx_word' id='word_1_206' title='bbox 437 2574 513 2635; x_wconf 89' lang='lat' dir='ltr'>nulli</span> <span class='ocrx_word' id='word_1_207' title='bbox 540 2575 623 2636; x_wconf 87' lang='lat' dir='ltr'>lieuit</span> <span class='ocrx_word' id='word_1_208' title='bbox 655 2592 781 2652; x_wconf 89' lang='lat' dir='ltr'>vovere,</span> <span class='ocrx_word' id='word_1_209' title='bbox 804 2574 861 2633; x_wconf 88' lang='lat' dir='ltr'>nisi</span> <span class='ocrx_word' id='word_1_210' title='bbox 884 2592 984 2633; x_wconf 88' lang='lat' dir='ltr'>annos</span> <span class='ocrx_word' id='word_1_211' title='bbox 1008 2579 1079 2633; x_wconf 87' lang='lat' dir='ltr'>noto</span> <span class='ocrx_word' id='word_1_212' title='bbox 1162 2606 1165 2625; x_wconf 68' lang='grc' dir='ltr'><em>ι</em></span> 
     </span>
     <span class='ocr_line' id='line_1_29' title="bbox 151 2656 1080 2738; baseline 0 -23"><span class='ocrx_word' id='word_1_213' title='bbox 151 2656 324 2735; x_wconf 80' lang='lat' dir='ltr'>sexaginta.</span> <span class='ocrx_word' id='word_1_214' title='bbox 368 2657 458 2738; x_wconf 83' lang='lat' dir='ltr'>Elige</span> <span class='ocrx_word' id='word_1_215' title='bbox 480 2676 565 2738; x_wconf 88' lang='lat' dir='ltr'>ergo,</span> <span class='ocrx_word' id='word_1_216' title='bbox 589 2665 688 2718; x_wconf 89' lang='lat' dir='ltr'>utrum</span> <span class='ocrx_word' id='word_1_217' title='bbox 712 2658 855 2733; x_wconf 85' lang='lat' dir='ltr'>volneris,</span> <span class='ocrx_word' id='word_1_218' title='bbox 878 2665 931 2715; x_wconf 89' lang='lat' dir='ltr'>ant</span> <span class='ocrx_word' id='word_1_219' title='bbox 948 2656 1080 2735; x_wconf 87' lang='lat' dir='ltr'>Aposto-</span> 
     </span>
     <span class='ocr_line' id='line_1_30' title="bbox 149 2737 1078 2819; baseline 0.002 -23"><span class='ocrx_word' id='word_1_220' title='bbox 149 2737 199 2797; x_wconf 87' lang='lat' dir='ltr'>lue</span> <span class='ocrx_word' id='word_1_221' title='bbox 220 2738 354 2818; x_wconf 89' lang='lat' dir='ltr'>loquitur</span> <span class='ocrx_word' id='word_1_222' title='bbox 397 2739 436 2801; x_wconf 91' lang='lat' dir='ltr'>de</span> <span class='ocrx_word' id='word_1_223' title='bbox 470 2743 559 2818; x_wconf 87' lang='lat' dir='ltr'>votis,</span> <span class='ocrx_word' id='word_1_224' title='bbox 603 2741 652 2801; x_wconf 89' lang='lat' dir='ltr'>vel</span> <span class='ocrx_word' id='word_1_225' title='bbox 674 2758 737 2802; x_wconf 91' lang='lat' dir='ltr'>non</span> <span class='ocrx_word' id='word_1_226' title='bbox 772 2738 906 2819; x_wconf 85' lang='lat' dir='ltr'>loquitur</span> <span class='ocrx_word' id='word_1_227' title='bbox 929 2739 968 2798; x_wconf 85' lang='lat' dir='ltr'>de</span> <span class='ocrx_word' id='word_1_228' title='bbox 991 2742 1078 2799; x_wconf 87' lang='lat' dir='ltr'>votis.</span> 
     </span>
     <span class='ocr_line' id='line_1_31' title="bbox 150 2818 1078 2904; baseline -0.001 -23"><span class='ocrx_word' id='word_1_229' title='bbox 150 2818 182 2881; x_wconf 80' lang='lat' dir='ltr'>Si</span> <span class='ocrx_word' id='word_1_230' title='bbox 205 2822 413 2901; x_wconf 89' lang='lat' dir='ltr'>nonloquitur</span> <span class='ocrx_word' id='word_1_231' title='bbox 433 2822 472 2884; x_wconf 87' lang='lat' dir='ltr'>de</span> <span class='ocrx_word' id='word_1_232' title='bbox 491 2825 583 2902; x_wconf 79' lang='lat' dir='ltr'>rotie,</span> <span class='ocrx_word' id='word_1_233' title='bbox 604 2824 677 2884; x_wconf 91' lang='lat' dir='ltr'>nihil</span> <span class='ocrx_word' id='word_1_234' title='bbox 692 2830 780 2904; x_wconf 89' lang='lat' dir='ltr'>urget</span> <span class='ocrx_word' id='word_1_235' title='bbox 801 2823 850 2883; x_wconf 90' lang='lat' dir='ltr'>bio</span> <span class='ocrx_word' id='word_1_236' title='bbox 865 2822 965 2901; x_wconf 85' lang='lat' dir='ltr'>loeus,</span> <span class='ocrx_word' id='word_1_237' title='bbox 988 2824 1013 2880; x_wconf 86' lang='lat' dir='ltr'>si</span> <span class='ocrx_word' id='word_1_238' title='bbox 1038 2822 1078 2880; x_wconf 90' lang='lat' dir='ltr'>ln-</span> 
     </span>
     <span class='ocr_line' id='line_1_32' title="bbox 149 2904 1077 2986; baseline -0.001 -23"><span class='ocrx_word' id='word_1_239' title='bbox 149 2904 250 2982; x_wconf 84' lang='lat' dir='ltr'>quitur</span> <span class='ocrx_word' id='word_1_240' title='bbox 271 2904 310 2966; x_wconf 91' lang='lat' dir='ltr'>de</span> <span class='ocrx_word' id='word_1_241' title='bbox 327 2907 418 2986; x_wconf 89' lang='lat' dir='ltr'>votis,</span> <span class='ocrx_word' id='word_1_242' title='bbox 442 2913 582 2968; x_wconf 87' lang='lat' dir='ltr'>eorreota</span> <span class='ocrx_word' id='word_1_243' title='bbox 599 2914 635 2969; x_wconf 86' lang='lat' dir='ltr'>et</span> <span class='ocrx_word' id='word_1_244' title='bbox 648 2907 792 2968; x_wconf 89' lang='lat' dir='ltr'>damnata</span> <span class='ocrx_word' id='word_1_245' title='bbox 814 2912 861 2966; x_wconf 87' lang='lat' dir='ltr'>eet</span> <span class='ocrx_word' id='word_1_246' title='bbox 883 2904 921 2966; x_wconf 89' lang='lat' dir='ltr'>ab</span> <span class='ocrx_word' id='word_1_247' title='bbox 944 2907 1077 2984; x_wconf 85' lang='lat' dir='ltr'>ipsomet</span> 
     </span>
     <span class='ocr_line' id='line_1_33' title="bbox 150 2986 1079 3071; baseline 0.002 -27"><span class='ocrx_word' id='word_1_248' title='bbox 150 2987 213 3046; x_wconf 89' lang='lat' dir='ltr'>vita</span> <span class='ocrx_word' id='word_1_249' title='bbox 227 2986 387 3050; x_wconf 78' lang='lat' dir='ltr'>‹revolar-io</span> <span class='ocrx_word' id='word_1_250' title='bbox 409 2996 481 3050; x_wconf 91' lang='lat' dir='ltr'>ante</span> <span class='ocrx_word' id='word_1_251' title='bbox 499 2991 725 3071; x_wconf 87' lang='lat' dir='ltr'>sexagesimum</span> <span class='ocrx_word' id='word_1_252' title='bbox 750 3009 872 3066; x_wconf 83' lang='lat' dir='ltr'>annum,</span> <span class='ocrx_word' id='word_1_253' title='bbox 896 2997 927 3048; x_wconf 90' lang='lat' dir='ltr'>et</span> <span class='ocrx_word' id='word_1_254' title='bbox 948 2997 1079 3068; x_wconf 86' lang='lat' dir='ltr'>patrone</span> 
     </span>
     <span class='ocr_line' id='line_1_34' title="bbox 150 3071 1079 3147; baseline 0 -18"><span class='ocrx_word' id='word_1_255' title='bbox 150 3071 206 3129; x_wconf 89' lang='lat' dir='ltr'>erit</span> <span class='ocrx_word' id='word_1_256' title='bbox 234 3077 358 3132; x_wconf 86' lang='lat' dir='ltr'>nostrae</span> <span class='ocrx_word' id='word_1_257' title='bbox 386 3075 558 3134; x_wconf 86' lang='lat' dir='ltr'>sententiae</span> <span class='ocrx_word' id='word_1_258' title='bbox 586 3075 733 3134; x_wconf 83' lang='lat' dir='ltr'>autoritas</span> <span class='ocrx_word' id='word_1_259' title='bbox 755 3074 814 3133; x_wconf 89' lang='lat' dir='ltr'>isto</span> <span class='ocrx_word' id='word_1_260' title='bbox 836 3071 1026 3147; x_wconf 80' lang='lat' dir='ltr'>fidelissima,</span> <span class='ocrx_word' id='word_1_261' title='bbox 1050 3082 1079 3130; x_wconf 89' lang='lat' dir='ltr'>ut</span> 
     </span>
     <span class='ocr_line' id='line_1_35' title="bbox 149 3155 1052 3239; baseline 0.008 -28"><span class='ocrx_word' id='word_1_262' title='bbox 149 3155 345 3214; x_wconf 83' lang='lat' dir='ltr'>eeonriseima</span> <span class='ocrx_word' id='word_1_263' title='bbox 367 3157 407 3214; x_wconf 91' lang='lat' dir='ltr'>eit</span> <span class='ocrx_word' id='word_1_264' title='bbox 430 3157 629 3239; x_wconf 84' lang='lat' dir='ltr'>oonsoieotia,</span> <span class='ocrx_word' id='word_1_265' title='bbox 651 3158 677 3217; x_wconf 89' lang='lat' dir='ltr'>si</span> <span class='ocrx_word' id='word_1_266' title='bbox 700 3163 773 3217; x_wconf 88' lang='lat' dir='ltr'>vota</span> <span class='ocrx_word' id='word_1_267' title='bbox 794 3175 850 3215; x_wconf 87' lang='lat' dir='ltr'>eno</span> <span class='ocrx_word' id='word_1_268' title='bbox 873 3156 1052 3218; x_wconf 83' lang='lat' dir='ltr'>cassaverit.</span> 
     </span>
     <span class='ocr_line' id='line_1_36' title="bbox 232 3235 1077 3316; baseline 0 -20"><span class='ocrx_word' id='word_1_269' title='bbox 232 3235 367 3316; x_wconf 82' lang='lat' dir='ltr'>Summa,</span> <span class='ocrx_word' id='word_1_270' title='bbox 389 3258 458 3299; x_wconf 88' lang='lat' dir='ltr'>eum</span> <span class='ocrx_word' id='word_1_271' title='bbox 480 3239 602 3301; x_wconf 85' lang='lat' dir='ltr'>abunde</span> <span class='ocrx_word' id='word_1_272' title='bbox 614 3241 689 3302; x_wconf 86' lang='lat' dir='ltr'>eatis</span> <span class='ocrx_word' id='word_1_273' title='bbox 707 3240 820 3300; x_wconf 87' lang='lat' dir='ltr'>dietum</span> <span class='ocrx_word' id='word_1_274' title='bbox 844 3239 892 3314; x_wconf 90' lang='lat' dir='ltr'>sit,</span> <span class='ocrx_word' id='word_1_275' title='bbox 915 3238 977 3299; x_wconf 86' lang='lat' dir='ltr'>boo</span> <span class='ocrx_word' id='word_1_276' title='bbox 995 3240 1077 3299; x_wconf 84' lang='lat' dir='ltr'>vitae</span> 
     </span>
     <span class='ocr_line' id='line_1_37' title="bbox 147 3321 1078 3404; baseline 0.003 -26"><span class='ocrx_word' id='word_1_277' title='bbox 147 3336 246 3397; x_wconf 79' lang='lat' dir='ltr'>genus</span> <span class='ocrx_word' id='word_1_278' title='bbox 267 3340 405 3401; x_wconf 90' lang='lat' dir='ltr'>pugnare</span> <span class='ocrx_word' id='word_1_279' title='bbox 427 3341 496 3383; x_wconf 89' lang='lat' dir='ltr'>oum</span> <span class='ocrx_word' id='word_1_280' title='bbox 509 3322 691 3404; x_wconf 82' lang='lat' dir='ltr'>Evangelio,</span> <span class='ocrx_word' id='word_1_281' title='bbox 714 3322 786 3383; x_wconf 88' lang='lat' dir='ltr'>dum</span> <span class='ocrx_word' id='word_1_282' title='bbox 821 3321 893 3381; x_wconf 87' lang='lat' dir='ltr'>laoit</span> <span class='ocrx_word' id='word_1_283' title='bbox 916 3333 1078 3401; x_wconf 88' lang='lat' dir='ltr'>paeootum</span> 
     </span>
     <span class='ocr_line' id='line_1_38' title="bbox 148 3401 1079 3487; baseline 0.003 -29"><span class='ocrx_word' id='word_1_284' title='bbox 148 3401 179 3459; x_wconf 92' lang='lat' dir='ltr'>in</span> <span class='ocrx_word' id='word_1_285' title='bbox 203 3401 290 3483; x_wconf 85' lang='lat' dir='ltr'>olbis,</span> <span class='ocrx_word' id='word_1_286' title='bbox 312 3404 458 3486; x_wconf 90' lang='lat' dir='ltr'>vestibus,</span> <span class='ocrx_word' id='word_1_287' title='bbox 481 3405 613 3486; x_wconf 89' lang='lat' dir='ltr'>potibus,</span> <span class='ocrx_word' id='word_1_288' title='bbox 630 3406 724 3486; x_wconf 86' lang='lat' dir='ltr'>loeis,</span> <span class='ocrx_word' id='word_1_289' title='bbox 747 3406 897 3487; x_wconf 89' lang='lat' dir='ltr'>personis,</span> <span class='ocrx_word' id='word_1_290' title='bbox 922 3405 1079 3486; x_wconf 89' lang='lat' dir='ltr'>operibus,</span> 
     </span>
     <span class='ocr_line' id='line_1_39' title="bbox 147 3483 1077 3568; baseline 0.002 -24"><span class='ocrx_word' id='word_1_291' title='bbox 147 3483 295 3564; x_wconf 81' lang='lat' dir='ltr'>gestibus,</span> <span class='ocrx_word' id='word_1_292' title='bbox 317 3487 347 3547; x_wconf 90' lang='lat' dir='ltr'>in</span> <span class='ocrx_word' id='word_1_293' title='bbox 370 3489 479 3566; x_wconf 90' lang='lat' dir='ltr'>quibus</span> <span class='ocrx_word' id='word_1_294' title='bbox 502 3489 639 3550; x_wconf 78' lang='lat' dir='ltr'>Christus</span> <span class='ocrx_word' id='word_1_295' title='bbox 662 3489 777 3551; x_wconf 89' lang='lat' dir='ltr'>nullum</span> <span class='ocrx_word' id='word_1_296' title='bbox 800 3495 961 3568; x_wconf 83' lang='lat' dir='ltr'>peceatum</span> <span class='ocrx_word' id='word_1_297' title='bbox 999 3489 1077 3564; x_wconf 80' lang='lat' dir='ltr'>lauit,</span> 
     </span>
     <span class='ocr_line' id='line_1_40' title="bbox 147 3565 1078 3654; baseline 0.003 -27"><span class='ocrx_word' id='word_1_298' title='bbox 147 3565 202 3627; x_wconf 87' lang='lat' dir='ltr'>sed</span> <span class='ocrx_word' id='word_1_299' title='bbox 225 3567 322 3630; x_wconf 89' lang='lat' dir='ltr'>libera</span> <span class='ocrx_word' id='word_1_300' title='bbox 343 3588 411 3631; x_wconf 86' lang='lat' dir='ltr'>esse</span> <span class='ocrx_word' id='word_1_301' title='bbox 424 3572 520 3650; x_wconf 87' lang='lat' dir='ltr'>iussit,</span> <span class='ocrx_word' id='word_1_302' title='bbox 544 3592 603 3634; x_wconf 88' lang='lat' dir='ltr'>neo</span> <span class='ocrx_word' id='word_1_303' title='bbox 612 3573 779 3636; x_wconf 77' lang='lat' dir='ltr'>subsistere</span> <span class='ocrx_word' id='word_1_304' title='bbox 793 3573 903 3654; x_wconf 85' lang='lat' dir='ltr'>possit,</span> <span class='ocrx_word' id='word_1_305' title='bbox 927 3574 984 3632; x_wconf 87' lang='lat' dir='ltr'>nisi</span> <span class='ocrx_word' id='word_1_306' title='bbox 1009 3589 1078 3654; x_wconf 87' lang='lat' dir='ltr'>pen·</span> 
     </span>
    </p>
   </div>
   <div class='ocr_carea' id='block_1_6' title="bbox 200 3749 469 3835">
    <p class='ocr_par' dir='ltr' id='par_1_7' title="bbox 200 3749 469 3835">
     <span class='ocr_line' id='line_1_41' title="bbox 200 3749 469 3835; baseline 0.004 -22"><span class='ocrx_word' id='word_1_307' title='bbox 200 3752 233 3835; x_wconf 74' lang='lat' dir='ltr'>‘J</span> <span class='ocrx_word' id='word_1_308' title='bbox 253 3749 356 3815; x_wconf 76' lang='lat' dir='ltr'>abrae.</span> <span class='ocrx_word' id='word_1_309' title='bbox 376 3753 403 3820; x_wconf 80' lang='lat' dir='ltr'>b·</span> <span class='ocrx_word' id='word_1_310' title='bbox 423 3753 469 3816; x_wconf 84' lang='lat' dir='ltr'>tu.</span> 
     </span>
    </p>
   </div>
   <div class='ocr_carea' id='block_1_7' title="bbox 0 0 1200 4170">
    <p class='ocr_par' dir='ltr' id='par_1_8' title="bbox 0 0 1200 4170">
     <span class='ocr_line' id='line_1_42' title="bbox 0 0 1200 4170; baseline 0 0"><span class='ocrx_word' id='word_1_311' title='bbox 0 0 1200 4170; x_wconf 95' lang='lat' dir='ltr'> </span> 
     </span>
    </p>
   </div>
  </div>
 </body>
</html>
