2392 4170
137 222 181 295 ω
274 254 284 273 =
369 226 834 304 mmmmmmmm

114 362 313 492 'Aduersus
344 403 532 493 Furiosum
571 405 825 496 llarisisosium
856 406 1061 520 'l’isologa-

137 542 277 606 utrorum
315 540 489 609 Decretum
520 541 604 609 Phili
649 544 660 608 i
687 543 982 629 Melanehthonis¹t
1003 561 1061 629 pro

429 624 572 693 Luthero
623 627 761 712 palagia.

221 781 322 862 Vide,
354 783 526 847 Christiane
558 784 682 866 Lector,
719 805 798 866 quae
829 774 1063 867 theologorum

137 872 277 929 monstra
299 868 397 948 gignit
412 868 560 948 Europa?
583 868 746 950 Superiore
761 889 843 932 anno
856 869 1061 949 Evangeliuu

137 947 307 1019 damnarun
343 949 554 1016 Colonienses.
582 971 620 1013 ae
653 951 862 1015 Louanienses
884 952 1060 1034 Sophistae,

136 1033 497 1115 propositisqnihusdam
520 1034 610 1099 nudis
621 1038 790 1115 sententiis,
813 1056 871 1099 nee
889 1032 1060 1099 rationibus

135 1135 194 1178 nee
214 1115 376 1198 Scriptura
394 1119 592 1183 eoniirmatis.
634 1120 751 1181 Horum
780 1121 932 1183 insaniam
957 1120 1063 1181 visera

135 1219 217 1263 nune
237 1219 303 1262 non
325 1200 461 1263 dissimili
475 1202 631 1283 eruesnplo,¹
652 1203 960 1284 quicunquetandem
979 1208 1061 1281 sunt,

135 1284 188 1363 qui
207 1283 330 1349 Parisiis
352 1285 723 1351 hesternas-damnarunt
746 1293 757 1360 (
764 1286 874 1350 adduci
897 1288 978 1353 enim
996 1305 1060 1349 non

134 1385 277 1447 passum,
301 1368 476 1433 ut.eradam
499 1388 564 1431 rem
586 1370 798 1432 eommunibus
821 1371 915 1433 totius
936 1368 1060 1433 Ordinis

135 1449 310 1532 maologioi.
324 1453 592 1533 spffragiisaetam
615 1451 711 1538 esse).
745 1453 827 1518 Nam
844 1459 1059 1535 praeterquam

135 1533 217 1614 quud
250 1535 313 1601 illio
339 1537 488 1617 paueiura
513 1536 679 1618 reprobata
704 1545 790 1618 sunt,
818 1543 934 1620 quanta
955 1534 1059 1599 durius

134 1616 189 1678 hie
206 1625 237 1680 et
257 1619 410 1693 immitius.
424 1626 570 1683 tractatur
590 1620 764 1683 Lutherus?

216 1702 350 1767 Primum
376 1702 532 1785 adscripta
559 1710 606 1766 est
628 1705 760 1785 epistola
781 1711 925 1783 eruenta,
947 1700 1059 1764 deinde

134 1784 274 1847 adiectae
297 1796 368 1848 sunt
395 1786 611 1855 adnotationes
633 1789 663 1849 in
688 1789 831 1869 singulas:
846 1786 969 1849 Lutheri
988 1805 1060 1847 sen·

133 1869 262 1950 tantiae,
285 1877 323 1931 et.
336 1871 450 1951 impiae
472 1877 504 1935 et
523 1877 660 1952 atroees,
685 1872 833 1953 pleraque
854 1872 944 1933 huius
966 1870 1058 1930 etiam

133 1952 260 2021 sinistre.
290 1949 421 2019 detorta.
445 1960 524 2019 sunt.
574 1954 615 2015 lit
646 1954 696 2016 vel
730 1955 804 2017 hine
832 1956 923 2015 etiam
956 1958 1060 2033 potest

134 2035 249 2118 colligi,
272 2038 323 2116 qui
337 2038 470 2117 spiritus,
494 2056 573 2116 quae
594 2039 796 2119 intemperiae
816 2043 910 2118 agant
937 2035 1059 2098 Deereti

134 2125 268 2198 autores,
291 2119 423 2200 quando.
438 2121 560 2200 spiritus
572 2121 631 2181 Dei
653 2121 725 2182 nihil
748 2142 810 2184 non
834 2121 906 2181 feeit
918 2118 1059 2181 candide.

133 2199 170 2277 In
194 2204 378 2267 universum..
402 2203 557 2269 eiusmodi
584 2204 753 2284 liberent,
777 2205 898 2286 qualem
921 2203 1060 2265 Lutetiae

134 2285 225 2351 soriti
248 2287 546 2366 passenemoiaeile
559 2288 707 2366 erederet,
729 2289 879 2369 siquidem
901 2288 945 2347 ita
966 2286 1059 2367 vulgo

133 2387 314 2449 persuasum
338 2376 393 2445 est,
416 2371 446 2430 in
465 2390 502 2431 ea
528 2370 646 2448 schola,
671 2372 753 2432 velut
777 2373 807 2432 in
822 2390 893 2432 aree
915 2368 1059 2449 quadarn,

133 2471 263 2531 regnare
296 2453 493 2519 Christianae.
513 2454 625 2518 literas.
677 2455 785 2536 Neque
813 2455 918 2535 negari
948 2459 1060 2534 potest,

134 2532 213 2601 inde
228 2535 369 2617 prodisse
398 2537 472 2603 olim
500 2539 700 2618 gravissimos
730 2539 888 2614 homines,
919 2535 1061 2616 adeoque

133 2621 275 2698 prealato
299 2620 404 2687 seculo
418 2620 588 2685 Gereonem
606 2620 702 2697 illum,
724 2621 860 2702 plenum,
878 2625 910 2679 nt
921 2619 1061 2699 adparet,

134 2701 297 2767 Christiani
312 2704 454 2785 spiritus.;
475 2699 559 2777 ἀλλὰ
574 2703 660 2769 κατὰ
668 2703 727 2788 τὴν
742 2706 936 2846 naporplav·
953 2698 1060 2767 notar

132 2781 205 2863 κοτ’
227 2782 316 2870 inan
337 2783 470 2870 ditatione
491 2786 667 2872 Μιλήσιοι.
710 2789 814 2868 Atque
835 2787 894 2866 ili,
926 2787 951 2845 si
979 2804 1061 2847 nune

133 2869 364 2949 reviviscerent,
380 2870 444 2933 hoa
455 2870 581 2947 iudices,
599 2872 772 2952 quicunque
788 2868 1060 2949 eunt,degenerem

133 2955 355 3034 pasteuitatem,
377 2960 477 3034 putas,
505 2955 731 3033 agnoscerent?
766 2951 982 3034 Nequaquam,
1006 2950 1060 3012 sed

134 3035 329 3117 deplorarent
351 3043 414 3099 tum
437 3034 570 3107 Seholae
582 3084 591 3116 ‚
621 3043 684 3098 tum
709 3040 802 3099 totius
836 3033 953 3115 reipub.
977 3033 1060 3095 chri-

134 3120 260 3185 stianae,
274 3126 400 3199 sortem,
422 3121 455 3187 in
477 3139 538 3200 qua
560 3139 616 3198 pro
638 3117 982 3201 theologisflophistas,
1005 3135 1060 3197 pro

133 3200 319 3269 (lhristianis.
329 3202 508 3267 doatosibus
524 3203 761 3267 calumniatores
773 3220 903 3282 regnare
912 3199 1061 3261 viderent

135 3285 410 3365 Agnoscereutque
424 3285 453 3346 id
469 3305 537 3346 esse
548 3293 680 3367 tempus,
701 3286 785 3367 quod
803 3283 883 3365 apud
899 3283 1060 3345 ieremiam

134 3368 266 3428 eeclesia
288 3367 431 3447 deplorat
460 3368 508 3429 his
531 3368 654 3431 verbis:
690 3369 823 3432 Abstulit
846 3386 953 3431 omues
967 3385 1061 3508 Ιῐιιιιῇτ

134 3450 243 3511 nifiens
280 3470 366 3511 mens
399 3451 548 3513 Dominus
578 3451 615 3511 de
638 3453 739 3513 medio
762 3452 842 3521 mei,
866 3455 989 3510 voeaurt
1010 3469 1060 3509 a·

133 3552 257 3594 versum
281 3553 328 3594 me
350 3540 482 3615 ternpus,
505 3541 537 3594 ut
558 3543 731 3597 contereret
753 3536 869 3597 eleetos
892 3551 988 3595 meos.

134 3684 343 3699 η--ι-π-ιν

205 3722 689 3829 υωωωμωψωᾏ
