2392 4170
448 250 529 315 Doet
547 250 627 315 liert
646 249 727 315 Lutb.
992 252 1075 349 385ι

132 427 251 490 tionem·
275 428 457 510 originalem
494 428 655 496 Wittemb.
685 429 832 509 a.1522‚
870 445 950 509 quae
971 425 1059 511 nobis
1165 408 1168 413 ⁶

132 529 173 574 ex
195 511 382 575 bibliotheca
403 511 605 576 Sobeurliane
627 517 752 595 praesto
773 522 849 573 erat.

128 707 294 805 'Gontm
349 707 580 807 Haurioum
646 710 809 830 Regem
866 708 1059 830 Anglias

359 820 575 922 llartinus
604 825 832 922 lutherus.
947 883 950 889 ,
1047 859 1049 891 ÷

513 977 552 1045 li.
574 976 613 1044 D.
634 973 735 1042 XXII.

544 1143 665 1212 iesus.

134 1304 297 1370 Generosa
326 1315 357 1371 et
385 1308 481 1372 nobili
516 1311 581 1372 viro
604 1310 642 1374 D.
673 1309 855 1373 Sebastiano
887 1306 1063 1388 Sebliolr1),

135 1389 246 1453 Comiti
273 1393 305 1454 io
327 1391 455 1470 hesua,
476 1393 611 1456 Domino
637 1394 668 1455 in
689 1393 832 1474 Elbogen
855 1401 924 1467 eta,
952 1410 1009 1453 suo
1030 1392 1061 1452 iu

135 1473 256 1536 Christo
278 1475 399 1554 Maiori,
421 1476 568 1538 Martinus
596 1477 710 1539 Lutber
734 1476 940 1538 Bouianiastee
973 1475 1063 1536 Vuit·

346 1625 352 1636 ,
486 1558 718 1643 tembergeneie.

219 1723 327 1786 Gratia
349 1731 379 1786 et
412 1745 476 1806 pax
504 1727 535 1787 io
558 1725 690 1790 Christo.
733 1726 853 1789 Tertius
875 1733 906 1788 ei
928 1723 1064 1806 amplius

135 1825 233 1868 annus
254 1809 356 1890 agitur
375 1807 550 1892 (Generosa
571 1807 715 1893 (lomes),
743 1808 825 1890 quod
851 1810 982 1871 furiosus
1006 1807 1063 1868 Pa·

136 1891 283 1970 pistarum
304 1891 437 1974 populus
461 1912 510 1954 me
532 1891 690 1955 insimulat
710 1892 802 1974 fugae
830 1892 869 1954 ad
894 1892 1065 1966 Boemiam‚

136 1973 230 2118 idgue
249 1976 355 2038 mirum
377 1977 408 2037 in
430 1974 555 2038 modum
577 1976 641 2039 sitit
657 1974 771 2056 audire,
793 1972 1065 2036 soiiroethomiuea

135 2057 218 2135 batt,
239 2058 297 2120 heo
318 2059 387 2121 sola
406 2059 488 2121 ieme
510 2059 733 2142 triumphaturi,
765 2059 923 2139 gloriaturi
947 2066 978 2119 et
1000 2056 1065 2117 ele·

137 2143 261 2202 maturi:
283 2141 430 2223 vibimus,
454 2143 627 2206 haeretioua
649 2143 725 2225 iugit
745 2143 784 2203 ed
805 2142 988 2205 haeretioos.
1011 2139 1066 2203 Sie

136 2225 218 2284 enim
248 2241 357 2286 veoors
388 2224 440 2286 illa
467 2235 499 2289 et
520 2227 733 2289 indoctissima
754 2225 899 2307 Papistioi
923 2224 1065 2306 eorporis

139 2304 243 2384 belua,
278 2314 442 2388 postquam
472 2309 556 2371 videt
583 2328 653 2372 sese
686 2309 858 2373 eruditione
885 2317 916 2372 et
938 2309 1068 2370 veritate

139 2390 252 2451 vietam
276 2407 335 2450 neo
355 2408 449 2471 posse
464 2397 546 2453 stare
567 2398 664 2455 totam
679 2392 844 2454 colluviem
861 2411 986 2454 suorum
1009 2392 1067 2452 aei-

139 2491 249 2535 norum
271 2471 418 2535 adversus
431 2493 524 2536 unum
534 2473 707 2553 Luthernm,
730 2483 887 2556 torquetur
909 2483 939 2535 et
962 2476 1068 2552 uritur,

140 2557 263 2618 uuionm
293 2556 354 2619 hoe
384 2576 433 2618 ree
457 2557 603 2623 ireouluor
633 2558 807 2640 suspirans,
840 2565 872 2619 ut
900 2558 1015 2638 fugiam
1036 2558 1067 2618 iu

140 2640 316 2721 Boemiam,
346 2648 379 2703 ut
402 2577 511 2702 saltam
533 2640 700 2724 opprobrio
723 2641 814 2703 alieni
844 2638 976 2702 nominis
999 2659 1069 2701 sese

141 2723 280 2786 solentur
309 2731 340 2786 et
373 2723 523 2786 terribiles
553 2725 654 2787 Emim
676 2744 746 2786 sese
768 2723 896 2806 fingant,
919 2723 971 2804 qui
993 2741 1068 2805 prae

141 2827 197 2869 sua
216 2809 339 2879 ¹inseitia
361 2815 392 2869 et
412 2808 494 2870 mela
510 2809 701 2871 ooneoientie
722 2807 828 2869 nullibi
848 2806 965 2869 audent
986 2823 1068 2867 eom-

165 2909 261 2957 arere.
1058 2919 1062 2931 ¹

141 2910 162 2972 p
226 2974 364 3057 Apparui
396 2993 457 3056 ego
494 2977 556 3036 iam
588 2976 678 3039 tertio
712 2993 815 3037 eoram
844 2974 904 3053 eis,
938 2970 1071 3058 deniqne

124 3058 359 3120 -Vuormaoiam
384 3059 542 3141 ingressus
557 3078 634 3137 sum,
656 3059 748 3121 etiam
771 3077 840 3119 oum
863 3059 972 3120 eoirem
998 3054 1071 3116 mibi

141 3141 289 3204 violatam
312 3160 383 3204 ease
403 3162 422 3204 a
444 3141 577 3205 Caesare
603 3140 695 3204 iidem
719 3141 885 3224 publicam,
915 3139 1005 3223 (uam
1029 3139 1072 3199 di·

142 3225 283 3286 dieerunt
304 3225 460 3308 Prineipee
473 3225 668 3303 Germaniae,
691 3224 764 3287 olim
788 3224 827 3286 de
848 3223 910 3285 lide
928 3221 1071 3285 laudatia-

143 3308 241 3370 simae
262 3309 374 3389 gentis,
395 3328 478 3371 nuno
498 3311 530 3371 in
553 3308 733 3389 obsequium
757 3307 832 3379 idoli
846 3307 976 3369 Romani
999 3305 1073 3367 nibil

144 3392 253 3474 magio,
275 3409 367 3472 quam
389 3391 481 3454 fldem
503 3399 712 3471 santernum,
733 3393 957 3472 inperpetuum
975 3390 1073 3451 natio·

143 3477 192 3538 nis
205 3474 437 3557 ignominiam).
481 3474 635 3538 Sioeusua
657 3482 704 3536 est
717 3474 862 3556 fugitivae
884 3473 938 3535 ille
960 3478 991 3533 et
1013 3490 1073 3533 me·

143 3558 292 3622 tieulosue
315 3557 464 3620 Lutberua
483 3559 515 3620 in
537 3578 645 3640 gyrum
678 3556 813 3620 dentium
836 3555 1007 3618 Bebemotb
1031 3557 1073 3615 in·

144 3642 235 3706 sitire.
279 3643 321 3704 nt
348 3640 392 3702 illi
427 3642 576 3704 tremendi
605 3640 754 3724 Gigantes
777 3639 870 3721 quid?
912 3639 992 3702 'Poto
1015 3635 1076 3700 boo

200 3806 233 3878 1)
253 3805 285 3864 In
303 3804 348 3864 ed.
366 3805 452 3878 orig:
471 3803 577 3865 subilli.

175 3907 268 3953 nuum
282 3919 332 3962 eun.
349 3909 373 3954 V.
387 3911 415 3953 Δ.
429 3909 460 3953 erl
487 3911 531 3959 rai.
549 3911 602 3958 bist.
621 3913 639 3957 l.
658 3923 682 3967 o.
700 3911 754 3958 iol.
768 3909 809 3957 Ἧ-
957 3876 1010 3941 Ἃ)
