2392 4170
383 257 526 315 Ambrosii
546 258 658 318 Gathar.
677 272 702 316 a.
720 258 800 320 ibit.
997 259 1059 325 319

133 411 210 473 lium
232 419 396 474 vastantet
417 415 557 495 perdunt,
580 415 804 476 nominetenus
827 423 857 475 et
869 415 956 477 titulo
968 423 1057 476 tenus

132 497 310 558 retinentes.
366 496 450 558 Hsec
484 499 588 559 omnia
615 515 717 559 nonus
747 499 874 580 impleta
907 499 1058 579 videmus,

133 577 209 640 dum
231 582 391 640 consectis
413 596 542 660 opernm
569 587 599 640 et
619 581 818 662 religionum,
847 585 991 643 extremis
1015 581 1058 642 tb-

132 663 190 722 riis
209 661 331 723 sibimet
352 662 568 724 dissident-ibus
591 674 621 724 et
642 664 858 745 pugnantibus,
881 673 978 725 scatet
1000 663 1059 726 Ro·

134 763 228 807 mana
250 745 384 806 eeclesia
404 764 460 826 per
487 745 609 821 orbem,
637 749 789 808 exstincta
815 767 870 828 per
891 747 946 813 has
969 749 1060 809 unica

133 827 199 911 illa,
221 846 300 908 qnae
323 831 561 892 communisset
584 829 653 890 fidei
676 837 707 891 et
728 831 863 892 caritatis
886 829 955 890 vie?
978 829 1059 906 Quid

134 912 218 972 euim
248 911 392 972 simulant
415 912 461 972 his
483 915 590 990 sectis,
624 913 681 973 nisi
704 932 856 974 summam
892 910 1059 994 pietatem?

133 993 247 1055 Nonne
274 994 329 1055 bas
352 998 418 1056 vias
446 997 595 1055 iactemua
628 995 666 1055 ad
690 995 835 1056 coelum?
870 993 981 1060 Nonne
1010 996 1061 1057 hio

134 1096 198 1140 non
221 1077 320 1158 gloria
342 1077 429 1158 fidei,
457 1078 511 1138 sed
536 1095 663 1158 operum
692 1080 808 1140 meritis
830 1081 882 1140 niti
905 1079 1062 1159 docemur,

135 1159 216 1222 adeo
238 1167 272 1221 ut
288 1162 385 1221 'etiam
407 1161 540 1222 vendere
563 1162 671 1221 merita
685 1163 750 1222 aliis
773 1163 997 1243 inceperimus?
1020 1164 1060 1223 At

134 1259 240 1304 nonne
252 1242 328 1304 fides
337 1251 368 1304 et
383 1243 583 1324 Evangeliurn
607 1245 742 1324 perditur
754 1255 784 1306 et
807 1243 966 1310 vastaturi
988 1243 1059 1308 Non

136 1344 212 1406 ergo
234 1325 273 1386 de
293 1327 454 1388 haereticis
477 1328 554 1387 haec
576 1327 771 1409 intelligenda
795 1327 921 1407 anull),
943 1329 997 1389 sed
1022 1328 1060 1388 de

137 1410 303 1490 episcopis,
325 1409 514 1490 pastoribus,
536 1409 759 1490 religiosisque,
780 1410 896 1472 infinita
909 1419 1061 1472 sectarum

135 1499 169 1554 et
189 1508 318 1583 opegum
341 1495 501 1572 verietate,
523 1511 556 1553 se
577 1493 663 1573 ipsos
679 1513 746 1554 oum
770 1494 893 1575 populis
915 1495 992 1556 falsa
1006 1513 1061 1575 spe

134 1583 167 1636 et
188 1576 292 1656 speeie
313 1575 522 1656 perdentibus,
544 1575 614 1635 dnm
638 1575 710 1638 nihil
733 1579 832 1637 minus
855 1594 945 1657 qnam
969 1575 1060 1638 iidem

136 1659 265 1735 docent,
291 1660 354 1719 suis
379 1659 535 1740 opusculis
556 1660 768 1741 inhaerentes,
792 1662 876 1722 caeci
898 1676 1060 1722 coecorum

138 1742 244 1804 deses.

200 1823 279 1900 Quid
295 1831 396 1885 autern
408 1824 489 1904 quod
503 1825 588 1885 dicit:
602 1825 800 1904 Abnegontes
812 1822 988 1901 Dominum,
1000 1844 1064 1905 uon

135 1908 324 1986 simpliciter,
346 1907 400 1968 sed
425 1909 476 1987 qui
494 1927 547 1968 eos
561 1914 712 1969 mercatus
735 1908 803 1968 est?
826 1908 951 1989 Absque
969 1908 1062 1971 dnbio
1105 1977 1108 1990 ι

136 1991 290 2052 Obristnm
313 1990 463 2071 praedicit
484 1991 522 2052 ab
552 1992 611 2051 illis
643 1990 817 2072 negandum
849 1992 880 2052 in
903 2011 935 2052 re
957 1991 1064 2052 iustiti·

136 2075 278 2136 cationis.
321 2073 390 2135 Non
413 2073 496 2154 quod
518 2075 619 2155 palam
643 2091 712 2135 eum
727 2081 849 2154 negent,
872 2075 986 2156 alioqui
1000 2092 1061 2137 nou
1128 2096 1133 2104 ·

137 2163 244 2218 essent
265 2157 334 2217 iolsi
356 2156 515 2236 doctores,
545 2176 602 2217 nec
625 2159 711 2218 iuxta
732 2159 1061 2220 ventatis'doctrinam

139 2250 240 2302 sectas
263 2239 442 2320 perditionis
464 2240 709 2318 introducentes,
737 2242 790 2301 sed
819 2245 946 2303 servatis
970 2240 1062 2302 titulis

139 2333 170 2384 et-
191 2323 366 2383 nominibns
389 2342 537 2404 persnas
560 2331 674 2398 sectas,
706 2341 767 2385 non
792 2324 959 2404 perfidem
981 2325 1062 2386 illins

140 2407 216 2467 salvi
238 2406 302 2467 fleri
324 2406 441 2467 volunt.
484 2406 551 2467 Hoc
573 2407 652 2467 enim
665 2405 802 2466 Christus
823 2407 904 2488 fecit,
927 2425 982 2468 suo
1005 2426 1062 2470 nos

140 2491 302 2570 sanguine
313 2497 482 2569 mercatus,
515 2499 549 2551 ut
580 2510 635 2570 per
661 2489 751 2549 fidem
780 2491 809 2548 in
832 2492 900 2571 ipso
923 2491 1063 2552 instifice-

142 2592 217 2637 mur.
262 2573 329 2634 Hoc
351 2581 451 2633 autem
473 2573 547 2634 facit
567 2573 685 2633 infinita
705 2573 903 2654 religionum,
926 2592 1063 2654 operum,

140 2664 293 2718 sectorum
317 2657 463 2728 varietas,
493 2664 525 2716 ut
547 2658 658 2718 nostris
680 2656 787 2717 studiis
810 2656 876 2717 Deo
899 2658 1064 2718 satisfacia-

141 2759 219 2817 mne,
242 2747 273 2800 ot
293 2757 420 2819 regnum
433 2739 489 2799 Dei
512 2757 690 2801 mercemur.
735 2739 818 2815 Quas
840 2747 939 2800 sectos
958 2758 1064 2803 omnes

140 2842 224 2905 papa
245 2823 308 2882 suis
330 2822 630 2899 confirmationibus,
663 2832 695 2882 ut
716 2833 841 2884 sanetus
863 2824 1002 2902 ordines,
1035 2828 1065 2884 et

143 2907 291 2969 salutares
314 2907 436 2966 vivendi
457 2908 608 2984 rationes,
637 2908 796 2986 speciosos
819 2913 849 2966 et
871 2907 1065 2969 nocentiores

143 2991 270 3064 facitu,
305 2987 376 3048 dum
411 3009 466 3069 per
496 2991 595 3068 ipsum
625 2988 737 3049 fidncia
763 2990 881 3050 illarum
913 2991 1063 3053 statuitur.

142 3073 258 3133 Rursus
280 3070 318 3132 ab
341 3071 399 3131 illis
422 3071 539 3132 dilectis
562 3071 630 3133 liliis
656 3074 723 3152 ipse
745 3075 954 3134 sanctissimus
976 3073 1067 3134 Pater

141 3158 172 3216 in
196 3154 357 3236 tyrannide
389 3174 446 3215 sua
471 3155 629 3216 felicisirne
661 3155 837 3235 roboratur,
870 3165 900 3218 et
929 3164 1065 3217 mutuum

141 3239 215 3299 muli
238 3237 377 3301 scabunt.
426 3237 477 3299 Sic
509 3238 580 3299 dnm
613 3239 714 3299 verbis
744 3237 942 3319 confitentur,
974 3241 1065 3300 iactis

217 3548 249 3633 i)
269 3547 306 3632 ln.
322 3547 365 3603 ed.
384 3549 456 3616 orig.
467 3547 568 3601 desunt
583 3548 682 3607 verbo:
701 3550 769 3605 baec
787 3549 968 3620 intelligenda
988 3555 1067 3618 eunti

143 3625 269 3818 ἓξὲξ,
279 3619 630 3817 liefrlsstfflulilu
639 3620 1067 3764 ²3..1.¹¹.ri..iuu¹:i.nun

143 3776 180 3817 un
214 3779 232 3816 n
256 3776 320 3819 oreo
349 3779 412 3818 scr.
