2392 4170
402 256 486 319 ursa
503 253 668 336 pumat>
688 252 722 317 ll
741 253 772 313 L
991 247 1054 320 123

131 446 296 518 parumper
315 434 496 499 insultemus
518 434 668 516 portentis
686 438 718 497 at
738 432 830 497 idolis
849 430 915 494 istis
937 427 1052 549 mundi,

131 520 234 602 Papae
256 527 287 582 et
307 522 370 583 suis
392 519 612 587 sacerdotibus

216 605 322 682 Agite,
346 624 401 665 vos
424 606 537 686 egregii
565 602 760 681 sacerdotes
783 601 942 682 producite
965 550 1053 662 uobis

131 698 225 748 unum
247 690 312 749 iota
344 694 397 749 sut
423 691 542 768 apicem
570 708 610 749 ex
639 688 789 748 universis
818 684 996 762 Evangeliis
1023 686 1055 744 ct

132 770 282 852 Epistolis
305 773 527 853 apostolorum,
551 790 606 833 vos
629 777 764 832 essesut
785 769 845 831 dici
869 768 982 830 debere
1005 787 1054 830 sa·

134 856 275 916 cerdotes
303 874 376 935 prae
397 857 532 928 ceteris,
566 861 618 916 sut
652 854 790 916 ordinem
823 859 957 914 vestrum
985 870 1055 913 esse

133 937 337 1000 sacerdotium
361 938 512 1000 diversum
536 958 555 998 a
577 940 729 999 communi
745 938 984 1000 Christianorum
1008 955 1055 999 sa·

133 1023 281 1084 cardolio.
326 1021 406 1098 Quin
430 1023 622 1098 producitis?
656 1022 826 1094 Auditisne,
848 1021 958 1081 surdae
980 1021 1055 1081 ima·

133 1105 244 1185 gines?
287 1105 334 1167 lte
355 1106 393 1166 ad
416 1107 603 1168 Parisienses
628 1124 763 1183 quaeso,
793 1107 843 1184 qui
872 1124 928 1185 pro
958 1104 1058 1184 Scrip-

134 1194 221 1251 turtsc
243 1191 427 1250 testimoniis
451 1196 566 1270 ponent
588 1208 675 1252 suum
691 1188 867 1270 magistrale
889 1189 1056 1248 sentimen-

133 1277 219 1334 tum:
242 1273 327 1334 Haec
349 1273 523 1349 Propositio
547 1279 593 1334 est
606 1273 770 1343 haeretica,
788 1280 818 1332 et
840 1271 938 1333 ordiui
956 1290 1056 1332 sacer·

134 1357 231 1418 dotali
254 1358 489 1435 contumeliosa,
512 1364 575 1417 turn
597 1357 658 1417 hoc
676 1358 891 1417 sentimentum
915 1361 981 1415 esto
1004 1373 1057 1416 vo·

133 1439 180 1502 aa
204 1441 385 1519 principium
408 1440 489 1501 lidei.
531 1439 622 1502 Unde
645 1459 719 1517 ergo
742 1439 890 1500 habemus
913 1456 971 1497 ros
991 1437 1059 1499 ido·
1133 1460 1136 1464 ⁸

132 1522 232 1586 l'orurn
256 1523 457 1584 sacerdotes?
501 1525 561 1585 Gur
589 1543 702 1584 nomen
743 1542 906 1584 commune
934 1521 1059 1591 aufertis

133 1607 234 1678 uoltis,
256 1613 287 1668 et
308 1606 396 1668 vobis
418 1606 592 1686 arrogatis?
626 1608 737 1668 Nonne
764 1605 905 1686 sacrilegi
933 1605 1006 1664 estis
1029 1610 1060 1665 st
1088 1605 1090 1609 ’

128 1690 307 1769 blasphemi
330 1691 360 1750 in
384 1692 558 1751 universam
580 1691 637 1752 Dei
660 1690 821 1751 ecclesiam
831 1689 912 1767 ,qui
933 1688 1058 1748 nomina

134 1779 241 1835 sancto
265 1776 296 1835 et
317 1776 472 1835 communi
495 1774 646 1834 violenter
676 1775 744 1834 aliis
766 1738 870 1835 abla'to
899 1771 1058 1832 abutimini

133 1870 195 1918 nou
225 1857 334 1917 nisiad
357 1858 549 1938 tyrannidem
579 1865 610 1918 et
630 1876 777 1937 pompam
807 1855 955 1917 avaritias
973 1861 1003 1915 et
1024 1854 1058 1914 li·

134 1939 248 2000 ltidinis
269 1941 414 2000 vestrae?
462 1942 571 2001 lterum
595 1941 680 2008 dico
708 1940 794 2001 idola
827 1937 947 2013 mundi,
976 1936 1059 1998 unds

133 2036 190 2084 ros
212 2022 360 2084 habemus
383 2025 560 2085 sacerdotes
569 2025 583 2084 ‘l
612 2025 745 2103 proferte
771 1984 977 2084 testimonidm
1001 2039 1058 2100 pro

136 2105 242 2182 vobis,
265 2125 321 2169 vos
344 2126 439 2168 onera
467 2108 673 2169 intolerabilia
701 2107 783 2169 orbis
805 2112 963 2169 terrarum
1006 2103 1058 2164 Se
1095 2132 1099 2139 ·

135 2189 277 2251 cerdot'es
301 2209 361 2250 non
387 2192 475 2267 estis,
499 2200 529 2252 et
550 2191 729 2252 sacerdotes
763 2209 819 2251 vos
844 2190 928 2268 ipsos
951 2186 1058 2265 appel·

133 2270 213 2336 latis.
244 2272 371 2353 Videtis,
395 2239 475 2353 quid
490 2275 669 2336 mereamini
683 2275 819 2357 insigues
840 2292 897 2335 vos
919 2277 1058 2355 raptores

134 2363 165 2417 et
185 2356 386 2437 hypocritae?

217 2438 277 2499 Sed
300 2439 458 2519 hicprodit
479 2442 552 2501 mihi
565 2442 716 2503 memoris
732 2443 938 2503 venerabilem
960 2460 1059 2505 sacer·

135 2523 238 2582 dotem
262 2522 436 2605 Dominil),
460 2523 489 2584 id
510 2531 565 2600 est,
586 2524 779 2586 sacerdotem
803 2526 887 2599 Baal,
910 2532 957 2586 est
978 2526 1059 2586 enim

133 2605 208 2666 Baal
231 2605 375 2666 hebraice
405 2607 487 2685 quod
515 2607 657 2668 dominus
680 2608 790 2686 latine,
812 2609 863 2687 qui
893 2608 1060 2668 vernacula

134 2695 241 2749 contra
263 2704 313 2750 me
336 2690 471 2769 scripsit,
495 2691 559 2768 vir,
593 2697 626 2752 ut
648 2692 797 2751 asininam
819 2692 884 2751 eius
905 2691 1058 2751 inscitiam

134 2772 257 2848 sileam,
286 2780 347 2833 tarn
371 2773 533 2852 impudens
556 2773 594 2835 ad
618 2773 851 2851 mentiendum,
885 2781 948 2833 tam
982 2774 1060 2834 viru·

134 2855 233 2915 lentus
269 2854 306 2915 ad
343 2855 614 2931 maledicendum,
647 2864 680 2916 nt
709 2858 796 2919 nullo
825 2856 954 2937 operit)
986 2856 1060 2917 milri
1125 2886 1128 2891 ·

131 2938 263 2999 idoneus
285 2938 442 3019 videatur,
472 2958 561 3013 onam
585 2903 619 3000 ul
645 2959 703 3039 pro
725 2940 810 3021 Papa
839 2945 871 3002 et
894 2939 1059 3001 sacerdoti·

133 3016 191 3081 bus
214 3022 279 3081 eius
302 3023 425 3084 scribat
466 3023 524 3084 Hic
544 3024 637 3100 igitur
657 3026 704 3084 vir
725 3043 788 3085 non
811 3043 957 3105 passurus
978 3021 1059 3084 hano
1173 3020 1175 3025 ’

132 3105 398 3166 insultationem
389 3125 420 3166 m
448 3107 655 3168 venerabilem
684 3106 822 3168 ordinem
853 3107 1059 3184 sacerdotum,

133 3186 204 3263 quid
227 3186 319 3266 dicat,
341 3189 445 3249 audite
460 3208 587 3268 quaeso,
604 3191 684 3251 Petri
704 3188 834 3272 (inquit)
851 3190 1058 3252 testimouium

134 3271 171 3330 rie
194 3270 307 3349 duplici
330 3272 505 3334 sacerdotio
527 3271 722 3349 intelligitur,
745 3272 784 3334 de
806 3274 973 3352 spirituali,
997 3290 1059 3353 quo

134 3373 242 3414 omnes
257 3355 419 3416 Christiani
442 3363 512 3417 sunt
533 3357 722 3430 sacerdotes,
746 3356 838 3417 etde
861 3356 982 3428 visibili,
995 3375 1057 3436 quo
1106 3368 1109 3373 ’

134 3444 249 3498 tantum
274 3439 357 3498 uncti
380 3445 411 3498 et
431 3441 490 3500 rasi
503 3487 511 3518 ,
534 3439 564 3500 id
587 3447 654 3515 est,
676 3441 848 3502 consecrati
881 3439 1058 3501 sacerdotes

133 3527 299 3597 uocantum
329 3539 425 3600 quare
447 3523 648 3584 sacerdotalis
675 3525 735 3586 iste
763 3523 839 3585 ordo
866 3541 1007 3584 rasorum
1029 3528 1060 3584 ct

133 3784 205 3849 Ion
197 3718 351 3864 1pppeed
371 3719 442 3791 orig
458 3720 486 3776 iu
504 3721 630 3792 margins
648 3722 766 3794 legitur.
760 3722 889 3781 ·Emser
911 3725 945 3790 2)
965 3721 997 3778 ln
1016 3720 1061 3779 ed,
