2392 4170
450 282 533 342 Doat
552 285 631 342 biart.
649 280 729 341 Lacu.
992 279 1055 348 447

133 461 363 522 Sacramentum
386 461 547 540 pertinere,
570 457 624 519 sed
647 477 733 519 more
755 475 812 518 suo
833 457 989 538 Papistico
1011 458 1057 517 sic
1145 504 1148 509 .

133 544 334 624 cScripturis
361 543 434 603 facit
467 542 670 622 quodcunque
695 543 792 602 visum
815 543 912 604 tuerit.
955 542 1056 621 Impo-

132 629 201 687 sitio
231 646 374 688 manuum
408 634 480 686 tunc
515 634 580 687 erat
606 626 732 687 donatio
768 626 893 685 visibilis
928 624 1055 705 Spiritus
1091 631 1092 634 ’

132 713 240 772 sancti.
582 752 583 755 ,

215 794 255 854 Et
276 791 348 872 quid
371 791 494 852 dicam?
523 811 562 852 ne
586 810 698 852 nomeu
722 790 911 853 Sacramenti
933 790 1055 872 quidam

132 877 305 956 intelligere
327 876 434 952 voluit,
457 874 538 954 quod
562 875 720 935 evidenter
743 873 893 951 ostendit,
922 892 989 933 cum
1014 874 1056 934 lo-

133 979 201 1020 cum
225 961 309 1020 Pauli
340 959 479 1038 Epheb
513 965 624 1018 tractat
651 958 690 1018 de
724 959 932 1036 matrimonio,
966 975 1055 1036 quem

132 1044 244 1103 Paulus
268 1044 307 1104 de
328 1040 451 1105 Christo
480 1050 511 1102 et
533 1040 664 1101 ecclesia
686 1041 774 1122 ponit
795 1041 913 1101 diceus:
949 1040 1057 1102 Sacra-

133 1135 267 1187 mentum
291 1127 350 1187 boc
373 1146 516 1206 magnum
540 1132 602 1204 est,
635 1143 694 1204 ego
723 1143 796 1184 vero
821 1124 889 1184 dico
918 1126 948 1183 iu
971 1124 1056 1184 Obri-

133 1216 180 1270 sto
195 1209 225 1292 ¹)
249 1218 280 1270 et
301 1209 441 1272 ecclesia.
485 1209 592 1287 Neque
610 1210 690 1267 enim
705 1206 860 1287 Scriptura
882 1209 1004 1287 patitur,
1025 1213 1058 1267 ut

99 1305 102 1311 '
133 1294 358 1354 matrimonium
383 1293 614 1352 Sacramentum
638 1290 765 1366 dicatur,
788 1309 856 1350 cum
880 1291 1057 1350 Sacramen·
1128 1288 1131 1296 '

133 1385 204 1457 tum·
218 1395 273 1436 usu
296 1377 388 1436 totius
411 1375 587 1455 scripturae
608 1373 759 1454 significet
779 1392 842 1433 rom
866 1380 1015 1434 secretam
1028 1380 1059 1434 et

132 1459 356 1536 absconditam,
379 1477 472 1536 quam
494 1459 560 1519 sola
583 1457 644 1517 fida
672 1458 820 1535 consequi
843 1458 952 1537 possis.
996 1457 1057 1517 Ma-

132 1545 307 1603 trimonium
330 1546 431 1601 autem
465 1541 543 1602 adeo
567 1559 628 1600 nou
658 1549 704 1600 est
731 1559 780 1599 res
802 1539 983 1600 abscondita
1006 1546 1059 1600 aut

133 1626 193 1685 tide
216 1635 375 1705 percepta,
399 1631 442 1700 ut,
464 1626 520 1683 nisi
542 1623 643 1705 palam
667 1623 706 1683 ob
730 1622 837 1683 oculos
859 1622 930 1699 fiat,
957 1624 1059 1683 matri·

134 1712 268 1769 monium
293 1727 361 1768 esse
384 1725 446 1767 uou
469 1710 584 1788 possit,
620 1725 688 1765 cum
719 1707 758 1767 sit
779 1707 890 1785 copula
915 1708 1007 1767 maris
1029 1714 1059 1766 et

133 1792 287 1851 foeminae
310 1797 437 1850 externa
469 1798 500 1850 et
522 1790 644 1870 publica
665 1789 857 1868 professione
880 1796 911 1850 et
932 1809 1058 1851 conver-

134 1875 254 1934 satione
278 1874 406 1935 firmata.
450 1872 509 1933 Sed
532 1873 605 1932 uihil
618 1874 735 1951 mirum,
757 1872 932 1932 Thomistas
955 1875 1058 1933 asinos

133 1959 178 2018 aic
206 1958 351 2038 delirare,
386 1957 466 2036 apud
500 1975 577 2035 quos
608 1955 680 2014 nihii
710 1973 810 2033 neque
844 1957 926 2033 sani,
958 1974 1059 2034 neque

133 2044 205 2102 recti
229 2042 311 2102 Deus
334 2060 402 2100 esse
424 2040 529 2101 voluit.
574 2037 754 2118 Quanquam
778 2057 838 2118 ego
856 2038 916 2099 hoc
933 2039 1058 2118 vulgato

133 2127 200 2184 usui
223 2126 302 2205 dedi,
327 2130 359 2184 ut
381 2124 580 2185 Sacramenta
601 2129 723 2198 vocent,
745 2139 825 2199 quae
847 2123 948 2201 potius
971 2124 1060 2202 signa

134 2206 265 2265 visibilia
295 2214 380 2280 sunt,
413 2215 529 2267 tantum
563 2207 672 2286 negavi
705 2207 736 2264 in
770 2205 931 2285 Scripturis
953 2204 1059 2266 Sacra·

136 2296 238 2348 menta
261 2291 373 2351 vocari.
1004 2305 1007 2309 ’

217 2373 342 2431 Summa
365 2390 462 2430 rerum
486 2372 562 2430 haec
585 2378 647 2450 est,
670 2378 752 2431 totus
774 2371 850 2432 liber
871 2372 994 2432 Hebrici
1017 2372 1058 2430 ui·
1113 2380 1116 2386 '

134 2457 204 2515 titur
225 2455 382 2514 hominum
397 2455 505 2513 ¹verbis
529 2461 559 2512 et
583 2473 638 2513 usu
660 2455 851 2532 seculorum,
888 2455 979 2514 nuliis
1001 2455 1058 2514 Dei

134 2537 235 2598 verbis
258 2556 358 2616 neque
381 2556 437 2596 usu
461 2538 593 2616 spiritns,
618 2542 650 2596 ut
672 2538 803 2615 ipsemet
819 2536 907 2596 fateri
929 2538 1058 2618 cogitur.

134 2622 250 2682 Contra
271 2639 390 2680 summa
413 2639 547 2680 mearum
571 2639 669 2679 rerum
693 2626 752 2699 est,
787 2619 881 2680 verba
901 2620 1058 2680 hominum

135 2715 165 2764 et
200 2724 286 2764 usum
310 2704 483 2764 seculorum
527 2712 559 2763 ut
588 2703 711 2763 tolerari
748 2708 784 2761 et·
800 2704 896 2762 teneri
919 2711 1058 2783 possunt,

135 2788 229 2848 sicubi
253 2807 315 2847 non
338 2794 476 2867 puguant
491 2786 655 2866 Scripturis
676 2787 800 2859 sanctis,
823 2791 926 2845 tamen
951 2788 1058 2846 articu-

134 2872 182 2930 los
204 2870 274 2931 fidei
304 2878 335 2930 ct
362 2871 567 2930 necessariam
609 2869 834 2928 observantiam
863 2870 1058 2932 nonfacere.

136 2954 168 3013 Si
190 2955 294 3032 itaque
317 2954 383 3012 Rex
405 2954 563 3029 Henricus,
586 2953 758 3012 coniunctis
781 2952 915 3011 omnium
937 2953 1059 3012 Thouri-

135 3045 259 3114 starum,
282 3034 485 3116 Papistarum,
507 3035 690 3096 daemonum
714 3043 745 3096 et
767 3035 923 3094 homiuum
947 3035 1060 3095 viribus

135 3128 165 3180 ct
177 3121 283 3180 studiis
306 3120 418 3200 poterit
445 3119 608 3180 ostendere
631 3119 833 3178 necessariam
857 3117 1058 3179 humanorum

136 3204 296 3264 verborum
318 3203 554 3279 observantiam,
577 3204 674 3261 victus
698 3209 744 3260 est
766 3201 913 3261 Lutherus
936 3220 992 3262 suo
1015 3202 1059 3280 ip-

135 3289 197 3346 sius
220 3287 333 3346 iudicio
358 3293 388 3345 et
410 3287 624 3364 confessione,
658 3304 727 3343 uam
757 3291 818 3343 turn
843 3284 964 3345 demum
988 3286 1060 3345 arti·

136 3369 221 3429 cuins
243 3369 313 3428 fidei
325 3369 457 3447 habebo,
481 3368 626 3449 quidquid
650 3367 886 3428 velThomistae
907 3370 1059 3448 iusserint,

136 3455 161 3511 si
184 3471 246 3513 non
270 3454 391 3532 poterit,
414 3454 512 3513 victor
525 3451 739 3513 estLutherus.
787 3449 865 3524 Quid
881 3452 960 3511 enim
978 3450 1059 3510 aliud

136 3535 265 3597 volunt?
321 3535 427 3613 Neque
465 3537 544 3596 enirn
587 3537 612 3595 si
648 3532 776 3608 mille²)
813 3534 922 3596 millies
966 3534 1060 3594 libros

211 3798 237 3868 1)
258 3795 377 3853 Ibidem:
397 3795 432 3853 da
454 3795 573 3853 Christe.
609 3797 642 3866 2)
663 3794 781 3852 Ibidem:
801 3796 899 3853 millias
917 3795 999 3853 milla.
