2392 4170
326 218 328 223 ³
445 247 743 324 commiscemur.
991 257 1053 326 471

133 415 251 481 traduci
280 434 342 479 non
371 416 540 498 patiemini.
582 417 645 484 Sed
683 421 786 502 pctim
814 400 968 504 -tonquam
1000 421 1053 489 filii

133 503 223 566 electi
254 509 286 563 et
317 501 455 584 potiolus¹
475 502 730 586 acquisitionis‘)
765 508 902 588 vestigiis
932 508 1053 571 Petrum

133 593 306 649 vestrorum
331 592 362 647 st
383 586 520 648 omnium
538 585 730 666 Sanctorum,
755 591 806 670 qui
821 593 1054 673 utiquersgism

133 671 270 734 vemtctis
292 669 492 751 evangelicae
514 670 593 735 viam
616 674 745 754 ingressi
774 681 862 752 suat,
894 674 1054 738 inhaeren-

118 759 196 836 tes,
218 755 390 816 doctrinam
415 753 543 816 istorum
571 757 872 838 perniciosissimam,
894 758 1053 841 perfidam,

133 838 362 920 blasphemam,
395 837 578 901 diabolicam
601 847 642 921 et,
665 847 697 902 nt
718 840 815 902 semel
836 840 985 919 dicamus,
1006 843 1051 909 in

133 923 287 985 interitum
317 921 488 984 trahentem
521 941 590 985 cum
622 925 684 986 suis
712 924 870 987 sutoribus
889 985 892 990 ,
909 932 1054 1006 tanquam

132 1006 285 1068 internum
296 1002 324 1087 b)
341 1003 503 1082 horreatis,
515 1026 683 1089 eorumque
696 1008 789 1071 libros
808 1015 977 1079 venenatos
990 1027 1053 1073 nou

133 1090 232 1152 solnm
256 1090 315 1172 ipsi
336 1107 399 1150 non
423 1088 547 1171 legatis,
570 1090 705 1154 seduco
728 1091 899 1172 legentibus
928 1092 976 1154 vel
1000 1092 1054 1154 dc-

133 1173 272 1235 centibns
294 1192 383 1237 cures
405 1172 573 1239 admovere
593 1172 712 1256 velitis,
741 1181 794 1236 cut
813 1175 889 1256 ipsis
910 1175 1054 1237 Lnthers·

133 1259 181 1319 nis
203 1256 242 1318 cd
266 1275 320 1318 cor
340 1255 440 1318 redire
462 1259 729 1321 contemnentibus
752 1258 820 1320 Ave
842 1259 990 1322 dixeritis

216 1339 287 1402 Nec.
303 1358 377 1401 vero
398 1358 456 1403 vos
479 1350 615 1422 moveat,
637 1341 719 1423 quod
741 1341 905 1404 Lutheroni
925 1343 987 1423 ipsi
1007 1362 1054 1404 se·

133 1443 204 1486 orae
217 1420 248 1507 θ)
285 1422 460 1503 Scripturas
492 1426 587 1487 verba
617 1425 818 1506 dogmatibus
845 1426 909 1503 suis
939 1427 1052 1507 passim

133 1507 313 1582 admiscent,
334 1506 476 1587 scientes,
499 1509 582 1588 quod
603 1509 665 1572 hoc
687 1511 787 1590 ipsum
810 1528 919 1578 omnes
932 1527 1054 1590 semper

132 1591 280 1653 haeretici
302 1596 496 1670 usurparunt,
518 1611 647 1672 quornm
669 1591 770 1654 nullus
783 1611 916 1673 unquam
939 1611 1052 1654 novum

135 1674 250 1755 dogma
270 1670 465 1736 introducere
486 1676 571 1736 nisus
584 1681 640 1757 est,
663 1676 745 1756 quod
758 1694 821 1737 non
834 1693 942 1739 scurae
953 1673 1054 1755 Scrip-

134 1753 265 1839 tumet)
287 1757 452 1818 autoritate
480 1760 667 1820 constituere
684 1764 866 1823 'concretum
909 1757 951 1820 Ut
973 1759 1054 1819 enim

134 1839 967 2007 t¹¹tt⁶tt¹tttttlltt„tttttgtilliti
981 1839 1056 2004 lid

133 2008 234 2089 prium
256 2007 338 2068 virus
361 2005 542 2069 coelestium
564 2007 728 2072 verborum
760 2005 923 2070 dulcedius
952 2005 1058 2067 linien-

134 2099 180 2152 tes
214 2088 290 2151 illud
317 2088 506 2169 simplicibus
535 2097 567 2153 et
587 2090 713 2153 rudibus
741 2090 850 2152 animis
882 2090 1056 2170 propinant,

136 2181 170 2234 ct
189 2175 233 2234 ita
251 2172 375 2234 demum
398 2192 453 2235 ecs
475 2175 594 2237 facilius
615 2175 787 2237 intoxicare
810 2173 946 2253 possint.-

220 2254 402 2335 Quanquam
425 2258 477 2317 vix
499 2277 673 2338 quenquam
697 2257 776 2320 adeo
793 2255 963 2336 simplicem
988 2274 1058 2317 esse

137 2335 307 2412 credimus,
340 2338 392 2416 qui
414 2340 440 2397 si
462 2339 517 2400 val·
534 2342 689 2420 paululum
713 2341 818 2402 lumen
831 2337 864 2422 e)
888 2339 989 2400 vultus
1010 2337 1056 2413 di-

135 2420 210 2500 vini,
232 2417 316 2500 qnod
338 2437 430 2499 snper
451 2423 713 2487 omnes-homines
729 2425 954 2503 signatumest,
975 2422 1055 2502 aspi-

136 2522 207 2564 cere
227 2502 392 2578 volueriut,
413 2521 476 2565 nun
499 2506 639 2585 protinus
661 2506 834 2586 intelligere
849 2506 963 2586 possit
979 2506 1056 2566 istos

136 2586 288 2648 mendacii
311 2590 342 2646 st
363 2587 475 2647 erroris
503 2589 666 2668 magistros
696 2608 781 2667 esse,
813 2606 879 2650 non
911 2589 1056 2666 veritatis,

134 2688 252 2751 sosque
272 2667 448 2730 huiusmodi
482 2671 635 2732 novitates
669 2677 838 2752 attentare,
874 2690 937 2733 non
974 2669 1056 2750 quod

89 2777 92 2785 ·
134 2754 264 2815 salutem
286 2753 456 2813 animarum
478 2760 646 2835 quaeruut,
679 2773 748 2815 cum
781 2754 839 2834 ipsi
858 2773 938 2815 suas
958 2754 1056 2823 mani·

133 2834 380 2917 senescendum,
413 2835 468 2897 sed
491 2836 593 2916 potius
629 2841 663 2897 ut
683 2836 841 2917 placentia
861 2832 995 2899 dicendo
1025 2842 1057 2897 et

134 2938 171 2980 ee
193 2937 273 2998 quse
293 2920 325 2980 in
347 2924 432 2980 arcta
453 2921 504 2981 via
525 2919 649 2981 Domini
670 2918 846 2981 hominibus
882 2917 1055 2981 cernelibus

135 3008 165 3062 st
186 3000 368 3063 animalibus
386 3001 558 3065 difficiliora
573 3002 757 3076 iudicentur,
778 2999 956 3081 sub-spacio
970 3001 1055 3063 Obri-

133 3086 252 3146 stiunee
272 3084 422 3146 libertatis
444 3086 608 3148 adimendo
641 3085 797 3148 mortiers
824 3083 971 3165 dogmate
999 3102 1057 3149 sna

133 3167 285 3230 eiusmodi
326 3168 498 3231 carnalibus
528 3169 708 3232 hominibus
743 3170 891 3248 (quornm
933 3184 1057 3245 semper

134 3252 231 3312 maior
251 3271 396 3314 numerus
418 3251 550 3335 exstitit)
573 3251 790 3317 ferorabiliore
810 3250 972 3332 magisque
993 3267 1056 3310 cre·

205 3463 239 3533 a)
258 3462 288 3519 S.
306 3463 409 3535 Papae
451 3463 486 3529 b)
506 3465 694 3533 Homericum,
713 3464 768 3520 hcc
795 3468 839 3521 est
866 3461 944 3536 ὁμῶς,
967 3458 1056 3519 ἀΐδαο
1167 3468 1178 3486 ·

132 3531 267 3610 πύλῃσιν.
305 3536 336 3607 c)
356 3537 430 3593 Ecce
448 3535 611 3605 minutato,
632 3537 699 3607 quia
718 3536 795 3605 apud
812 3532 970 3591 Adricnum'
988 3533 1055 3601 nihil

132 3606 208 3665 valet
225 3606 341 3666 verbum
353 3607 415 3664 Dei.
452 3606 486 3678 d)
506 3609 593 3675 Nota,
612 3609 754 3679 Papistce
773 3624 809 3665 ns
826 3603 897 3665 fiant
914 3604 1055 3672 haeretici,

131 3680 349 3825 ἓοιδὲῦἒῗυίρίιωτ
375 3687 425 3738 ant
450 3679 553 3738 uocem
580 3676 745 3753 Scripturas.
799 3679 831 3755 e)
860 3674 1055 3801 Expositicnas
