2392 4170
391 267 427 322 D.
445 265 481 322 id
500 266 580 322 tntu
598 265 782 321 Praeiudinrn.
1013 263 1054 329 79

149 423 181 482 nis
198 420 290 483 verbo
314 421 411 482 homo
438 427 537 482 aerius
559 422 613 501 sit,
642 422 667 480 si
690 421 894 501 baptisaretur
915 420 1053 500 eredens,

148 506 256 566 sulutem
286 525 357 566 sese
389 517 640 581 oonseouturum,
668 504 720 565 ubi
746 503 821 564 nihil
849 523 973 584 prorsus
1001 522 1054 585 po·

149 590 244 648 tataris
266 589 423 665 tributum,
447 589 501 649 sed
514 589 712 648 ministerium
735 588 884 648 duntaxat
902 587 1055 668 baptisan-

148 673 204 731 tium
222 673 394 732 institutum
416 672 470 750 sit3
495 672 539 733 its
561 671 610 731 hio
631 690 700 732 oum
724 670 812 730 dioit:
843 670 1055 750 Quodcunque

150 754 268 835 ligaveris
292 763 351 818 sto.
374 753 467 815 iidem
490 761 641 834 provooat
653 756 849 835 poenitentis,
871 763 903 813 ut
915 753 975 814 hoo
987 773 1055 835 pro-

150 840 281 898 missionis
313 837 409 898 verbo
444 847 544 898 oertus
567 839 620 915 sit,
657 839 682 897 si
715 839 884 898 solveretur
917 838 1055 917 eredens,

150 922 357 981 irresolutum
381 939 415 981 se
436 940 506 980 esse
527 925 558 981 in
581 921 687 999 coeio,
718 920 767 981 ubi
790 921 881 1001 pians
904 921 977 980 nihil
998 939 1055 1002 po·

151 1006 263 1082 mutis,
300 1004 357 1063 sed
387 1004 586 1064 ministerium
618 1006 750 1084 tangitur
776 1004 974 1065 absolventis.
1017 1003 1057 1063 Et

151 1088 205 1146 satis
224 1089 332 1147 mirum
358 1094 421 1165 est,
455 1088 527 1166 quid
550 1088 697 1148 aooiderit
718 1089 818 1147 oaeois
840 1088 898 1147 iliis
923 1097 952 1147 et
975 1107 1057 1147 arro·

151 1169 270 1248 gentibus
299 1170 491 1247 hominibus,
526 1178 559 1230 ut
581 1190 620 1231 ex
647 1172 853 1253 promissione
883 1170 1056 1250 baptismati

152 1271 196 1312 ron
215 1255 305 1314 etiam
327 1254 386 1313 sibi
416 1254 608 1334 tyrannidem
637 1255 823 1334 arrogarim,
858 1264 909 1313 aut
938 1256 964 1312 si
987 1255 1057 1314 hino

152 1353 196 1395 non
206 1342 359 1416 arrogent,
381 1354 435 1396 our
447 1338 477 1397 iu
488 1338 699 1417 poenitentiali
711 1338 916 1418 promissione
929 1338 959 1396 id
970 1355 1056 1417 prae-

152 1423 328 1498 sumpserint,
357 1439 427 1479 oum
452 1419 612 1499 utrobique
634 1421 673 1480 sit
692 1440 749 1500 par
770 1421 986 1497 ministerium,
1016 1421 1057 1479 si-

154 1502 211 1561 nitis
230 1503 411 1583 promissio,
445 1503 553 1563 eadem
582 1505 764 1564 sacramenti
796 1504 886 1584 ratio,
930 1510 962 1563 ut
994 1522 1056 1562 non

154 1586 231 1662 possis
252 1605 378 1665 negare,
401 1587 426 1644 si
449 1586 617 1666 baptismus
639 1605 702 1648 non
725 1588 784 1647 soli
806 1588 897 1646 Petro
921 1586 1057 1663 debetur,

154 1669 224 1728 etism
244 1670 347 1729 elavos
374 1670 469 1749 impia
497 1669 658 1749 tyrannide
686 1671 744 1730 soli
769 1689 871 1750 papse
900 1668 1057 1749 arrogari?

214 1752 258 1812 lta
279 1770 349 1813 oum
371 1751 459 1812 dieit:
482 1753 637 1833 Aoeipite,
659 1754 721 1813 hoo
743 1758 790 1813 est
811 1772 922 1833 eorpus
946 1771 1058 1831 meum,

156 1835 216 1911 quod
236 1854 291 1915 pro
314 1835 403 1896 vobis
426 1835 569 1920 traditur,
601 1836 651 1896 hio
681 1844 728 1896 est
750 1836 832 1896 oaiix
853 1837 1058 1918 insanguine

155 1935 205 1977 neo
224 1926 280 1982 eto.
301 1917 394 1979 fidem
416 1931 566 1998 provooat
588 1920 847 1994 manducantium,
870 1918 972 1978 uthis
993 1936 1057 1977 ver·

156 1997 186 2058 bis
202 2020 252 2081 per
278 2001 370 2062 fidem
405 2000 526 2062 firmate
557 2005 763 2082 oonsoientia,
798 2003 871 2062 oerti
900 2004 961 2062 sint
988 2020 1057 2061 sese

155 2086 341 2145 remissionem
361 2092 560 2166 poeoniorum
581 2086 732 2166 aooipere,
756 2087 781 2144 si
796 2085 1056 2147 manduoaverint.

156 2162 201 2226 iios
218 2169 264 2228 bio
286 2167 401 2248 aliquid
422 2171 583 2249 potestatis
606 2177 706 2244 sonat,
728 2169 782 2229 sed
805 2169 904 2230 solum
923 2171 1056 2229 ministe-

156 2250 219 2310 riun.
258 2250 320 2313 Sed
343 2253 485 2332 baptismi
507 2254 670 2333 promissio
694 2258 848 2331 uteunque
872 2254 920 2312 vel
938 2253 1057 2312 infanti·

156 2329 192 2391 bus
210 2335 393 2414 permansit,
424 2338 512 2416 panis
535 2343 567 2396 st
589 2336 693 2396 eaiiois
715 2338 879 2416 promissio
904 2338 1058 2395 exstinota

157 2415 330 2479 unrsritiso
351 2423 527 2480 servitutem
557 2420 716 2499 migravit,
747 2425 778 2478 et
808 2438 849 2478 ex
877 2417 938 2479 fide
968 2437 1057 2499 opus,

158 2508 378 2562 extestamento
406 2501 588 2565 saorifioium
618 2510 724 2562 notum
753 2509 816 2580 est,
849 2504 1057 2582 poenitentiae

92 2624 97 2665 ,
154 2586 294 2659 promissio
327 2586 403 2646 abiit
432 2588 463 2646 in
496 2586 688 2666 tyrannidem
723 2586 993 2667 violentissimam,
1028 2592 1059 2645 ot

92 2670 95 2707 ἓ
151 2666 289 2747 inperium
313 2668 382 2749 plus
406 2688 498 2748 quam
521 2671 690 2750 temporale
712 2670 916 2730 statuendum.

206 2752 274 2812 Non
297 2751 359 2812 hoo
380 2759 526 2813 oontenta
547 2753 720 2832 Babylonia
743 2761 850 2812 nostra
870 2752 961 2811 fidem
985 2770 1060 2830 quo·

147 2850 193 2911 qus
212 2836 291 2896 adeo
315 2836 480 2918 exstinxit,
503 2845 536 2896 ut
556 2836 726 2916 impudenti
747 2836 849 2896 fronte
877 2855 945 2894 eam
969 2854 1061 2913 negu-

145 2925 182 2975 ret
200 2919 405 2979 neeessariam
434 2938 503 2980 esse
523 2921 553 2978 in
576 2928 770 2980 saoramento
792 2921 868 2998 isto,
900 2922 962 2979 imo
986 2919 1061 2978 anti-

143 2999 274 3060 christioa
294 3003 454 3089 imp'fftnte
477 3002 615 3063 definiret
636 3004 788 3063 haeresim
810 3022 897 3080 esse,
920 3003 945 3061 si
967 3000 1060 3060 fidem

140 3085 340 3146 neeessariam
363 3087 431 3165 quis
445 3105 514 3147 esse
526 3095 687 3147 assereret.
726 3085 806 3160 Quid
818 3087 949 3166 amptius
963 3084 1063 3163 potuit

139 3170 270 3247 tyrannis
293 3169 354 3229 ists
373 3170 485 3248 faeere,
508 3178 538 3230 et
561 3189 623 3231 non
646 3168 739 3230 iooit?
763 3169 842 3228 Vere
853 3187 944 3248 super
966 3166 1063 3226 flumi-

137 3252 221 3329 ns*)
246 3250 415 3332 Babylonis
437 3253 580 3314 sedemus
610 3262 640 3314 et
666 3253 791 3330 flemus,
822 3251 893 3311 dum
921 3250 1062 3310 reeorda-

136 3355 200 3394 mur
226 3337 271 3394 tui
292 3336 388 3414 Zion,
414 3338 445 3396 in
473 3336 616 3397 salioibus
638 3338 669 3396 in
694 3335 794 3394 medio
818 3336 882 3395 eius
906 3333 1063 3414 suspendi·

135 3437 200 3479 urus
223 3438 342 3499 organa
356 3425 470 3484 nostra.
508 3421 672 3481 Maledioat
685 3419 835 3478 Dominus
848 3418 967 3477 steriles
988 3418 1063 3476 istas

133 3502 244 3562 sslioes
268 3502 429 3563 fluminum
450 3505 589 3581 istorum,
613 3505 722 3563 Amen.
763 3501 937 3562 Obliteratis
959 3501 1063 3578 itaque

131 3605 168 3647 ae
197 3586 355 3647 subversis
394 3588 600 3667 promissione
632 3594 667 3648 et
697 3585 759 3646 fids
799 3585 957 3647 videamus
990 3581 1063 3661 quid

188 3772 219 3837 *i
242 3772 316 3826 Psoi.
336 3772 397 3827 134.
