2392 4170
142 270 206 345 MS
449 269 763 335 mmmffls

142 453 308 533 voverunt,
344 450 443 510 Deum
473 467 578 511 eorum
612 453 706 512 errori
741 451 906 512 indulsisse
938 456 970 511 ct
999 460 1065 512 nob

142 540 344 614 acceptasse,
379 551 440 612 quo
463 534 557 595 modo
578 535 638 615 ipsi
672 539 834 600 voverunt.
878 533 1066 595 Damania

141 617 245 697 illique
269 624 315 676 est
337 618 366 677 iu
391 636 428 678 eo
452 619 533 677 vitae
555 637 669 697 genere
691 618 832 698 inveniri,
853 617 936 698 qnod
953 616 1065 678 videas

141 708 249 761 natura
274 720 329 760 sua
351 718 419 759 oum
444 700 552 761 divinis
575 701 726 762 mandatis
752 718 908 782 pugnare,
939 706 973 760 et
999 711 1064 763 uon

141 781 201 845 nisi
224 785 342 844 otiosos
366 783 505 844 homines
529 785 655 864 gignere
670 783 712 861 ¹),
735 787 786 864 qui
809 785 893 844 veiim
914 784 1064 855 locustae,

142 884 268 947 erucae,
303 867 386 926 bruci
408 868 543 926 omnium
574 869 702 929 aliorum
734 866 935 945 substantiam
971 865 1063 927 deiro-

140 955 219 1027 rent,
243 968 307 1026 seu,
330 959 361 1009 ut
384 949 489 1010 Petrus
513 951 571 1011 ait:
598 948 722 1012 Nostris
748 948 925 1012 cantatibus
953 949 992 1010 ad
1022 950 1064 1010 lu-

141 1050 218 1115 xum·
238 1040 369 1113 utuntur,
392 1034 449 1113 ipsi
471 1052 545 1094 vero
568 1035 658 1094 nullis
680 1035 832 1115 serviunt,
853 1033 945 1094 nullis
980 1033 1063 1094 enhi-

139 1113 215 1176 bent
238 1119 404 1196 caritatem,
426 1116 517 1177 riullis
540 1115 745 1194 benefaciunt,
767 1123 807 1197 et,
831 1125 863 1178 ut
885 1116 964 1178 tal-es
992 1117 1063 1193 sint,

139 1209 255 1261 vovent
277 1207 307 1260 et
330 1218 363 1259 se
386 1201 470 1279 ipsos
492 1202 680 1281 astringunt,
723 1208 847 1282 propter
876 1201 974 1260 Deum
1007 1199 1062 1263 bu

140 1281 285 1343 mandata
307 1282 548 1364 pessundant-es,
583 1283 677 1345 verba
700 1282 758 1346 Dei
781 1283 1001 1364 depravantes,
1033 1290 1062 1344 et

139 1364 178 1427 ad
201 1383 256 1426 sua
277 1366 423 1446 figmenta
452 1374 645 1447 torquentes,
678 1377 709 1428 et
742 1367 832 1447 plane
859 1368 967 1427 omnia
998 1384 1061 1447 per·

63 1472 66 1477 ·
139 1453 303 1511 vertentes.
348 1450 449 1530 Atque
473 1457 506 1510 ut
528 1449 608 1511 alind
632 1451 704 1511 nihil
730 1450 879 1511 malou-oar
902 1449 983 1530 apud
1006 1468 1061 1512 eas

139 1533 188 1609 sit,
210 1533 295 1613 ipsae
318 1532 525 1594 exsecrabiles
549 1534 660 1594 Missae
684 1550 799 1610 eorum,
822 1534 931 1613 quibus
952 1534 983 1593 in
1013 1550 1060 1594 aa·

139 1614 252 1676 crificia
271 1624 301 1677 et
323 1635 418 1696 opera
440 1616 523 1680 bona
550 1620 645 1678 versis
673 1617 881 1679 abominanda
907 1619 1060 1698 perversi·

138 1702 202 1760 tate
215 1699 383 1762 retribuunt
405 1700 467 1760 suis
490 1698 737 1763 benefactoribus
754 1700 932 1782 spiritualia,
954 1699 985 1760 id
1004 1710 1059 1780 est,

138 1780 253 1842 iaciunt
286 1802 341 1845 eos
363 1782 458 1844 fldere
484 1785 514 1844 iu
545 1783 706 1845 mendacia
746 1792 777 1845 et
805 1798 908 1844 secum
938 1783 1061 1844 trallunt

137 1866 169 1925 ln
192 1865 373 1947 profundum
398 1869 481 1927 caeci
505 1882 667 1929 caecorum
684 1867 788 1932 duces.
822 1867 898 1943 Hae,
921 1869 1060 1947 inqua-ar,

138 1944 252 2010 Missae
275 1951 349 2010 satis
377 1969 490 2031 magno
525 1952 630 2013 terrori
665 1970 733 2012 esse
768 1950 929 2028 deberent,
967 1959 999 2012 ut
1024 1952 1059 2027 ⁴oi

138 2034 205 2113 quis
227 2033 435 2114 imprudenter
457 2052 562 2095 eorum
587 2055 620 2095 se
644 2036 815 2097 miscuisset
828 2035 921 2111 votis,
944 2040 1059 2095 mutata

137 2119 289 2177 sententia
313 2117 500 2178 consortium
524 2118 717 2199 relinqueret,
740 2125 770 2179 et
792 2117 830 2179 acl
853 2117 1058 2198 simplicitatis

129 2198 329 2277 Christianae
353 2203 514 2280 puritatem
531 2202 653 2280 rediret,
672 2221 741 2263 cum
761 2221 800 2262 ex
816 2202 957 2262 omnibus
974 2220 1057 2282 prae·

138 2282 226 2344 dietis
251 2285 418 2343 certissime
441 2292 576 2366 constet,
603 2304 664 2346 non
695 2304 788 2368 posse
820 2285 885 2346 lleri
917 2286 1000 2365 pium
1029 2291 1060 2345 et

139 2376 258 2448 gratum
282 2368 347 2428 Deo
372 2375 476 2429 votum
498 2371 527 2429 in
551 2368 611 2430 boc
634 2370 715 2430 vitae
737 2388 851 2449 genus,
876 2377 938 2448 aut,
961 2371 986 2428 si
1011 2367 1058 2448 tlt,

139 2455 299 2513 erroneum
325 2459 385 2531 est,
415 2452 496 2532 quod
518 2453 579 2513 alis
607 2454 774 2533 praesumit
806 2470 897 2532 qnam
931 2453 1058 2534 invenlt,

138 2534 209 2596 ideo
232 2538 439 2596 necessarium
463 2537 510 2612 sit,
533 2541 586 2596 aut
607 2538 732 2617 impium
752 2543 806 2597 aut
826 2536 936 2597 falsum
952 2541 1057 2597 votum

138 2621 243 2680 voveri
267 2622 302 2679 in'
321 2620 523 2697 monasteriis,
547 2637 674 2699 quorum
699 2629 839 2680 neutrum
864 2627 948 2680 tenet
975 2618 1057 2700 apud

139 2701 248 2780 Deum.
293 2702 394 2778 Quare
413 2701 542 2763 liberum
566 2721 688 2785 semper
710 2709 830 2782 manet,
867 2704 928 2763 imo
952 2720 1058 2763 neces·

138 2787 269 2861 sarium,
297 2793 413 2846 mutere
441 2791 471 2846 et
495 2804 644 2847 revocare
667 2786 726 2847 hoc
748 2792 869 2862 votum,
898 2796 927 2846 et
958 2785 1058 2847 redire

137 2867 176 2930 ad
199 2869 367 2931 libertatem
392 2868 595 2930 Christianam
619 2869 808 2931 etmeudsta
823 2869 937 2933 diviua.
974 2869 1057 2931 Hace

138 2952 176 3014 de
195 2956 304 3033 'quinto
316 2953 348 3038 ²)
373 2953 444 3014 loco
467 2951 646 3032 dictasint,
668 2971 833 3035 pergemus
854 2950 894 3014 aul
917 2953 987 3018 alie.

137 3124 140 3144 ··
210 3109 309 3191 Vl.³)
334 3070 540 3170 Adversari
564 3109 705 3170 rationi
730 3109 983 3175 monasticen.

220 3226 355 3309 Sext-0⁴)
391 3247 604 3308 comparemus
647 3227 816 3288 institutum
848 3226 928 3288 istud
963 3228 1056 3289 etiam

136 3312 176 3376 ad
200 3314 348 3374 rationem
371 3311 559 3391 naturalem,
581 3311 642 3372 hoc
665 3317 725 3390 est,
749 3310 788 3371 ad
817 3330 952 3371 crassum
981 3308 1055 3372 illud

135 3395 281 3469 lanient)
307 3402 442 3474 naturae,
465 3396 687 3475 quaetemetsi
712 3396 809 3455 lucem
833 3404 863 3454 et
886 3412 981 3474 opera
997 3390 1054 3454 Dei

135 3497 198 3540 non
222 3480 351 3558 attingat
373 3497 430 3561 per
451 3496 531 3555 sese,
553 3478 595 3538 ita
617 3483 650 3538 ut
678 3478 707 3537 in
737 3476 925 3538 affirmativis
955 3475 1054 3558 (quod

135 3554 238 3639 aibat)
266 3560 358 3623 fallax
380 3563 418 3622 sit
441 3563 505 3623 eins
527 3560 687 3642 iudicium,
717 3562 748 3621 in
770 3563 921 3643 negativis
952 3567 1053 3622 tamen

315 3689 382 3697 -..-
432 3690 555 3697 ,--...

135 3688 1053 3855 *bffimwwmammpm

130 3801 166 3879 3)
187 3799 272 3861 lbld.:
290 3798 328 3860 V.
364 3798 398 3871 tl
416 3796 506 3856 lbra:
522 3796 633 3866 Quinto.
668 3798 701 3869 5]
723 3796 805 3857 bia:
824 3798 894 3856 illud
913 3804 942 3858 ot
964 3814 1053 3858 amen.
