2392 4170
133 235 197 303 444
426 242 586 300 Oontctctio
602 243 774 300 Lntbcrtsnc

134 395 276 457 tondendi
310 397 411 459 studio
441 399 609 479 scripsisse.
664 399 733 460 Hoc
769 405 818 461 cst
849 399 936 460 cuim·
962 401 1057 461 nimis

134 498 236 541 cresse
258 481 449 561 sophisticsri
480 488 512 544 et
531 489 649 544 tentore
670 483 795 563 ingenis
821 491 853 544 ct
872 483 988 544 indicis
1007 502 1055 546 or·

133 562 190 624 bis.
234 564 302 645 Ego
324 585 461 627 meorum
492 565 566 626 nihil
597 566 668 627 volo
700 585 792 645 posse
825 567 870 626 sic
890 566 969 642 dici,
998 567 1055 629 ted

136 664 339 727 quaecunque
359 668 420 710 non
444 648 557 710 debent
578 651 624 710 sic
645 648 716 725 dici,
738 668 777 709 es
799 649 921 709 valeant
941 656 973 710 ct
994 650 1055 711 sict

135 728 366 810 disputationes.
411 732 538 793 Etiamsi
559 733 589 792 id
603 731 904 807 efficeretLotomus‚
927 740 964 793 ut.
982 747 1053 794 suso

135 831 196 874 nou
220 822 375 894 urgerent,
405 821 507 876 temen
538 814 599 876 boc
621 835 682 877 non
705 815 817 875 sufficit
837 815 966 876 rationis
985 815 1052 876 rod-

134 895 282 957 ditoribus
305 906 336 958 et
357 896 597 977 damnatoribus,
619 901 670 978 qui
693 917 762 960 mee
776 905 968 977 exusserunt,
991 905 1054 959 tsn-

135 997 227 1057 qusm
250 999 311 1041 non
335 981 434 1042 colum
468 1001 529 1043 nou
553 991 698 1062 urgeant,
732 981 787 1044 sed
816 1001 896 1061 quse
926 998 1053 1061 prorsus

135 1060 194 1122 dici
216 1082 278 1123 nou
302 1063 468 1127 debuerint.
513 1063 600 1140 Quae
623 1074 669 1125 est
700 1066 757 1126 ists
780 1065 888 1125 levites
910 1064 959 1124 sel
982 1063 1053 1125 stul·

135 1145 214 1222 titio,
248 1154 280 1207 ul
302 1157 482 1227 argumento
505 1156 649 1228 suscepto
679 1147 717 1208 de
739 1148 860 1209 Christo
884 1146 1052 1209 disserendi

135 1246 209 1289 mox
243 1230 303 1290 elie
338 1232 493 1291 cantilena
520 1237 650 1311 eccepto
690 1231 727 1290 de
756 1231 889 1291 Hectore
915 1229 1052 1292 Troiano

135 1313 262 1372 centes?
354 1362 358 1369 .

216 1396 296 1457 lnter
318 1397 396 1458 bueo
416 1405 448 1459 et
468 1404 626 1478 ergutotur
639 1395 1053 1476 dialecticiscnptiouibns-in

133 1478 306 1554 bulborum,
321 1481 533 1561 velutprorsus
544 1479 670 1560 ἄλογον
680 1479 857 1560 etignorom
867 1479 1054 1555 dialectices,

134 1561 254 1622 dicens:
269 1563 338 1624 Non
354 1566 452 1644 magis
462 1565 612 1644 seqnitur:
636 1564 703 1625 Non
718 1568 766 1623 est
778 1564 886 1640 iustus,
900 1562 1054 1641 quitsm'ct

133 1644 247 1706 bouum
270 1654 300 1706 et
322 1666 382 1707 nou
398 1653 516 1727 peccet,
540 1667 614 1727 ergo
627 1666 689 1707 uno
704 1652 735 1706 ot
756 1645 866 1706 eodem
888 1653 960 1704 cctu
983 1663 1053 1726 pcc

134 1734 194 1804 cot,
217 1747 309 1808 quem
332 1732 483 1810 sequitur:
505 1730 574 1791 Non
597 1730 815 1807 estbomoqoi
832 1728 914 1805 vivit,
938 1734 972 1788 ct
991 1746 1052 1789 non

133 1810 235 1871 videm
256 1817 395 1883 mortem,
418 1833 493 1894 ergo
511 1814 600 1874 simul
621 1815 695 1874 vivit
715 1819 747 1872 et
767 1811 901 1873 moritur.
948 1810 1010 1871 Ant
1029 1811 1053 1870 si

136 1895 203 1972 quis
226 1893 357 1956 diceret:
381 1897 449 1957 Non
473 1902 521 1957 est
542 1897 634 1958 bomo
657 1897 706 1976 qni
722 1894 828 1975 vigilet
848 1902 879 1955 et
900 1912 963 1953 non
987 1893 1053 1954 dor-

136 1976 220 2053 miet,
243 1979 268 2038 si
291 1999 330 2038 ex
352 1979 412 2040 boc
434 1980 508 2040 velis
530 1980 657 2057 inferre,
679 1977 762 2058 quod
784 1977 875 2038 simul
894 1976 1004 2056 vigilet
1024 1984 1054 2036 et

135 2059 275 2124 dormint.
321 2061 464 2123 Similiter
486 2081 546 2122 non
570 2069 617 2123 est
647 2063 739 2122 homo
769 2061 820 2140 qui
842 2059 917 2120 vivit
937 2067 969 2119 ct
991 2076 1052 2120 oon

134 2143 290 2217 comedat,
346 2163 420 2223 ergo
471 2145 717 2223 quandocunque
764 2145 853 2218 vivit,
908 2141 1052 2203 comedit.

133 2224 218 2285 Haeo
237 2225 298 2287 ills.

216 2308 372 2384 Obsecro,
394 2309 432 2370 ds
456 2331 547 2371 unum
572 2310 610 2370 de
631 2313 732 2391 pueris
756 2309 889 2385 Latomi,
918 2309 971 2386 qui
993 2327 1053 2368 une

133 2390 183 2451 die
205 2390 334 2452 audierit
356 2393 561 2465 dialecticum,
596 2401 754 2455 uteorum
777 2411 815 2451 eo
840 2391 1049 2470 praeceptoris

26 2496 28 2500 ’
132 2475 178 2534 sni
201 2474 379 2536 iudustriam
406 2478 590 2537 examinem.
635 2477 692 2536 Dic
714 2494 802 2556 puer:
832 2473 927 2533 Estne
953 2473 1051 2535 omnis

132 2555 185 2616 ills
206 2560 427 2638 consequentia
439 2561 565 2639 optimc,
587 2560 706 2639 quoties
730 2557 769 2617 ed
791 2554 990 2635 impossibile
1005 2574 1048 2616 sc

133 2641 233 2720 quitur
255 2641 428 2721 quodlibet,
461 2651 493 2701 ut
515 2640 629 2702 babent
657 2643 754 2721 prims
777 2635 1051 2721 rudimento-opud

90 2781 93 2785 .
136 2721 354 2784 Aristotelem?
378 2724 517 2805 Exempli
526 2725 640 2805 grstia,
663 2723 742 2786 bene
764 2722 914 2800 sequitur:
930 2721 1003 2781 Tris
1020 2726 1053 2780 sl

133 2805 194 2867 duo
216 2815 288 2867 sunt
307 2814 390 2882 octo,
412 2827 487 2887 ergo
501 2807 641 2868 diabolus
662 2814 709 2867 est
720 2807 813 2880 Deus,
836 2803 1052 2884 perregnlsm:

134 2890 181 2949 Ad
212 2890 401 2969 impossibile
431 2892 566 2970 sequitur
588 2890 755 2969 quodlibet.
800 2886 1050 2966 Quamprimum

133 2973 213 3032 enim
230 2973 416 3033 antecedens
430 2975 518 3034 fuerit
532 2992 646 3048 verum,
670 2989 864 3049 consequens
880 2969 938 3028 erit
960 2969 1049 3030 etiem

133 3074 246 3115 verum.
289 3055 335 3115 lto
366 3075 467 3117 nonne
489 3056 567 3116 bene
598 3059 747 3136 sequitur:
784 3053 852 3113 Noo
883 3057 934 3112 cst.
957 3051 1050 3112 bomo

133 3139 184 3217 qui
206 3138 297 3211 vivit,
322 3147 353 3199 et
373 3158 433 3200 non
457 3140 560 3200 videet
583 3147 727 3212 mortem,
758 3154 833 3215 ergo
866 3133 955 3194 simul
979 3134 1052 3194 vivit

133 3225 164 3281 ct
186 3222 335 3281 moritur?
366 3224 419 3282 Est
441 3224 521 3283 enim
545 3221 729 3283 antecedens
751 3215 958 3298 impossibile,
982 3235 1049 3278 cum

134 3322 225 3363 uerno
248 3305 353 3364 vivens
376 3305 482 3365 videat
503 3314 649 3378 mortem,
671 3304 752 3365 uode
775 3322 814 3361 ex
837 3300 947 3359 eodem
970 3307 1051 3360 sute-

132 3384 262 3447 cedente
284 3389 421 3467 sequitur
435 3391 526 3448 etiem
549 3390 723 3468 oppositum
746 3383 976 3461 consequentis,
998 3383 1052 3442 soi·

132 3469 221 3530 licet:
259 3470 340 3551 Ergo
364 3491 425 3531 nou
450 3471 539 3531 simul
563 3472 636 3530 vivit
659 3479 689 3531 et
710 3469 847 3530 moritur.
890 3465 950 3525 Ite:
985 3465 1051 3526 Non

132 3559 180 3614 est
201 3552 294 3615 bomo
317 3555 367 3632 qui
389 3554 495 3634 vigilet
516 3561 547 3614 et
569 3572 628 3613 non
645 3553 790 3626 dormiat,
815 3568 891 3628 ergo
910 3547 1001 3608 simul
1012 3546 1052 3608 vi·

131 3634 207 3717 gilst
231 3641 263 3696 et
284 3636 415 3712 dormit,
449 3656 553 3697 nonne
586 3643 633 3697 est
656 3636 790 3716 legitime
812 3630 960 3710 sequela?
1004 3629 1053 3691 Se

133 3720 238 3800 quitor.
274 3719 354 3780 cuim
378 3721 469 3781 etism
492 3718 778 3780 contradictorium:
821 3714 904 3794 ltlrgo
935 3732 996 3775 nou
1018 3713 1053 3774 si·
