2392 4170
167 262 230 332 458
459 269 618 325 confutatio
638 269 803 326 Lntheriunu

169 423 267 505 inagis
290 423 412 485 eredarn
435 425 528 507 priori
550 431 583 486 ut
605 426 729 506 gratiori
743 425 959 508 significationi
976 432 1007 486 st
1026 420 1086 486 ior·

170 513 254 568 tussa
275 507 342 569 soli.
379 508 456 570 llam
480 509 567 569 huius
591 506 673 570 verbi
697 511 756 570 vim
781 506 951 571 aemulatus
968 507 1089 570 videtur

167 590 279 651 Paulus
292 593 321 655 2.
331 590 407 653 'llio
426 593 460 654 4:
482 592 566 654 lustu
579 600 761 674 opportune,
773 595 957 675 importune,
981 610 1087 672 argue,

168 673 303 754 increpa,
326 674 463 736 obseoru.
509 668 588 752 Quid
616 677 677 737 hoe
699 684 761 755 est,
794 678 853 737 uisi
881 676 1006 738 verbum
1029 675 1088 736 oei

127 768 236 836 resse
257 758 380 818 assidue
402 759 595 820 traotandunr
616 767 646 820 et
664 761 889 837 inculcandum,
913 756 1087 820 acuendum

167 846 199 901 et
220 841 461 921 expoliendum?
484 862 522 903 ne
546 840 662 903 seilicet
690 845 803 904 intrent
831 843 1010 904 traditiones
1028 841 1087 902 no-

168 924 285 985 minum
326 932 358 984 et
399 925 543 986 hebetent
583 926 707 987 verbnm
745 927 820 999 Dei,
851 927 969 1006 >datque
1011 920 1088 986 illr'trl

168 1006 269 1068 lloole.
295 1010 346 1072 10:
377 1008 408 1069 si
431 1006 540 1070 lerrunr
564 1009 775 1090 rubiginosum
798 1011 903 1088 fuerit,
939 1015 970 1069 et
991 1006 1088 1070 indies

167 1090 232 1151 sius
255 1108 315 1151 non
340 1091 524 1167 deterantur,
548 1092 773 1154 roborabuntur
796 1094 874 1153 vires
897 1099 955 1154 ete.

250 1174 290 1234 iit
307 1173 408 1236 nand.
432 1179 481 1253 32,
505 1175 556 1235 ubi
580 1175 704 1237 dieitur:
738 1176 915 1256 Videasque
937 1173 1088 1256 populum

167 1272 236 1318 esse
258 1256 388 1335 nudum,
420 1259 606 1338 spoliaverat
635 1261 715 1319 enim
739 1278 807 1320 eum
834 1262 936 1320 Aaron
961 1264 1089 1339 propter

168 1341 369 1420 ignominiam
391 1342 506 1418 sordis,
539 1351 569 1402 et
601 1345 679 1403 inter
711 1343 815 1404 hostes
838 1343 951 1403 nudum
975 1341 1089 1402 eonsti-

168 1431 282 1496 tuerat‚
314 1438 375 1485 non
398 1423 599 1504 prohibebor,
630 1427 701 1506 quin
732 1426 861 1487 eandem
891 1444 954 1485 rem
977 1423 1089 1485 melius

167 1507 212 1566 sie
233 1507 381 1570 reseram:
410 1508 449 1568 Et
471 1507 546 1567 vidit
568 1509 670 1569 Moses
693 1511 852 1590 populum,
875 1509 946 1588 quia
968 1508 1090 1569 otiosus

164 1597 266 1666 esset,
295 1592 428 1651 otiosum
452 1593 532 1650 euim
554 1590 667 1652 fenerat
689 1610 760 1652 eum
784 1594 887 1654 Aaron
910 1591 948 1666 ad
970 1597 1090 1668 noum,

167 1673 238 1733 dum
262 1675 410 1734 erexisset
432 1690 510 1738 eum.
556 1674 645 1750 Quod
679 1675 805 1735 verbnm
828 1674 939 1736 Paulus
963 1673 1002 1734 ad
1025 1671 1089 1734 Gu-

168 1753 294 1830 latas*)
319 1754 491 1818 aemulatus
513 1757 600 1820 dicit:
634 1759 784 1818 Evoenuti
820 1760 892 1819 estis
915 1779 933 1819 a
955 1756 1089 1827 Christo,

168 1846 198 1898 st
219 1846 400 1901 evaouaturn
423 1847 471 1900 est
492 1841 672 1902 scandalum
688 1843 798 1918 erneis,
819 1842 849 1901 id
873 1847 930 1915 est,
952 1840 1091 1900 eessevit

167 1922 362 1998 seandalum,
395 1924 455 1983 ianr
488 1941 550 1984 non
583 1923 694 1984 silieex
721 1933 782 2000 est,
817 1942 875 1985 nen
897 1923 1035 1984 Christus
1056 1922 1089 1982 iu

167 2005 255 2065 vobis
279 2018 428 2086 operosus
461 2013 516 2069 est.
559 2006 608 2068 Ita
639 2008 689 2067 hie
712 2009 816 2069 Aaron
849 2024 904 2067 suo
928 2004 1024 2066 vitulo
1047 2005 1089 2064 ie·

168 2096 250 2149 oerst
273 2088 437 2168 populum,
470 2099 502 2149 ut
522 2108 581 2149 nee
602 2108 621 2149 a
644 2091 710 2150 Deo
733 2097 891 2170 ageretur,
924 2107 983 2149 nee
1004 2088 1090 2148 Deus

167 2177 274 2252 ageret
296 2172 324 2230 in
348 2173 427 2251 ipso,
451 2172 504 2232 sed
529 2175 645 2233 otiosus
669 2173 707 2233 ab
729 2172 790 2233 illis
810 2173 918 2232 divinis
942 2170 1089 2252 operibus

168 2261 288 2314 erectus
311 2262 394 2314 esset
415 2254 454 2315 ud
477 2256 605 2335 gloriam
628 2258 771 2336 propriae
789 2257 934 2316 iustitiae.
977 2254 1089 2314 Nonne

168 2337 228 2397 ltoe
249 2335 345 2398 verbo
367 2337 493 2418 pulehre
515 2358 576 2399 non
600 2339 699 2399 solnm
718 2339 886 2399 nuditatem
901 2339 1010 2418 ipsam,
1033 2335 1088 2397 sed

168 2419 291 2499 etquid
315 2421 369 2480 ille
391 2421 429 2480 sit
451 2427 481 2481 et
502 2422 676 2502 portendat,
700 2422 837 2503 eollignl
864 2422 982 2500 Nempe
1005 2419 1088 2501 quod

167 2503 300 2562 futurum
324 2512 399 2578 erat,
422 2505 502 2564 siout
524 2513 554 2565 et
575 2504 638 2564 illie
661 2506 766 2566 Aaron
789 2505 913 2580 fenerat,
936 2501 1020 2581 quod
1043 2520 1088 2562 ea·

168 2585 309 2646 oerdotes
333 2587 480 2667 populum
513 2587 622 2666 alege
644 2587 701 2647 Dei
724 2587 895 2663 traherent,
925 2593 955 2645 et
979 2585 1089 2644 divinis

169 2670 399 2748 operationibus
431 2677 589 2730 vacantem
624 2671 654 2729 in
685 2672 747 2729 suis
781 2671 911 2750 propriis
944 2666 1089 2747 operibus

169 2753 333 2832 erigerent,
356 2756 434 2813 siout
456 2760 487 2812 et
510 2753 620 2813 Paulus
635 2750 689 2835 **)
716 2751 802 2812 dieit:
826 2750 1009 2812 Gireumnidi
1033 2768 1090 2811 vos

169 2836 290 2912 volunt,
320 2842 353 2895 nt
381 2838 410 2894 in
435 2854 528 2897 earne
555 2844 656 2896 restra
678 2836 853 2916 glorientur.
898 2834 986 2894 Hane
1008 2835 1090 2893 enim

169 2918 298 2998 gloriam
328 2919 425 2998 tangit
448 2919 567 2993 Moses,
600 2920 724 2996 quando
755 2918 845 2997 dicit,
872 2917 1019 2997 populum
1052 2916 1090 2975 ab

170 3002 293 3061 Aarone
317 3010 515 3078 evacuatum,
546 3009 698 3062 ettamen
722 3010 856 3061 ereetum
880 3002 909 3059 in
932 3015 1019 3059 susm
1038 3012 1090 3058 no·

168 3090 243 3160 tem,
266 3086 387 3164 etipse
410 3084 481 3144 lrinn
501 3084 646 3144 notabilis
667 3092 764 3162 esset,
795 3085 881 3144 euius
904 3100 999 3162 opera
1021 3082 1091 3142 telis

170 3173 253 3226 esset
278 3167 411 3247 populns
443 3167 558 3241 faetus,
594 3167 624 3226 id
661 3166 743 3246 qnod
771 3167 976 3246 Hieronymus
1009 3165 1091 3239 dicit,

169 3255 296 3331 propter
317 3250 516 3331 ignominiam
551 3249 650 3310 sordis
681 3260 711 3309 et
737 3251 816 3308 inter
844 3250 948 3309 hostes
977 3247 1091 3308 nudum

171 3334 387 3408 eonstitnerat‚
419 3333 501 3411 qnod
524 3332 596 3392 nihil
620 3333 693 3393 feeit
716 3350 814 3410 neque
843 3333 968 3393 adrem
993 3349 1092 3409 neque

171 3415 210 3476 ad
233 3424 369 3490 textum,
394 3417 451 3475 nisi
474 3417 659 3494 aequivocos
683 3417 801 3490 omnia,
836 3415 917 3494 quod
939 3434 1000 3476 non
1023 3431 1091 3494 pro-

171 3498 271 3560 hibeo.
326 3498 374 3559 Ab
403 3496 464 3558 hoe
491 3497 586 3558 verbo
621 3517 679 3560 rex
697 3499 832 3578 Aegypti
860 3514 971 3558 nornen
1001 3495 1093 3557 nabet

245 3763 274 3834 η
293 3764 351 3822 uo.
371 3765 396 3821 r.
428 3765 478 3834 o)
499 3764 558 3820 ou.
580 3765 606 3821 s.
