2392 4170
158 268 224 335 146
379 269 526 324 Adversus
543 269 747 325 ammireus
765 268 876 323 ΒιΙΙιιι

159 444 228 485 rum
250 425 361 499 inisse,
390 427 448 486 nisi
470 426 634 485 autoritate
654 425 806 485 ecciesiae
825 424 933 484 irrisaet
953 438 1086 485 comno-

159 518 227 588 tus,
260 527 335 569 mox
356 509 440 568 buiia
459 510 519 568 ista
540 509 644 569 inclita
672 509 753 569 bane
773 508 937 567 ecetesiam
958 504 1086 567 eaffloii·

159 610 228 653 csm
249 591 333 668 iacit,
353 592 505 672 quosdam
527 592 634 653 iratres
655 591 929 653 reverendissimos
943 588 1086 653 Oardiua·

158 675 220 751 ier,
242 675 362 736 Priores
383 675 524 737 ordinum
545 676 750 755 regularium,
772 675 937 755 lagiatros
956 670 1085 735 'l'bsoia

159 760 247 838 giae,
276 768 307 819 et
330 759 483 819 Doctores
504 761 596 834 iuris,
619 777 749 839 quorum
771 759 901 818 consilio
929 777 966 817 se
986 764 1085 817 natu

159 842 319 922 gloriatur,
340 842 581 903 scilicetuovam
605 841 724 922 prolem
736 841 917 901 universalis
927 840 1086 901 cecidet.

159 925 247 986 Felix
268 934 353 986 certe
370 938 475 1007 partus
498 944 598 986 novoe
620 926 701 985 iiiios
722 936 753 984 et
765 926 915 985 hactenus
933 920 1086 985 iueudit&

158 1008 311 1069 ecciesiae
333 1009 522 1089 catholicoe,
543 1018 576 1069 et
597 1027 688 1088 quam
711 1010 901 1088 Augustinus
923 1006 1085 1067 euerriffl

160 1098 314 1153 sectorum
334 1094 519 1169 insectator,
541 1095 565 1152 si
589 1094 716 1165 videret,
737 1110 801 1151 non
823 1090 979 1152 dubitaret
998 1106 1086 1171 syna·

159 1194 275 1257 gogum
298 1184 426 1236 satanae
447 1176 613 1257 appetiere.
656 1175 735 1234 Vide
762 1192 837 1254 ergo
863 1175 1018 1235 insaniam

159 1260 319 1339 pistorum,
340 1258 473 1319 ecelesia
494 1258 676 1319 universalis
697 1266 745 1317 est
766 1257 889 1338 quidam
912 1257 1004 1339 pauci

161 1342 288 1419 diuaies,
310 1342 431 1403 Priores
454 1352 485 1402 et
506 1342 669 1421 Doctores,
692 1342 771 1402 forte
791 1343 845 1401 vix
866 1341 975 1422 viginti
994 1338 1085 1401 nott

162 1444 228 1506 nes,
251 1429 327 1486 cnm'
344 1426 492 1506 possibile
506 1429 555 1500 sit,
577 1424 693 1485 nulium
707 1443 814 1485 eorum
836 1444 906 1485 esse
920 1422 1085 1484 membru

161 1510 250 1569 unius
273 1509 413 1590 capellae
434 1509 483 1568 vei
512 1509 626 1568 aitaris.
670 1509 775 1588 Atque
802 1527 872 1568 cum
900 1506 1034 1569 ecclesia
1051 1502 1091 1567 ss

161 1594 338 1653 commuuio
360 1602 555 1671 sanctorum,
576 1602 609 1651 ut
630 1592 662 1652 in
683 1590 827 1673 symbolo
849 1608 985 1669 oremus,
1003 1598 1092 1651 san*

162 1684 261 1736 torum
285 1677 519 1753 commuuione,
548 1675 579 1735 id
602 1681 666 1751 est,
694 1674 827 1735 ecclesie
848 1672 1016 1734 universali
1039 1686 1092 1735 ex·

161 1759 265 1819 clusos
294 1776 364 1820 esse
392 1766 531 1840 oportet,
559 1759 735 1839 quicunque
764 1777 827 1819 nou
850 1758 964 1818 tuerint
982 1756 1016 1817 iu
1034 1766 1092 1817 u-

161 1860 246 1903 mero
274 1844 402 1903 istorum
432 1844 540 1924 viginti
570 1842 738 1904 bominum.
787 1840 877 1903 Unde
904 1836 1092 1921 quidqrddii

161 1926 313 1985 senserint
346 1927 444 1985 suncti
476 1927 551 2005 viri,
581 1923 613 1986 id
646 1943 721 1986 mox
751 1925 932 1986 universalis
961 1920 1094 1985 eodub

161 2010 272 2086 sentit,
305 2009 397 2068 etium
430 2010 455 2068 si
491 2009 656 2070 menduces
687 2009 832 2069 baeretici
863 2015 895 2069 et
925 2000 1091 2069 anuumtsti

163 2098 243 2171 sunt,
264 2109 327 2151 nou
350 2093 408 2151 nisi
430 2092 651 2152 abominabilis
673 2095 849 2153 sentientes.

204 2173 334 2234 Adeone
355 2175 475 2235 Romw
502 2177 626 2236 insoniri
656 2176 734 2236 nlius
767 2175 891 2236 credere
918 2164 1088 2254 potniastti

161 2257 258 2317 Estne
290 2258 406 2318 cerebri
441 2266 494 2318 eut
522 2259 624 2319 cordis
652 2262 696 2318 eis
725 2260 874 2339 reliquum
903 2248 1085 2337 quidquam!

162 2341 352 2421 Augustinus
380 2343 418 2401 de
446 2343 579 2402 ecclesio
606 2361 661 2422 per
683 2342 787 2403 orbern
810 2341 921 2402 diffuse
948 2338 1085 2419 loquitu

162 2423 356 2505 evangelium
399 2424 594 2486 concorditer
632 2425 809 2486 confitente.
867 2423 978 2502 licque
1013 2420 1084 2483 niu

163 2506 257 2567 ulium
291 2508 383 2568 alium
417 2508 526 2568 librum
561 2509 644 2569 Deus
677 2508 776 2571 voluit
805 2500 1085 2567 tanta.concorttt

163 2589 247 2651 orbis
269 2592 445 2672 approbari,
469 2602 584 2672 quante
605 2611 725 2653 sacrem
736 2592 923 2673 Scriptorum
948 2584 1085 2667 (utidss

162 2675 193 2734 in
208 2675 348 2736 consess.
371 2677 434 2735 suis
445 2674 549 2755 dicit),
571 2696 611 2736 ne
632 2675 848 2736 schismatibus
869 2670 1086 2733 occasioffl

163 2758 232 2818 eliis
255 2757 384 2820 subinde
406 2761 549 2839 receptis,
571 2759 601 2819 id
625 2758 709 2839 quod
731 2761 826 2839 impia
846 2756 937 2817 sedes
952 2754 1086 2817 Romu

163 2842 225 2902 suis
258 2843 388 2903 decretis
417 2844 580 2922 quaesivit,
619 2843 722 2902 multis
749 2844 809 2903 iem
832 2838 960 2921 seculis,
982 2846 1015 2899 st
1032 2834 1087 2897 bet

164 2936 278 3005 mogus
299 2944 340 2985 ex
360 2934 447 3006 purte
475 2926 617 2988 coniecit.
660 2924 722 2986 sed
751 2923 930 2985 universalis
960 2920 1087 2983 coutet

164 3007 302 3068 noudum
325 3010 352 3068 ei
375 3011 540 3070 consensit.
584 3011 658 3071 Sunt
687 3010 767 3069 enim
791 3011 821 3068 in
845 3008 980 3085 oriente,
1007 3000 1087 3085 aqut

164 3091 253 3172 lone,
277 3100 308 3152 et
328 3099 432 3153 oustro
456 3093 620 3153 Christiani
645 3092 807 3173 evangelio
836 3091 991 3169 contenti,
1019 3080 1087 3149 uibi

165 3183 322 3253 curantes,
345 3174 428 3254 quod
451 3176 549 3237 Rome
573 3195 613 3236 ex
636 3196 670 3236 sc
687 3178 757 3257 ipsu
777 3174 955 3257 particulari
976 3171 1089 3233 uuivrt·

164 3258 261 3320 soiem
283 3257 445 3319 ecclesium
467 3260 570 3320 fucere
593 3268 732 3337 conetur,
754 3268 785 3319 et
806 3265 925 3319 ceteros
947 3254 1088 3316 sobismt·

165 3342 243 3403 ticus
266 3342 451 3419 criminatur,
473 3362 541 3403 cum
563 3345 632 3424 ipso
653 3344 692 3402 sit
705 3345 812 3424 prime,
834 3359 913 3421 quae
935 3358 971 3399 se
991 3356 1012 3399 s
1029 3340 1089 3399 tott

165 3426 336 3508 separavit,
358 3435 389 3487 et
410 3425 449 3486 od
472 3445 507 3487 se
528 3433 626 3507 totum
647 3445 756 3507 rupere
776 3424 887 3485 frustra
908 3420 1018 3484 molita
1037 3422 1089 3495 stt,

165 3513 308 3590 princeps
340 3516 371 3570 et
397 3509 467 3571 ione
493 3512 629 3571 omnium
653 3509 869 3592 schismatum,
901 3506 963 3569 hac
993 3510 1090 3587 tyreu

166 3592 238 3654 uide
259 3593 351 3658 fecte.

247 3676 348 3738 Nemo
375 3694 450 3757 ergo
479 3683 597 3757 speret,
632 3694 766 3756 unquam
794 3674 876 3749 fore,
908 3680 942 3734 ut
958 3668 1090 3735 amissi·

166 3758 320 3822 catholica
341 3759 451 3840 sapiet,
472 3777 552 3839 quoe
566 3759 649 3820 bullo
668 3760 729 3820 istu
749 3758 845 3839 impis
857 3756 1001 3836 blaterat,
1020 3760 1090 3817 'butt
