2392 4170
158 244 224 311 48)
433 242 824 316 mhdrianihai'l

159 416 225 479 neit
247 419 379 495 coetum,
400 426 433 479 et
453 428 549 479 terras
571 417 690 479 inficit?
716 419 796 480 eden
817 432 851 480 ut
872 439 956 479 nuuc
976 438 1083 499 perre-
1179 426 1183 477 Ξ

161 504 242 562 uerit
274 501 398 582 gincius
436 505 532 562 etium
563 521 661 581 usque
693 504 733 562 ud
765 505 910 562 ιιιίιιιι.
960 501 1083 577 Quanto
1178 540 1181 547 ·

161 594 264 645 sutem
288 585 383 664 pluris
405 596 453 644 est
474 588 577 645 enims
598 604 691 664 quum
703 605 827 665 wrpus,
848 594 937 646 tntu
959 587 1084 665 grurius
1177 586 1181 639 ;

161 678 209 729 est
230 669 394 748 prucdictis
415 670 559 728 omnibns
575 668 763 730 horrendum
780 669 855 728 illud
867 678 901 729 et
910 668 982 748 pius
993 687 1084 747 quum
1176 668 1180 691 ¹

161 760 328 813 turtureum
350 771 517 823 venenum,
539 770 601 830 quo
624 753 797 813 hueresiuur
826 771 864 811 ιι
884 753 1083 811 schismatum

162 837 350 913 contagione
372 846 417 895 tot
440 835 594 915 myriades
614 838 796 895 interierunt
815 838 998 896 ιιιίιιιιιιιιι.

245 918 292 978 itu
312 919 366 978 tihi
389 918 536 978 dehemus
558 937 677 997 omnes,
699 918 783 998 quod
805 937 887 979 uunc
908 921 1025 998 pussim
1046 917 1084 978 sb

162 1003 279 1062 unitste
300 1010 425 1061 nonme
445 1001 598 1062 ecelesiae
618 1001 782 1071 musar,
803 1001 887 1079 quod
908 1001 1085 1062 sdvertutur

162 1083 274 1163 vulgus
295 1083 474 1162 inductum,
502 1103 540 1145 ιι
568 1083 614 1145 his
637 1084 720 1146 mille
742 1086 914 1164 praestigiis
936 1104 976 1144 ue
997 1084 1084 1144 tusci·

163 1167 338 1228 ustionibus
364 1167 535 1228 retruhmur
562 1187 582 1227 ι
601 1166 680 1246 nde,
706 1186 799 1248 quum
827 1169 909 1227 suxit
929 1168 971 1227 ub
992 1168 1084 1228 ubere
1172 1212 1175 1217 -

163 1260 320 1327 cisterno,
356 1250 439 1331 quod
461 1250 607 1311 basilicae
632 1253 694 1311 sint
715 1252 784 1311 sine
805 1250 958 1330 plebibus,
979 1251 1083 1331 plebes

163 1334 232 1394 sine
251 1332 475 1408 sacerdotibus,
495 1334 674 1395 secerdotes
692 1337 758 1394 sine
779 1334 882 1394 debite
903 1334 1084 1414 reverentis,

163 1423 197 1477 et
223 1417 291 1477 sine
323 1415 445 1477 Christo
472 1415 605 1496 denique
633 1417 811 1494 christini,
849 1417 931 1497 quod
966 1424 1083 1478 sueretu
1171 1430 1175 1447 ·

163 1497 236 1560 fldei
259 1517 322 1561 uon
344 1519 433 1560 suere
453 1509 653 1577 censeantur,
674 1500 758 1580 quod
779 1503 988 1560 sanemarium
1003 1501 1084 1562 Chri·
1171 1518 1174 1529 ·

165 1583 204 1643 sti
226 1582 284 1644 Dei
313 1593 452 1643 sunctum
482 1602 553 1644 esse
580 1594 732 1665 negetur,
769 1582 835 1644 dies
868 1583 940 1643 iesti
970 1583 1083 1644 festivis
1171 1572 1174 1617 ἶ

165 1665 345 1727 frustrentur
376 1666 541 1747 solenniis,
579 1666 663 1746 quud
685 1667 854 1728 morinum
882 1666 1028 1729 homines
1054 1668 1083 1727 in
1170 1726 1174 1747 ‚

164 1751 301 1831 peccetis
311 1750 386 1827 suis,
406 1751 564 1830 rupisntur
576 1751 700 1812 unimus
710 1748 750 1811 ud
767 1748 899 1810 tribuuul
912 1750 1084 1825 terrificum,

165 1850 225 1895 nec
247 1834 435 1913 poenitentis
462 1833 654 1895 reconciliati
681 1853 740 1894 uec
760 1852 849 1893 sucre
869 1835 1084 1895 communione

166 1917 291 1993 muniti,
313 1914 395 1997 quod
413 1915 701 1996 pulcherrimusiile
715 1916 901 1978 tubernaculi
914 1917 996 1979 ordo
1017 1936 1084 1979 cuu-

165 1998 251 2061 iusus
271 2001 321 2078 sit,
342 2010 373 2061 et
394 2016 452 2082 pro
467 1999 641 2063 christinus
661 2019 740 2081 pace
760 2019 800 2060 sc
814 1999 1036 2079 tranquillitate
1048 1997 1084 2061 sd

166 2082 387 2161 rebellionem,
425 2081 464 2143 ed
485 2085 637 2164 rupinas,
671 2082 709 2143 ud
732 2082 860 2160 caedes,
882 2082 922 2143 sd
944 2083 1084 2144 incendit

167 2184 237 2229 curn
261 2186 374 2246 magno
396 2186 433 2226 sc
455 2167 617 2228 manifesto
634 2166 824 2228 Christianae
844 2165 965 2245 reipub.
986 2166 1084 2228 discri

170 2251 249 2311 mine
283 2250 377 2310 veluti
410 2252 541 2312 classico
570 2252 684 2330 passim
717 2251 852 2312 excitati.
896 2249 957 2311 Pru
978 2250 1083 2330 quihus

168 2334 299 2414 egregiis
334 2335 393 2394 tuis
426 2335 459 2394 iu
497 2335 628 2395 ecclesie
658 2333 769 2395 Christi
798 2333 930 2412 meritis,
964 2352 1027 2414 qno
1057 2344 1084 2392 te

166 2416 321 2498 praemio
350 2419 412 2477 imo
441 2435 502 2496 qun
531 2435 593 2478 non
621 2416 773 2498 supplicio
802 2414 927 2497 dignum
951 2416 1083 2478 censebi-

168 2499 262 2566 mus?
1173 2504 1176 2511 '

251 2583 341 2645 Dices
363 2582 451 2664 forte,
476 2580 607 2665 Serpens
630 2580 765 2665 decepit:
788 2582 912 2663 dignum
935 2592 1020 2646 certe
1042 2603 1084 2645 re·

167 2667 274 2748 cepisti
299 2666 488 2747 mercedem,
518 2670 568 2747 qui
591 2667 675 2728 ilium
699 2667 847 2728 nutrivisti
880 2668 909 2726 in
934 2670 1002 2727 sinn
1026 2677 1084 2728 tuo.

166 2749 228 2816 sed
251 2752 293 2810 itu
315 2749 425 2811 stultus
448 2770 481 2811 es
515 2760 546 2811 et
567 2752 632 2811 sine
655 2749 757 2829 corde,
781 2750 862 2809 utin
886 2751 930 2809 eis
954 2753 1085 2812 maxime

167 2834 267 2907 rebus,
289 2835 442 2913 inquibus
465 2853 566 2895 errare
588 2834 725 2895 dumnsri
740 2841 795 2912 est,
818 2834 869 2892 uni
884 2832 1082 2897 homuncioni

167 2926 317 2999 cooperto
338 2919 489 2997 peccetis,
517 2937 606 2997 quam
643 2924 689 2978 tot
711 2916 911 2977 sanctissimis
941 2917 981 2980 ab
1003 2919 1086 2979 initio

166 3000 316 3083 Patribus,
338 3003 389 3080 qui
411 3000 526 3081 in'lege
549 3000 604 3061 Dei
629 3000 763 3062 meditati
776 3007 845 3060 sunt
861 2999 912 3060 die
926 3020 965 3061 ec
986 3010 1086 3071 nnete,

166 3090 213 3145 tot
235 3083 456 3145 universalibus
478 3083 634 3163 conciliis,
657 3083 803 3144 adversus
821 3101 901 3162 quae
922 3085 1084 3166 impudens

166 3186 202 3230 os
223 3169 298 3229 iilud
334 3169 425 3230 veluti
453 3168 626 3250 sepulcrum
660 3176 768 3249 petens
814 3185 848 3226 se
885 3171 1007 3247 aperire
1029 3188 1087 3229 non

166 3253 326 3332 erubescit,
351 3259 475 3312 sunctae
499 3251 631 3330 denique
666 3261 697 3310 et
718 3250 890 3311 catholicae
924 3251 1088 3329 ecclesium

167 3336 252 3396 cuius
267 3337 366 3414 ritum,
390 3333 642 3395 consuetudinem
657 3343 687 3395 et
709 3333 844 3409 decretu,
867 3334 1087 3416 atemporihus

167 3418 378 3498 apostolorum
401 3418 439 3478 sd
463 3437 520 3479 nos
550 3436 647 3498 usque
673 3415 892 3478 inviolabiliter
914 3418 1089 3497 observatu,

166 3519 244 3562 unus
266 3503 324 3562 iste
345 3502 497 3582 sacrilege
518 3497 890 3581 temeritatedsmuere1)
912 3504 1089 3583 prsssumit,

167 3664 250 3673 ἡ..-
256 3666 369 3674 -ι--ω
398 3668 418 3674 ..
438 3667 586 3676 --n-—n-a—-u

238 3768 270 3841 1)
290 3766 321 3824 In
340 3768 384 3826 ed.
405 3771 461 3826 len.
486 3772 571 3829 1557:
591 3769 726 3828 damnari.
