2392 4170
377 191 523 285 ιιιιιιι
541 225 651 285 ιιι.
670 241 693 283 ι.
715 224 793 285 stat.
884 296 885 301 p
991 223 1053 291 367

133 380 396 462 proporih'onibus
418 389 449 447 ιι
471 380 550 446 dolis
572 381 686 446 rostmi
706 387 740 443 et
755 385 886 460 possunt
901 388 931 440 et
943 380 1054 457 notent,

132 481 274 546 quasque
295 464 430 545 faciebus
460 469 647 546 contrariae·
664 471 697 527 et
728 463 989 544 propositionibus
1022 473 1055 525 st

133 548 213 612 dotis
235 549 419 627 contrariae,
443 567 556 628 nempe
577 549 735 610 veritatem
764 559 795 609 et
824 547 949 609 rcrhum
978 549 1054 614 vari.

133 631 204 694 tetis
221 639 257 690 et
277 633 469 710 spiritumet
490 633 727 711 simplicitatem,
749 629 810 693 hoc
830 639 887 708 cst,
909 631 1006 698 tidem¹
1022 631 1054 694 iu

132 712 254 778 Ohristo
277 725 309 774 et
329 715 586 777 conscientiarum
618 715 766 776 bonerum
794 731 939 794 reguum,
969 713 1053 792 quod

131 796 271 861 Christus
306 816 434 877 regnum
468 797 540 875 Dei,
563 816 690 877 regnum
723 796 890 874 contorum,
924 815 1053 875 regnum

132 880 271 944 veritatis
295 889 395 945 vocat.
438 879 489 941 Sic
518 883 599 941 enim
631 898 735 962 coram
759 880 854 943 Pitrto
883 880 1056 959 confltetur,

133 982 263 1044 ragnum
285 982 374 1028 suum
398 981 467 1026 ssse
489 964 625 1026 veritatis
646 982 785 1042 reguum,
808 962 926 1040 Omnis,
945 964 1055 1042 inquit,

132 1049 185 1126 qui
207 1059 256 1110 est
276 1065 318 1106 ex
338 1049 476 1122 veritate,
494 1048 579 1108 cudit
600 1064 708 1108 vocsm
731 1064 842 1108 moero.
885 1045 1056 1120 Querens

133 1149 190 1194 rex
213 1138 352 1193 vastator
373 1132 458 1208 regni
482 1130 639 1192 coelorum
663 1139 883 1208 corruptorque
913 1130 1055 1209 simplici-

134 1213 223 1289 tatis,
257 1231 336 1291 quse
364 1225 412 1273 est
440 1215 470 1273 in
499 1213 619 1275 christo
649 1215 716 1274 iesu
742 1219 793 1291 tut
819 1213 858 1276 ad
878 1211 1055 1284 Corimhios

135 1295 243 1377 dds),
264 1314 327 1359 nou
351 1307 399 1357 est
419 1298 476 1355 nisi
506 1298 660 1377 logitimus
680 1296 734 1357 itte
761 1296 970 1373 antichristus,
998 1313 1054 1374 pro

136 1378 196 1444 fido
219 1397 323 1458 opera,
344 1398 401 1460 pro
424 1381 551 1441 veritate
572 1380 724 1460 speciem,
752 1397 808 1458 pro
837 1381 983 1458 mysterio
1011 1379 1055 1441 f·
1148 1399 1157 1420 ·

134 1464 224 1539 ciem,
246 1480 302 1541 pro
324 1462 495 1543 Evangelio
517 1463 764 1543 propositiones,
795 1479 852 1541 pro
881 1463 1057 1529 sinceritate

136 1547 276 1622 astutias,
298 1565 354 1626 pro
379 1548 472 1608 verbo
494 1545 553 1607 Dei
573 1565 631 1606 sua
651 1546 783 1611 Decreta
804 1545 991 1623 doccns,1ac
1011 1546 1056 1606 sic

134 1631 343 1692 conscientias
364 1630 497 1710 perdens
520 1636 551 1690 et
571 1630 710 1709 spiritum
734 1636 870 1693 nutans.

176 1766 179 1772 .
219 1711 311 1786 Quod
332 1731 371 1775 ιι
392 1731 475 1792 papa
496 1712 631 1792 impleat,
650 1711 819 1774 rideamus.
840 1711 973 1773 Primum
994 1711 1055 1774 hoo

137 1797 330 1862 manitestum
351 1805 408 1873 est,
430 1814 485 1874 per
507 1795 661 1858 Christum
688 1795 735 1855 sic
755 1812 826 1857 esse
853 1797 958 1855 omnia
984 1811 1057 1872 pec·

136 1888 206 1942 cate
226 1877 346 1955 chisto,
375 1886 409 1939 ιι
435 1897 474 1940 ιι
502 1879 627 1940 occasio
640 1879 778 1958 ..quidem
799 1878 919 1958 peccat
939 1876 1057 1955 reliqua

137 1968 228 2041 osset,
251 1979 331 2039 quae
353 1969 402 2025 ‚est
423 1960 491 2040 lex,
520 1962 595 2023 tecit
627 1965 708 2023 enim
741 1980 796 2042 per
831 1959 924 2021 fidem
953 1961 1057 2021 omnia

137 2045 242 2123 hhera,
265 2052 299 2105 ιι
319 2043 508 2109 Christianus
530 2045 604 2106 nihil
624 2055 802 2126 operaretur
822 2043 893 2122 tege
914 2051 1055 2122 cogente,

136 2127 190 2189 scd
213 2128 318 2189 omnia
338 2129 448 2207 spiritu
470 2129 632 2210 libertatis,
654 2130 734 2190 siout
761 2130 784 2192 l.
813 2127 945 2195 Timoth
965 2127 991 2188 d.
1013 2128 1054 2189 di·

136 2213 196 2273 einr
214 2210 299 2274 Iusto
321 2229 383 2272 non
406 2218 452 2271 est
480 2212 531 2272 lex
552 2215 663 2292 posits.
706 2210 861 2290 Quidquid
882 2213 962 2272 enim
987 2211 1055 2290 lego

137 2304 268 2375 cogente
289 2292 338 2372 flt,
360 2303 525 2374 peccatum
545 2304 607 2371 est,
636 2296 711 2377 quia
735 2313 797 2356 non
824 2294 859 2355 fit
880 2295 1054 2356 voluntario

136 2381 253 2458 spiritu,
296 2377 349 2439 sed
387 2379 483 2438 invite
515 2397 552 2438 ac
593 2397 647 2458 per
689 2378 751 2439 hoc
784 2379 937 2439 contraria
978 2378 1055 2457 tegis

139 2461 305 2541 voluntate,
325 2461 357 2521 id
380 2462 464 2540 quod
484 2480 592 2522 revers
611 2467 659 2523 est
670 2469 842 2541 peccatum.
880 2461 954 2522 ldeo
970 2480 1055 2540 prse-

138 2545 290 2607 dicatores
311 2547 384 2605 novi
406 2545 593 2606 Testamenti
615 2548 644 2608 2.
666 2545 737 2606 Cor.
759 2548 789 2608 3.
811 2544 947 2625 appellet
970 2546 1053 2605 mini·

136 2635 214 2688 stros
236 2628 370 2707 spiritus,
391 2647 453 2688 non
477 2629 594 2708 literne,
615 2628 699 2707 quod
715 2629 853 2708 gratiam,
878 2646 939 2687 non
954 2627 1054 2707 legem

135 2712 278 2774 doceant.
323 2710 394 2774 tude
415 2713 446 2771 in
470 2719 535 2772 toto
564 2730 646 2773 novo
668 2712 866 2777 'recremento
895 2729 957 2771 non
985 2719 1057 2774 sunt

137 2804 302 2874 praecepta
324 2798 473 2877 urgentia,
495 2796 547 2856 sed
572 2805 688 2856 tentum
704 2796 937 2856 exhortationes
959 2803 989 2854 et
1004 2795 1056 2855 chr

135 2880 334 2957 sacrationes,
356 2897 414 2939 nec
435 2879 590 2958 Christus,
624 2899 685 2940 neo
715 2880 850 2960 spostoti
882 2894 1055 2957 quenquam
1169 2892 1174 2906 ·

137 2980 269 3041 uuquam
294 2955 479 3044 coegerunt,
512 2975 543 3023 et
573 2965 696 3043 spiritus
718 2970 844 3022 sanctus
875 2971 1003 3022 vocatur
1023 2962 1055 3021 in

134 3045 196 3108 hoo
218 3045 341 3124 spiritus
364 3046 547 3125 paracletus,
571 3061 604 3108 ut
625 3047 811 3108 exhortetur.
854 3045 1056 3107 Haeoomnia

137 3147 172 3190 eo
197 3129 341 3207 tendunt,
369 3137 408 3189 ,ut
428 3132 694 3210 populus'Christi
714 3132 764 3207 sit,
798 3131 850 3208 qui
885 3128 1056 3194 voluntarie

135 3231 205 3273 cnm
228 3210 314 3273 audit
336 3221 367 3273 ιι
389 3217 533 3293 sequitur,
560 3214 647 3276 nollo
671 3216 781 3274 timore
803 3213 889 3295 tegis,
912 3211 968 3273 sed
990 3229 1056 3290 gra·

137 3298 212 3357 tnitc
234 3294 374 3356 libertate
396 3307 426 3357 et
447 3299 661 3359 benovolentia
683 3299 808 3374 ductus,
837 3314 901 3356 non
922 3295 992 3359 idco
1014 3296 1057 3354 tin

137 3381 232 3457 deus,
253 3380 326 3458 qnia
347 3392 555 3462 praeceptum,
579 3383 634 3442 sed
661 3384 733 3462 quic
753 3381 911 3460 placitum,
937 3378 1057 3438 etiamsi

135 3471 334 3543 praeceptum
358 3483 421 3524 non
441 3477 532 3528 esset.
579 3465 637 3540 Qui
659 3485 734 3526 roro
755 3482 845 3524 secus
858 3464 982 3541 fasma,
1003 3479 1056 3541 po·

133 3548 226 3626 putus
246 3549 324 3627 tegis
346 3557 377 3608 ιι
398 3569 578 3630 synogogae
601 3557 698 3628 esset,
729 3551 759 3608 in
786 3567 849 3628 qua
877 3545 1057 3608 occidetue

138 3640 184 3692 tur
214 3634 477 3712 praevaricatores
512 3635 600 3714 tegis.
660 3633 747 3695 Unde
778 3632 885 3694 Matth.
919 3632 969 3695 tt.
1002 3647 1057 3708 per
1144 3672 1150 3683 .

136 3716 345 3778 conditionem
368 3718 456 3783 dicit:
491 3719 593 3781 rit-ivis
619 3707 754 3798 ingredi,
782 3736 875 3778 serua
896 3713 1057 3791 mandator
