2392 4170
136 1122 281 1215 Somno
311 1119 362 1213 do
391 1120 432 1213 S·
462 1110 652 1215 Antonio
681 1118 876 1215 Dromito
889 1117 1058 1215 Domini

134 1231 334 1331 Dootorio
362 1232 491 1329 Dent.
520 1230 712 1351 Lnthori
742 1231 788 1327 in
818 1260 900 1355 qno
917 1232 1058 1330 omnio

135 1351 391 1445 Senotornm
449 1347 661 1468 exemplo,
714 1373 823 1470 queo
874 1346 1058 1444 utiliora

134 1469 247 1575 nunt,
269 1459 540 1672 memmii
568 1462 785 1674 Qdm.
814 1464 866 1558 A.
889 1461 1059 1560 Domini

491 1798 699 1810 ——n—t-—u-

215 1941 274 2003 Hio
293 1959 406 2022 sermo,
428 1941 480 2022 qni
502 1959 522 2000 o
543 1938 676 2003 Luthero
697 1943 905 2022 eornpoeitoo,
935 1942 974 2003 ob
996 1941 1059 2011 olio

133 2026 267 2105 quodem
296 2025 397 2088 editoe
419 2028 481 2107 eet,
504 2042 586 2085 enno
624 2025 704 2090 1522
728 2024 968 2106 Wittembergee
1002 2024 1058 2085 enh

133 2111 191 2169 hoo
211 2110 411 2190 inseriptione
433 2109 465 2170 in
487 2107 596 2189 volgus
618 2109 707 2169 exiit:
1049 2152 1051 2157 -

217 2193 325 2252 Sermo
354 2191 393 2252 de
422 2198 541 2257 semoto,
553 2191 712 2254 Anthonio
734 2192 891 2256 Heremite
909 2194 913 2271 t
933 2191 1057 2253 Domini

175 2274 317 2334 Dootorie
339 2273 459 2335 Martini
480 2273 589 2336 Lumo
610 2277 667 2352 tri.
696 2278 726 2336 in
754 2295 815 2356 quo
844 2277 947 2337 omnio
968 2290 1056 2336 eone

175 2363 274 2418 torum
296 2375 401 2417 exem·
418 2358 424 2436 Ι
443 2355 504 2436 plo.
537 2375 598 2436 qne
631 2358 752 2419 utiliore
781 2367 851 2420 eunt
873 2359 935 2435 fet
956 2358 1058 2420 oilime

175 2439 397 2522 deprehendes.
423 2438 485 2517 ᾧ.
527 2439 620 2502 Anno
643 2439 886 2505 mmmmxxll
904 2444 909 2525 Ι
929 2443 1059 2504 Witten·
1081 2498 1086 2505 .
1140 2436 1142 2440 '

175 2541 303 2626 berge}
340 2539 377 2604 In
405 2542 484 2608 tituli
512 2540 626 2684 Regina
655 2543 788 2603 oernitnr
815 2544 919 2624 imago
943 2543 976 2606 S.
997 2544 1058 2604 An·

173 2626 248 2688 tonii
271 2623 442 2709 nemine,
475 2644 511 2686 en
565 2641 627 2704 que
661 2623 740 2686 heeo
773 2625 917 2705 teguntur
949 2626 1058 2697 verbe:

174 2710 257 2773 &ont
280 2708 407 2789 Dntdooi
428 2714 470 2778 bit
492 2713 539 2790 got
559 2707 605 2783 tot
628 2715 695 2770 uno.
725 2707 864 2783 Quotuor
885 2708 1060 2801 iotiotorm.

196 2802 272 2855 nort.

174 2811 195 2872 q
724 2875 860 2958 (Penner
874 2871 929 2940 IX.
947 2875 1031 2956 82.)

215 2955 249 3021 In
273 2959 408 3023 editione
434 2960 514 3044 Opp.
537 2959 623 3023 Luth.
647 2959 769 3020 lenensi
794 2977 821 3025 n.
847 2961 940 3037 1557,
971 2959 1059 3023 Tom.

132 3039 165 3105 Π
197 3063 226 3124 p.
250 3045 330 3125 665,
364 3044 444 3106 heeo
474 3050 549 3107 note
581 3042 712 3124 margini
745 3041 900 3124 adscripto
933 3042 1058 3124 legitor:

131 3124 238 3204 „Haeo
261 3129 321 3206 (ee.
343 3126 426 3189 buno
447 3131 639 3204 sermonem)
665 3145 734 3187 eene
754 3124 880 3188 Lutheri
915 3125 964 3187 vel
1000 3127 1061 3187 hoe

133 3209 253 3290 probet,
276 3209 358 3290 quod
381 3209 458 3273 fldee
481 3218 512 3274 et
533 3229 594 3273 non
619 3229 714 3291 opere
737 3205 877 3272 dirorum
904 3227 1058 3271 oommen-

132 3292 230 3354 detur.
272 3292 363 3369 Quod
387 3294 623 3376 veroqneedom
644 3292 724 3355 inire
737 3291 858 3354 Lutheri
877 3294 1060 3375 dignitatem

133 3395 201 3436 esse
224 3375 374 3450 ridentur,
395 3376 427 3437 id
449 3397 512 3440 non
535 3378 644 3457 emtori,
666 3376 720 3438 eed
743 3377 789 3455 ei,
814 3377 865 3456 qui
889 3396 926 3438 eo
947 3395 1059 3459 exeep-

133 3458 306 3521 tn‘oeiemo
335 3458 446 3540 edidit,
479 3459 713 3523 edooribendnm
748 3460 877 3540 putebie.
921 3459 969 3521 Ab
998 3460 1060 3521 olio

132 3544 212 3605 onim
236 3541 319 3604 edite
341 3562 411 3604 enee
441 3544 600 3624 inseriptio
623 3545 777 3624 posterior
798 3547 872 3605 eoois
893 3543 1061 3605 deoterot.“
1115 3605 1118 3609 .

154 3664 158 3670 ·
215 3625 398 3690 Germanice
435 3627 546 3708 tegitur
582 3625 632 3688 hio
658 3645 762 3688 sermo
794 3628 824 3688 io
856 3625 976 3691 Woloh.
1013 3627 1063 3689 ed.

132 3710 211 3792 Opp.
235 3710 321 3777 Loth.
343 3709 377 3776 Τ,
402 3706 464 3774 ΧΠ
483 3730 513 3793 ρ.
538 3709 619 3775 2466
642 3727 708 3791 sqq.

162 3823 251 3866 numero
265 3835 317 3877 opp.
331 3826 358 3870 v.
372 3826 400 3868 e.
415 3825 444 3868 oo
456 3825 498 3868 ror.
510 3825 561 3868 mne
575 3826 591 3866 r.
604 3834 627 3876 p.
644 3823 691 3866 vor.
707 3824 744 3866 vr.
848 3797 890 3861 26
