2392 4170
129 248 195 321 Md
326 246 431 312 mnus
448 248 600 315 emera
617 264 715 328 nasu
729 248 856 325 Aurios

131 426 296 507 defensori,
316 440 409 509 quam
430 426 678 508 libello‚‘quatss
700 426 782 489 eninr
803 431 877 487 suet
894 424 1058 507 indulos»

131 511 207 656 ξοδ,
240 511 311 597 ιῐοΙίε
332 517 380 573 est
393 510 549 590 suolonis,
582 509 651 572 tatis
673 508 834 588 defensor,
867 508 942 571 tatis
972 515 1006 571 st
1025 508 1060 570 ii·

153 612 240 660 sus.

215 676 302 738 Haeo
335 675 410 737 mihi
443 695 500 758 pro
539 675 720 739 defensione
748 675 839 756 pri-i
863 671 1061 738 Snerarneuti

131 760 209 823 satis
229 760 302 840 sint,
320 761 352 820 in
376 778 437 839 quo
449 760 619 822 asserendo
630 759 765 821 maxime
785 757 938 820 laborarit
960 772 1060 821 mur·

133 851 191 924 tor,
212 842 364 904 Dominus
383 842 544 926 Henrieus,
567 849 600 904 ut
620 843 672 923 qui
693 861 756 904 nou
766 842 924 923 ignoravit
943 841 977 902 in
998 841 1061 905 hue

133 944 203 987 esse
223 928 313 989 sitam
337 945 489 988 summam
510 926 618 988 saluis
640 926 781 1007 papistiei
807 926 905 1006 regui.
948 923 1061 987 osne·

132 1026 232 1090 segor
251 1008 388 1088 differre,
421 1010 549 1071 obrutus
571 1007 674 1070 multis
701 1008 769 1071 otiis
790 1007 1059 1090 occupationibus,

133 1096 198 1159 tum
219 1093 354 1154 maxime
385 1091 596 1155 transferenda
619 1091 717 1153 Bibiis
733 1089 783 1170 ¹),
805 1092 986 1152 neucesaria
1005 1093 1061 1153 soi

132 1175 207 1237 dest
227 1192 332 1257 opera,
352 1194 393 1237 ne
403 1174 540 1238 Satanas
549 1174 652 1237 studia
672 1175 930 1256 ipseprospsrem
954 1174 1060 1257 nimio,

134 1259 186 1339 qui
199 1257 233 1337 ²)
256 1278 313 1340 per
332 1258 391 1320 hoe
411 1259 546 1321 insulsos
568 1257 690 1320 libellos
711 1276 761 1321 ms
771 1258 922 1338 impedire
932 1260 1061 1341 erogitat,

134 1340 188 1406 sed
211 1340 288 1409 nihii
309 1340 432 1404 effioiet.
569 1388 572 1393 »

217 1423 326 1505 Neque
348 1426 452 1507 magni
484 1425 587 1506 operis
615 1424 706 1485 tuerit
732 1424 862 1486 stolidos
882 1424 1060 1487 Themistou

134 1506 166 1568 in
188 1507 315 1589 reliquis
336 1526 392 1571 sex
407 1508 612 1570 flammantis
625 1507 794 1585 euentus,
816 1526 885 1569 oum
901 1508 978 1569 nihii
993 1526 1060 1593 pro

135 1590 235 1652 terant
251 1590 377 1673 dignum
392 1592 599 1672 responsione
618 1610 675 1671 per
694 1597 762 1653 tots
781 1610 840 1653 sex
848 1588 1061 1671 statement,
1093 1654 1099 1665 ,

134 1674 194 1734 nisi
212 1672 289 1735 illud
310 1694 414 1753 uuum,
435 1673 518 1755 quod
539 1673 578 1735 de
587 1673 788 1737 &emmeno
801 1674 916 1736 ordinis
927 1675 1062 1751 addunt

135 1756 265 1830 Paulum
286 1756 405 1819 seilioet
431 1757 472 1821 sd
503 1756 606 1819 Titum
620 1756 662 1840 ἢ
680 1756 852 1839 iubentem,
881 1763 917 1820 ut
937 1778 996 1840 per
1015 1776 1061 1821 eo

135 1839 248 1901 eteris·
270 1841 392 1904 ordinet
413 1840 627 1922 presbyteros,
654 1841 715 1903 hoo
735 1840 806 1903 loeo
829 1842 911 1902 enim
932 1842 1003 1903 vult
1018 1842 1061 1903 in-

136 1924 274 1985 stitutum
298 1923 415 1985 ordinis
436 1922 680 1986 flauraneutum.
721 1923 782 1986 ded
805 1938 867 1985 nou
883 1924 1062 1989 videttsrus

135 2005 343 2150 Thonintios,
376 2007 450 2088 quid
479 2007 531 2068 rel
557 2026 618 2087 ego
640 2007 756 2088 diesin,
797 2007 846 2071 rei
865 2009 1000 2089 ipsemet
1019 2028 1061 2071 ro

137 2100 163 2150 s‘
177 2109 218 2151 on
241 2096 302 2154 est.
751 2120 757 2130 ·

154 2109 173 2171 p
219 2173 288 2252 ligo
311 2172 449 2234 ordinem
471 2174 582 2254 negavi
607 2173 837 2235 destamentum
859 2192 940 2254 esse,
962 2175 1061 2251 idest,

137 2257 372 2335 promissionem
395 2259 427 2316 et
446 2258 567 2337 signum
591 2258 710 2337 gratiae
727 2255 892 2330 adiectum,
915 2258 1062 2337 queleest

139 2340 309 2419 baptismus
331 2345 362 2400 et
383 2341 480 2420 panis.
523 2336 596 2400 Non
618 2341 745 2420 negavi,
768 2341 830 2400 imo
853 2343 974 2415 asserui
996 2360 1062 2402 esse

139 2421 334 2483 vocationem
358 2429 390 2483 et
409 2423 631 2484 institutionem
656 2424 784 2484 ministri
811 2429 843 2483 et
864 2425 1063 2486 oonoionato·

137 2504 189 2580 ris,
212 2507 279 2566 siva
300 2505 361 2566 hoo
382 2505 436 2567 fiat
456 2506 621 2568 autoritate
643 2509 730 2567 unius
754 2506 897 2586 apostoli,
920 2508 969 2568 vsi
984 2508 1059 2570 Pon·

138 2586 228 2648 tifloie
250 2588 327 2666 sola,
349 2588 398 2648 vel
410 2590 516 2669 populi
530 2589 671 2669 eligentis
688 2596 719 2650 et
731 2591 953 2651 consentientis
967 2590 1063 2670 simul,

138 2671 214 2731 nihil
231 2660 342 2735 refert.⁸
376 2670 558 2750 Quanquam
580 2675 694 2733 reetius
717 2673 769 2733 fiat
790 2673 909 2753 populo
931 2675 1065 2756 eligente

139 2761 171 2814 st
190 2757 422 2834 eonsentiente‚
443 2755 602 2834 quomodo
624 2756 756 2835 apostoli
780 2756 868 2818 Anto.
892 2760 912 2822 6
946 2764 1063 2839 septen

139 2835 288 2898 dissonos
310 2839 520 2918 instituerunt,
555 2858 629 2911 nem
648 2847 683 2898 ut
704 2838 815 2899 Paulus
837 2839 940 2900 Titum
964 2840 1066 2903 iubent

138 2920 335 3002 presbyteros
352 2920 511 3001 ordinare,
548 2939 612 2982 non
646 2926 751 2984 temen
773 2924 927 3002 sequitur,
967 2924 1065 2986 solum

137 3004 238 3064 'litum
261 3022 318 3065 sua
338 3006 503 3065 autoritate
533 3004 564 3064 id
586 3005 710 3085 senisse,
742 3005 797 3066 sed
826 3007 974 3087 exemplo
997 3025 1066 3088 epo·

1 3170 3 3178 Ι
137 3087 288 3148 stolorum
309 3107 364 3168 per
391 3087 535 3167 suffragia
562 3088 669 3168 populi
691 3107 747 3150 eos
769 3090 957 3168 instituisse,
995 3090 1067 3151 stio-

140 3170 191 3248 qui
212 3171 394 3251 pugnabunt
422 3170 516 3232 verba
539 3171 625 3231 Pauli
658 3190 727 3231 eum
766 3173 911 3253 exemplo
943 3178 1066 3255 aposto·

140 3251 310 3409 lor[ludione
331 3355 406 3397 vero
428 3336 468 3396 de
488 3313 860 3418 impositione'mauuum
889 3337 930 3400 sd
953 3339 1068 3401 ordinis

139 3414 369 3479 destamentum
394 3419 500 3499 trehit,
535 3419 640 3481 vident
673 3422 760 3503 pueri
797 3421 871 3482 nihil
894 3421 932 3483 ad
955 3421 1069 3486 ordinis

212 3615 244 3680 1)
271 3616 303 3671 Iu
325 3614 371 3671 ed.
388 3615 459 3672 Iena
485 3615 684 3673 transferendis
702 3615 808 3674 Bibliis.
846 3619 880 3687 θ)
900 3617 1009 3679 Isium
1033 3622 1070 3674 te

139 3683 228 3754 gitur:
257 3701 293 3743 ue
310 3683 433 3743 &mae
456 3687 553 3745 sturia
569 3689 631 3759 ipse
648 3700 810 3759 prosperan
827 3704 898 3760 uras
915 3690 1003 3749 nimio
1014 3697 1069 3749 do·

139 3755 186 3816 dio
204 3754 432 3826 refutandam,
453 3760 500 3831 qui
518 3765 573 3817 eto.
613 3762 643 3828 ·)
660 3759 714 3816 'Iit
724 3763 748 3816 1.
