2392 4170
147 243 212 314 252
456 248 500 307 Da
517 246 590 305 votis
607 244 769 306 monasticis

151 409 410 493 blasphemiarum
444 430 565 473 suarum
600 411 744 493 effugere.
787 380 869 489 Quid
903 428 979 493 ergo
1003 414 1077 474 sunt

151 496 210 556 nisi
233 494 359 557 subolae
381 499 412 556 et
431 495 639 557 monasteria?
667 495 807 575 subolae,
835 495 909 575 qnia
929 494 1076 558 ludentes

150 585 182 640 al
201 578 282 639 illusi
306 576 492 656 mendaaiis‚
524 581 725 656 monasteria,
752 580 823 659 quia
846 579 984 641 solitaria
1005 580 1076 641 sine
1182 586 1186 657 ζ

149 662 281 737 Christo,
304 668 390 724 extra
412 681 606 724 communem
629 665 709 725 viam
725 661 916 724 Christianae
934 663 1076 726 veritatis
1182 664 1186 681 '

149 744 329 829 longissime
349 747 460 827 posita.

233 829 380 910 intelligis
394 849 479 909 ergo,
502 849 563 909 qua
583 828 654 910 flue,
677 849 735 910 qua
757 830 873 911 pietate
893 835 925 892 et
938 836 1078 892 voveant

149 919 181 975 et
201 912 307 974 vivant
327 914 386 974 ista
415 913 575 993 lupanaria
597 913 739 977 Satanae.
783 913 896 976 Paulus
919 913 1007 975 dicit:
1043 913 1075 976 Si

147 996 260 1077 linguis
287 996 443 1059 hominum
470 995 605 1077 loquaris
633 1003 666 1058 et
686 997 881 1078 angelorum,
914 997 938 1058 si
963 1015 1076 1061 omnes
1181 1000 1188 1021 ⁴

151 1079 311 1141 facultates
333 1082 363 1139 in
377 1079 464 1140 eibos
475 1099 642 1161 pauperum
662 1081 860 1160 distribueris,
883 1081 908 1142 si
930 1082 1075 1162 teipsum

149 1162 325 1240 tradideris,
348 1169 380 1224 ut
402 1163 526 1240 ardeas,
548 1163 620 1225 nihil
645 1166 686 1225 sis
708 1171 739 1226 et
760 1164 833 1225 nihil
856 1165 983 1240 leceris,
1014 1166 1076 1226 nisi
1180 1172 1183 1177 '

150 1247 307 1308 aar-itatem
330 1246 482 1327 habueris,
505 1255 620 1328 quanto
645 1250 752 1328 magis,
775 1248 800 1308 ai
822 1247 995 1309 monachus
1017 1248 1075 1310 flas
1160 1253 1184 1307 ἰ

149 1337 180 1391 et
203 1329 333 1391 consilia
353 1333 413 1391 ista
435 1350 562 1409 voveas,
585 1330 658 1392 nihil
681 1333 723 1392 sis
745 1338 776 1392 et
797 1331 871 1392 nihil
893 1331 1020 1408 seueris,
1050 1334 1075 1393 si

147 1412 327 1494 blasphema
338 1420 369 1475 et
381 1415 476 1494 impia
487 1415 676 1476 conscientia
689 1416 849 1476 veritatem
867 1415 925 1476 Dei
939 1421 1075 1497 negante

148 1496 226 1559 haee
247 1497 374 1577 seueris,
398 1499 485 1558 aienti
507 1497 593 1558 videa
615 1498 686 1559 illus
707 1497 819 1561 faeere.
863 1497 1007 1579 Pelagius
1029 1501 1076 1561 vir
1179 1514 1183 1591 Ξ

150 1579 294 1642 laudatae
317 1582 397 1641 vitae
419 1581 513 1642 tuisse
536 1580 662 1663 legitur,
694 1579 750 1643 sed
779 1583 850 1661 quia
871 1587 992 1662 gratam
1014 1583 1074 1644 Dei
1180 1608 1183 1615 ·

150 1665 293 1744 negavit,
317 1663 357 1724 ob
389 1684 480 1725 unam
503 1665 583 1725 hane
614 1665 801 1745 impietatem
834 1665 937 1726 omnia
963 1665 1076 1727 frustra
1179 1668 1183 1697 ¹

150 1748 236 1809 vixit.
280 1746 311 1807 Si
346 1747 414 1827 quis
435 1749 561 1809 Mariam
594 1754 686 1828 neget
708 1749 869 1829 virginem,
896 1754 949 1809 aut
979 1749 1074 1810 alium
1180 1764 1183 1789 ¹

152 1831 291 1910 quemvis
314 1830 500 1907 singularem
528 1832 688 1892 articulum
722 1830 791 1892 fidei
815 1851 876 1892 non
901 1831 1076 1910 erediderit,
1179 1854 1182 1909 ;

150 1912 321 1990 damnatur,
343 1915 460 1975 etiamsi
484 1914 599 1994 alioqui
631 1915 726 1995 ipsius
748 1915 873 1994 virginis
896 1920 927 1974 et
948 1917 1075 1996 virgini·

150 2003 244 2059 tatem
269 2007 299 2058 et
322 1999 514 2059 sanctitatem
538 1997 674 2075 haberet,
709 2003 824 2078 quanto
848 1998 945 2078 magis
968 2017 1076 2060 mona-

150 2079 276 2141 uhorum
289 2079 654 2161 hoeperditionisvulgus
663 2080 865 2161 damnabitur,
879 2099 961 2162 quoe
971 2081 1076 2143 divina

151 2163 295 2224 mandata
329 2170 360 2224 et
387 2171 482 2244 negat
509 2170 540 2224 et
571 2171 682 2243 mutat,
707 2164 799 2225 solvit
832 2172 861 2224 et
883 2164 1075 2245 exstinguit?

150 2247 232 2306 Euae
245 2246 474 2307 tundamentum
490 2248 729 2308 monasticorum
749 2254 888 2309 votorum
922 2248 1076 2327 impietas,

149 2328 349 2409 blasphemia,
363 2330 567 2409 saerilegium,
590 2330 968 2411 atquehaeaaontingunt,
992 2330 1074 2410 quod

151 2413 301 2475 Christum
331 2412 440 2472 dueem
468 2419 499 2473 et
527 2410 626 2474 lucem
667 2421 846 2493 spernentes
873 2413 934 2474 alia
958 2420 988 2474 et
1011 2435 1075 2476 me·

149 2496 227 2556 liora
251 2496 335 2574 sequi
358 2502 566 2575 praesumunt.
610 2495 668 2572 Qui
691 2498 772 2557 enim
795 2498 955 2557 veritatem
985 2498 1075 2559 relin-

149 2579 215 2658 quit
236 2580 355 2656 dumm,
379 2579 449 2658 quid
472 2587 617 2658 sequatur
639 2581 696 2640 nisi
727 2579 907 2660 mendacia?
930 2580 982 2660 qui
1005 2581 1075 2661 glo·

149 2663 223 2723 riam
248 2660 306 2723 Dei
329 2681 390 2722 non
414 2663 559 2743 sequitur,
582 2664 690 2724 merito
708 2661 1075 2744 blasphemiassequitur.

149 2742 205 2805 Est
227 2765 301 2826 ergo
323 2745 401 2805 haee
420 2746 480 2806 iam
503 2745 639 2806 secunda
662 2765 770 2817 eausa,
798 2765 851 2807 eur
872 2751 946 2807 vota
967 2766 1076 2808 mona·
1191 2800 1194 2813 .

149 2829 226 2888 stiea
248 2830 308 2888 sint
330 2828 455 2889 vitanda
478 2834 508 2888 et
530 2829 668 2889 tollenda
690 2830 728 2890 de
751 2829 806 2889 snb
829 2828 929 2906 eaelo,
956 2836 987 2889 et
1011 2849 1076 2890 om-

149 2910 248 2990 nibus,
271 2913 322 2990 qui
346 2930 383 2972 ea
406 2918 565 2991 voverunt,
602 2911 790 2974 redeundum
822 2913 853 2972 in
876 2930 1074 2974 communem

149 2995 230 3053 viam
245 2993 487 3055 Christianorum
510 2995 760 3074 poatChristnm
785 3014 893 3055 secura
915 3002 945 3054 et
968 3001 1077 3076 optma

149 3078 349 3157 conscientia,
371 3084 506 3158 utquam
519 3084 645 3139 revocet
656 3079 722 3158 ipse
735 3076 828 3158 Deus,
842 3086 915 3139 vota
927 3080 994 3139 eius
1004 3099 1074 3160 pro·

148 3157 267 3235 hibens,
289 3159 448 3238 damnans,
471 3167 502 3221 et
523 3180 661 3222 summae
682 3162 848 3242 impietatis
871 3180 1016 3240 arguens.

441 3288 492 3401 [ie
513 3341 772 3422 virginitate.

237 3494 278 3553 At
300 3496 457 3573 virginitas
480 3503 511 3556 et
535 3496 706 3556 coelibatus
734 3495 956 3574 consiliumet,
979 3495 1066 3557 chri-

149 3581 213 3635 stus
239 3579 306 3656 ipse
329 3576 422 3657 plane
444 3597 505 3638 uun
528 3579 691 3655 consuluit,
714 3578 768 3638 sed
791 3579 893 3658 potius
917 3576 1076 3656 deterruit,

149 3660 329 3720 monstravit
350 3661 448 3721 solum
472 3669 503 3722 et
524 3661 669 3739 laudavit,
691 3660 763 3722 dum
776 3662 953 3723 memoratis
976 3681 1074 3724 eunu-
