2392 4170
448 256 530 313 Doot.
549 254 627 311 iiart.
647 248 727 308 Loth.
923 244 926 248 ’
990 245 1055 317 267-

131 453 219 496 suom
243 437 347 495 votum
372 449 443 492 osas
466 427 611 510 placitum
636 443 675 487 ao
693 431 815 507 ¹gratum
838 429 918 493 Deo.
973 422 1053 506 Quin

132 517 194 580 imo
212 535 351 578 emerere
373 514 488 577 docent
501 530 570 573 asse
585 511 879 592 praesumptionem,
903 513 1053 597 volentes,

133 608 166 663 nt
187 601 348 662 timeamus
371 606 402 660 et
422 598 529 660 incerti
551 596 656 658 simus.
691 595 731 655 At
753 591 837 663 Deus
858 599 947 659 iussit
969 603 1054 659 certo

133 692 164 746 st
186 682 356 745 indubitato
381 681 475 743 fidere
498 681 630 740 insuam
647 678 898 755 misericordiam,
922 690 952 741 et
967 700 1055 758 praa-

133 787 255 830 sumers
277 786 334 828 nos
356 773 387 826 et
406 770 512 825 nostra
533 763 665 844 placere,
688 781 751 822 non
773 783 813 824 ex
834 771 940 826 nostra
959 764 1055 845 digni·

134 858 197 913 tate
219 856 272 912 aut
298 851 422 926 merito,
455 845 510 908 sed
533 866 588 906 soa
609 844 756 909 bonitate.
799 848 884 909 Haec
906 854 953 909 est
974 849 1055 909 enim

134 933 323 998 conscicntia
338 952 431 994 sanae
443 930 525 1011 fidei,
537 948 616 1008 quae
637 928 687 989 hic
701 927 731 1004 ¹)
754 931 849 992 iussui
873 938 904 993 et
924 932 1055 1013 promis-

135 1020 214 1080 sioni
244 1018 300 1079 Dei
330 1016 506 1078 fidelissime
528 1019 559 1073 et
579 1013 763 1075 inconcusse
786 1016 942 1097 adhaeret,
964 1034 1055 1096 quam

136 1101 354 1165 conscientiam
378 1105 479 1161 vastat
500 1105 531 1157 et
552 1103 659 1157 contra
680 1116 748 1159 eam
772 1101 953 1178 peccatius,
977 1117 1067 1179 quaes

136 1185 184 1246 vel
200 1194 262 1245 non
282 1182 387 1261 credit,
409 1181 467 1264 vei,
490 1179 572 1264 quod
585 1180 664 1241 idem
689 1187 745 1260 est,
767 1181 893 1252 dubitat,
909 1203 943 1245 se
957 1190 987 1244 et
1001 1201 1057 1243 sua

136 1270 260 1351 placere
272 1267 353 1346 Deo,
375 1265 446 1328 ideo
469 1273 499 1324 et
522 1269 629 1325 contra
646 1283 680 1324 sa
701 1267 799 1346 ipsam
817 1273 849 1327 et
867 1269 950 1329 illam
967 1265 1056 1327 simul

135 1357 254 1433 peccat,
277 1351 392 1411 iaciens
415 1348 505 1427 quod'
521 1368 582 1408 oon
605 1346 701 1410 credit
721 1350 854 1431 placere.

222 1434 297 1510 Quis
319 1452 393 1494 vero
416 1431 526 1493 liberat
547 1450 605 1493 nos
628 1432 666 1493 ab
688 1432 782 1513 impia
802 1435 862 1496 ista
887 1439 995 1496 contra
1024 1451 1058 1493 sc

137 1521 235 1600 ipsam
259 1525 407 1599 peccante
426 1514 638 1577 conscientia?
669 1514 786 1579 Nature
806 1517 837 1579 id
860 1538 922 1580 noo
945 1523 1057 1599 potest,

138 1600 358 1683 quantumlibet
389 1601 468 1660 enim
500 1600 635 1679 opereris
656 1598 753 1680 bona,
776 1602 801 1662 si
824 1609 855 1664 et
876 1601 1057 1683 sanguinem

138 1685 261 1763 fuderis,
282 1704 404 1765 semper
425 1688 529 1746 manet
552 1684 742 1745 conscientia
769 1686 924 1767 palpitans
953 1690 985 1745 et
1015 1683 1058 1744 di·

138 1789 225 1831 cens:
259 1767 335 1844 Quis
356 1769 422 1846 scit,
446 1786 484 1826 en
507 1766 567 1826 hoc
589 1763 659 1828 Deo
686 1768 829 1848 placeat?
861 1770 975 1830 Verum
1010 1772 1058 1828 cst

138 1855 218 1914 enim
241 1851 315 1913 iilud
342 1847 559 1932 Sapientis'i:
596 1849 809 1929 Cogitationes
836 1853 993 1914 hominum
1024 1851 1057 1911 ti·

139 1935 249 2011 midae‚
271 1943 302 1996 et
322 1936 457 1996 incertae
478 1931 691 2013 providentiae
713 1942 847 1997 nostrae.
889 1936 959 1997 Non
982 1953 1072 2016 ergo

138 2019 231 2080 hebet
253 2025 370 2094 natura,
391 2036 450 2079 nec
471 2018 635 2096 impetrant
658 2036 752 2098 opera
771 2019 885 2081 bonam
899 2026 930 2080 et
943 2024 1057 2079 certam

139 2103 370 2164 conscientiam.
403 2100 542 2162 Christ-us
564 2119 638 2160 vero
660 2121 715 2181 per
736 2102 871 2164 auditum
904 2103 988 2163 verbi
1012 2101 1057 2161 sui

140 2185 224 2245 cordi
248 2184 472 2263 manifestatus,
506 2182 587 2262 quod
609 2185 677 2264 ipse
706 2188 760 2263 sit,
794 2188 845 2269 qni
877 2206 933 2269 pro
968 2183 1058 2246 nobis

83 2272 85 2276 '
140 2266 285 2326 sacerdos
308 2267 404 2326 iactus
427 2273 482 2345 est,
517 2266 604 2327 nobis
626 2267 731 2351 datus,
755 2291 843 2333 suum
876 2271 1056 2350 sanguinem

140 2348 261 2424 foderit,
283 2356 390 2410 nostra
411 2355 540 2428 peecata
562 2349 674 2429 tulerit,
707 2360 738 2414 et
759 2373 816 2415 nos
839 2355 870 2413 in
899 2372 973 2414 soos
1006 2369 1057 2412 ao·

141 2433 267 2515 ceperit.
309 2431 377 2507 Hic,
398 2432 533 2509 inquam,
567 2431 688 2493 auditus
711 2454 765 2496 oor
786 2437 945 2514 laetificat,
981 2454 1058 2496 con-

141 2517 299 2577 scientiam
323 2514 421 2593 erigit,
446 2520 478 2573 ut
500 2512 612 2573 audeat
628 2513 730 2578 dicere
745 2524 776 2578 et
791 2519 914 2598 gloriari
929 2519 1058 2597 inipso:

141 2601 174 2661 si
196 2598 336 2664 Christus
358 2616 414 2678 pro
439 2615 487 2656 me
511 2603 543 2656 et
564 2615 650 2657 meus
672 2608 734 2681 est,
763 2602 829 2680 quis
859 2600 1059 2663 contremo?
1103 2629 1106 2634 ¹

143 2680 308 2759 Quomodo
341 2699 401 2741 non
435 2679 575 2760 placeam
599 2698 669 2760 ego,
691 2689 722 2743 st
745 2703 840 2764 opera
863 2685 1076 2759 omniamea‚'

143 2768 167 2826 si
190 2766 327 2827 Christus
351 2783 452 2840 maus,
481 2769 512 2824 et
533 2781 592 2845 ego
621 2764 756 2828 Christi?
798 2765 943 2847 Nunquid
978 2765 1062 2827 Chris

143 2853 207 2910 stus
231 2847 395 2929 displicere
416 2846 539 2927 potest?
574 2847 657 2909 Eoos
677 2850 738 2911 ista
765 2857 813 2913 ast
842 2850 935 2931 tides,
970 2866 1061 2930 quam

143 2931 300 3013 Scriptura
323 2931 430 3008 docet,
453 2940 544 3009 quam
567 2932 618 3011 qui
639 2932 747 3016 habet,
770 2941 877 2997 contra
905 2933 1062 2994 conscien-

144 3017 215 3075 tiam
239 3035 331 3096 agers
352 3033 415 3075 noo
437 3019 556 3094 potest,
585 3017 657 3093 quia
692 3038 753 3080 ooo
785 3023 891 3100 potest
924 3016 1062 3077 dubitare

145 3119 213 3159 sesa
236 3100 358 3179 placere
379 3095 452 3160 Deo
478 3103 605 3178 propter
633 3098 786 3164 Christum
814 3103 872 3164 sibi
904 3100 1061 3162 donatum.

145 3181 203 3257 Qui
229 3201 300 3242 vero
325 3201 385 3242 non
408 3179 515 3258 habet,
538 3200 600 3242 noo
623 3188 726 3263 potest
747 3205 817 3248 oon
850 3191 957 3247 contra
991 3200 1064 3244 con·
1174 3207 1177 3212 ·

145 3267 303 3324 scientiam
328 3281 421 3344 agere
444 3282 574 3344 semper,
598 3267 750 3345 quianon
773 3273 876 3347 potest
899 3286 961 3328 oon
979 3263 1064 3326 dubi·

145 3357 209 3409 tare
231 3367 300 3409 sese
333 3347 456 3428 placere
477 3347 556 3410 Deo.
609 3349 704 3412 Deest
730 3352 812 3412 enim
842 3358 873 3412 et
899 3349 1063 3430 promissio

144 3432 201 3492 Dei
233 3437 263 3491 et
295 3431 406 3511 pignus
438 3431 651 3511 promissionis
673 3433 829 3511 Christos,
861 3434 968 3494 rciiota
994 3431 1079 3511 sola¹

145 3523 253 3576 natura
276 3513 333 3574 sibi
355 3515 482 3593 incerta,
505 3512 577 3592 quid
603 3516 684 3577 Deus
712 3517 752 3579 da
781 3537 815 3578 se
848 3518 971 3597 cogitet.
1023 3514 1065 3575 At

145 3597 263 3659 habens
286 3597 523 3677 promissionem
547 3603 578 3656 et
598 3599 761 3681 Christum,
785 3602 972 3662 certissimos
1006 3602 1062 3677 est,

148 3740 176 3746 -ψ
184 3739 219 3744 --
231 3735 565 3746 ‹uon-...mmmm-

221 3786 252 3855 1)
272 3783 356 3843 Ibida
374 3782 447 3841 hoio.
486 3785 512 3851 ‘i
532 3781 598 3855 Sap.
617 3786 644 3843 9.
744 3791 745 3794 ’
