2392 4170
459 272 539 334 boet.
558 271 637 334 usn.
656 270 738 335 tutia
1001 272 1065 345 243

142 437 212 503 deo.
257 436 336 514 Quid
367 439 393 498 ai
422 456 470 498 me
494 438 736 520 occidatPepa,
764 445 818 502 aut
839 439 965 503 damnet
986 442 1064 503 nitra

142 522 275 584 tartare?
317 519 462 585 Occisum
490 540 551 581 non
575 524 749 603 suscitabit,
780 529 812 584 nt
833 525 880 586 bis
902 527 1063 587 etiterum

141 604 272 685 occidet,
295 604 471 665 damnatum
494 624 566 665 vero
590 626 649 685 ego
674 607 756 687 volo,
780 615 812 667 ut
833 627 987 689 nunquam
1011 610 1064 671 eb·

140 689 249 750 solvet.
294 687 425 750 confido
448 688 528 748 enim
552 690 664 749 instare
687 688 765 749 diem
791 690 896 772 ilium,
927 710 987 772 quo
1012 692 1063 753 de·

141 779 273 833 structor
293 791 420 852 regnum
451 771 531 831 istud
559 772 798 834 abominationis
820 782 851 835 et
873 775 1061 855 perditionis.

140 855 262 917 Utinam
287 874 343 916 nos
366 856 495 935 primum
519 855 601 936 digni
625 857 719 916 simus
746 856 796 916 vei
830 859 916 918 exuri
940 859 989 918 vei
1012 877 1063 920 oc·

140 939 200 1000 eidi
224 936 263 999 ab
287 957 342 1015 eo,
377 956 438 1017 quo
472 940 596 1018 sangnis
631 947 736 1001 noster
768 942 865 1022 magis
893 942 1007 1004 ciemet
1032 948 1063 1003 et

141 1029 248 1102 urgeat
283 1020 428 1082 iudicium
449 1020 530 1082 iliius
553 1022 732 1104 accelerari,
768 1024 821 1084 sed
845 1025 870 1085 si
891 1024 976 1106 digni
999 1044 1062 1088 nou

138 1122 244 1167 sumus
267 1105 417 1187 sanguine
439 1102 611 1186 testificari,
649 1106 731 1167 hane
752 1107 860 1168 saitem
885 1126 1008 1171 oremus
1032 1115 1063 1170 et

138 1190 337 1270 imploremus
361 1188 611 1269 misericordiam,
634 1198 667 1249 ut
689 1191 750 1251 vita
763 1197 793 1251 et
813 1210 892 1254 voce
904 1199 1061 1272 testemur,

140 1271 222 1353 quod
245 1273 328 1332 iesus
351 1271 488 1332 Christus
511 1272 596 1332 solus
618 1274 827 1335 estDominus
840 1275 925 1337 Deus
945 1281 1061 1353 noster,

140 1355 318 1418 benedictus
340 1355 487 1415 insecuta
500 1356 684 1438 seculorum,
705 1356 814 1422 Amen.
857 1358 891 1420 iu
932 1377 971 1419 uo
984 1358 1062 1421 bene

139 1441 217 1521 veie,
240 1439 397 1501 carissime
418 1457 546 1520 parens,
569 1445 600 1500 et
625 1446 753 1501 matrem
776 1460 891 1523 meam,
947 1442 1062 1522 ergani·

139 1533 199 1586 tem
225 1533 318 1599 tuam,
341 1540 409 1582 oum
432 1523 575 1584 universo
597 1525 747 1605 sanguiue
769 1524 869 1586 saints
884 1527 916 1585 iu
929 1524 1061 1589 Christo.

221 1608 270 1668 Ex
292 1607 415 1686 memo,
437 1606 505 1666 xxi
527 1605 677 1670 Novemb.
703 1608 794 1671 duno
817 1604 980 1672 mum.

541 1768 663 1832 lesus.
771 1791 779 1799 ·

136 1897 325 1961 Iudicium
350 1896 504 1960 Martini
537 1894 699 2044 Ltotiperi
734 1899 777 1961 de
805 1903 909 1964 votis
932 1920 1062 1965 mons-

535 2000 660 2046 srers.

216 2108 250 2171 Iu
274 2111 378 2192 primis
401 2110 618 2173 denunciatum
646 2131 715 2175 esse
736 2113 809 2176 volo
831 2115 886 2193 iis,
908 2113 960 2194 qui
982 2112 1060 2177 iam·

135 2193 250 2254 dudum
272 2196 443 2255 inveterato
479 2196 611 2256 nominis
635 2196 693 2258 mei
716 2195 789 2259 odio
811 2199 910 2280 ipsam
935 2197 1061 2259 manife-

66 2293 69 2298 ·
135 2278 299 2337 stissimam
322 2279 480 2338 veritatem
500 2286 624 2359 propter
648 2299 696 2341 me
719 2279 881 2363 damnent,
912 2280 950 2342 ad
973 2282 1059 2362 ipsos

136 2360 250 2420 nihile
273 2378 321 2419 me
343 2359 433 2420 scribi
455 2360 515 2421 hoc
536 2360 629 2436 libro,
662 2362 746 2442 quod
781 2366 876 2426 nolim
899 2362 1059 2444 aspidibus

134 2445 195 2504 iliis
218 2443 316 2503 surdis
345 2449 486 2504 etentes
514 2442 726 2505 obturantibus
748 2446 859 2508 frustra
879 2465 992 2508 vocem
1015 2449 1060 2508 io·

134 2523 320 2589 tentationis
342 2543 432 2588 meee
463 2525 642 2608 obstrepere
663 2546 721 2588 nec
748 2530 835 2591 iuxta
857 2526 1076 2592 Salomonem·

136 2610 261 2672 verbum
285 2608 452 2688 effundere,
474 2607 524 2669 ubi
547 2628 609 2672 uon
623 2609 815 2693 sstauditus,
838 2633 896 2673 neo
919 2621 1058 2674 sanctum

136 2693 208 2754 dare
233 2695 370 2776 canibus,
393 2711 451 2754 neo
473 2694 653 2774 margaritas
676 2696 912 2774 proiicereaute
935 2713 1059 2776 porcos.

136 2777 252 2858 [regent
273 2777 317 2837 iili
339 2777 494 2838 Crantoris
524 2778 570 2837 sui
594 2775 763 2839 deereteiea
793 2788 823 2841 et
844 2799 917 2839 suas
940 2780 1059 2860 sepien-

134 2863 208 2939 tias,
241 2860 365 2940 quaudo
394 2861 437 2922 ite
465 2858 581 2924 volunt.
626 2859 688 2922 iliis
710 2870 826 2924 tantum
850 2863 971 2941 servio,
1008 2863 1060 2942 qui

134 2946 259 3006 fornace
281 2944 379 3004 ferrea
402 2944 536 3025 Aegypti
567 2949 598 3004 et
618 2947 868 3009 aestuantissimo
891 2945 1059 3028 Babylonis

134 3030 215 3108 igne,
238 3028 298 3088 hoe
318 3037 375 3108 est,
398 3027 607 3089 conscientiae
629 3035 661 3088 et
680 3033 800 3109 peceati
822 3029 1060 3112 tyrannidetor·

135 3118 274 3193 quentur.
318 3111 368 3172 De
390 3113 469 3172 votis
491 3112 573 3172 enim
597 3115 776 3174 monasticia
799 3132 946 3195 agemus,
980 3130 1060 3192 quae

135 3195 334 3275 multiplicate
356 3199 389 3255 et
410 3194 535 3275 vuig'eta
557 3193 696 3257 videmus
725 3215 793 3259 eum
827 3215 948 3259 summe
970 3195 1059 3259 Obri-

134 3279 282 3339 stienisuii
306 3278 442 3358 pernicie
463 3288 495 3339 et
515 3280 667 3340 immensa
684 3283 855 3342 animarum
872 3276 1059 3341 calamitate.

132 3361 217 3424 Deus
240 3363 421 3422 misereatur
442 3363 538 3422 nostri
560 3363 765 3424 etbeuedioat
786 3363 886 3442 nobis,
908 3363 1060 3425 illuminet

133 3446 249 3507 vultum
272 3463 360 3506 suum
383 3463 475 3525 super
497 3463 569 3526 noa,
603 3450 638 3506 ut
667 3464 895 3528 cognoscemus
925 3447 955 3507 in
979 3455 1059 3508 terra

134 3531 311 3609 viem-eius,
333 3529 362 3588 io
386 3527 528 3589 omnibus
551 3527 693 3610 gentibus
716 3531 852 3592 satutare
874 3530 951 3608 eius,
973 3536 1006 3591 ut
1028 3535 1060 3591 et

134 3610 337 3675 confiteantur
358 3612 387 3674 ei
406 3612 522 3694 popuii,
545 3612 698 3675 laetentur
719 3623 750 3675 et
770 3614 927 3676 exsultent
940 3621 1058 3694 gentes,

133 3695 217 3778 quod
238 3696 384 3758 liberatos
407 3695 445 3758 ab
468 3696 628 3758 hominum
655 3698 870 3760 traditionibus
892 3698 960 3778 ipse
981 3694 1058 3756 iudi·

132 3789 182 3844 cet
202 3781 232 3843 in
253 3781 418 3868 aequitate,
441 3789 472 3845 st
492 3790 601 3865 gentes
623 3781 653 3843 in
675 3788 757 3845 terra
778 3779 900 3901 dirigat,
923 3777 1035 3850 Arnen.

785 3861 824 3937 16
