2392 4170
390 263 516 318 Rationis
536 263 710 317 Latomiaoas
729 264 779 316 sto.
990 251 1052 323 473

132 417 163 476 in
187 435 317 496 corpore
341 424 455 493 vestro,
477 423 510 478 nt
532 416 683 479 obediatis
698 413 954 497 concupiscentiis
975 411 1051 472 eius.

134 500 264 560 Rursum
289 502 464 560 consentire
486 502 524 577 ei,
548 500 629 579 quod
643 508 803 580 peccatum
825 505 857 559 et
874 498 1051 558 damnatam

134 600 195 644 non
218 591 280 661 est,
301 595 462 662 peccatum
486 586 550 645 erit.
593 583 684 645 Nova
709 584 803 664 piane
824 583 903 643 ratio
923 579 1052 662 peccati.

132 665 294 726 infirmitas
316 688 377 729 non
400 676 447 727 est
464 675 622 746 peccatum
644 686 702 728 uec
727 666 880 740 damnata,
904 674 934 724 et
950 671 1052 723 temen

132 751 157 808 si
194 753 368 810 consentias
407 752 449 810 rei
495 769 552 810 nec
592 750 756 812 damnatae
801 768 858 809 uec
900 745 1054 826 culpabili,

126 833 278 922 [peccasti.

218 914 340 994 Quare,
374 919 397 975 si
422 917 594 976 consultum
623 918 680 996 piis
703 917 863 978 animabus
887 915 1055 976 voluissent

132 998 297 1078 Sophistae
319 1001 383 1073 isti,
418 1000 539 1059 omissis
562 999 724 1060 verborum
748 999 956 1074 elusionibns,
989 1015 1053 1058 rem

134 1081 330 1161 simpliciter,
353 1090 471 1160 otest,
500 1084 736 1162 proposuissent
755 1085 785 1143 in
808 1084 890 1144 hunc
906 1080 1056 1143 modurn:

136 1165 217 1225 Roas
240 1167 346 1243 optimi
370 1167 494 1241 fratres,
530 1167 660 1225 fatemur
682 1185 778 1246 opera
800 1167 882 1228 bona
903 1165 970 1225 Deo
993 1163 1056 1243 pia

135 1266 220 1323 cere,
257 1250 445 1328 omninoque
467 1268 521 1328 per
543 1267 579 1308 ea
602 1267 659 1309 nos
682 1250 809 1326 salvari,
849 1250 904 1311 sed
926 1247 1056 1308 non-sic

134 1339 205 1391 sunt
228 1331 319 1409 bona,
342 1331 424 1410 quod
447 1333 513 1390 sine
536 1339 665 1412 peccato
688 1334 757 1409 sint,
780 1333 834 1393 ssd
858 1333 929 1411 qnia
951 1329 1056 1391 adver

134 1434 186 1474 sus
220 1425 380 1493 peccatum
417 1415 584 1494 pugnando
620 1415 702 1475 iacta
736 1425 815 1480 sunt.
858 1416 927 1476 Hoc
956 1415 1055 1492 ipsura

134 1500 214 1558 enim
239 1497 351 1557 bonum
376 1516 454 1576 opus
469 1505 515 1557 est
538 1506 645 1572 totum,
671 1498 752 1577 quod
767 1506 927 1579 peccatum
948 1498 980 1556 in
1005 1515 1056 1556 no·

135 1581 181 1639 bis
205 1591 261 1656 est,
283 1587 314 1639 et
336 1581 497 1640 nobiscnm
521 1581 596 1660 ipsis
619 1600 803 1661 pugnamus,
826 1587 1057 1661 neregnet,·ne

137 1663 318 1724 obediamus
342 1664 598 1743 concupiscentiis
621 1664 697 1725 eius.
742 1669 804 1741 iarn
822 1666 894 1727 iicet
914 1665 998 1744 rigor
1019 1662 1080 1722 lea

137 1749 183 1826 gis
207 1746 329 1806 divinae
354 1748 444 1804 etism
468 1747 529 1806 boc
547 1748 672 1826 exigere
695 1752 804 1826 possit,
826 1750 931 1809 utista
954 1765 1057 1826 pugna

137 1831 175 1889 in,
192 1829 281 1888 nobis
303 1847 363 1888 non
388 1830 436 1906 sit,
459 1832 530 1907 qnia
553 1828 702 1891 teiesnon
725 1834 840 1892 creavit
860 1850 918 1892 nos
941 1828 980 1890 ab
1002 1828 1056 1888 ini-

137 1915 195 1985 tio,
220 1921 336 1971 rectum
360 1913 440 1970 enim
465 1913 537 1971 iecit
559 1912 642 1972 Deus
664 1914 838 1988 hominem,
858 1915 925 1994 ipse
947 1931 981 1972 se
1003 1912 1056 1972 mi-

137 1996 216 2054 scuit
253 1994 377 2055 infinitis
408 1996 638 2074 quaestionibus
662 1998 724 2066 (eit
745 1996 936 2078 Sapiens*).
979 1994 1056 2054 Nam

138 2080 198 2137 hoc
219 2078 300 2137 maio
324 2077 521 2157 impedimur,
558 2098 597 2137 ne
636 2081 691 2140 toti
714 2081 809 2141 simus
837 2082 868 2140 in
892 2082 956 2139 eius
978 2078 1056 2157 legs,

136 2169 167 2219 et
189 2180 259 2239 pars
284 2161 388 2233 nostri,
411 2179 490 2238 qnae
512 2160 671 2222 nobiscum
696 2172 822 2243 pugnat,
844 2164 904 2242 iegi
922 2163 986 2222 eius
1003 2160 1056 2219 ad·

137 2250 283 2303 versatur.
328 2243 443 2302 Tamen
467 2245 606 2322 promisit
637 2246 875 2307 misericordiam
905 2253 936 2305 et
973 2247 1056 2322 igno·

135 2328 283 2387 scentiam
308 2326 460 2400 omnibns,
483 2328 533 2403 qui
557 2327 666 2386 saltem
685 2349 745 2390 non
770 2330 963 2390 consentiant
986 2327 1057 2387 huic
1131 2362 1133 2370 =

135 2411 229 2488 parti,
269 2409 321 2467 sed
353 2417 491 2487 pugnent
524 2408 670 2469 adversus
693 2431 760 2472 eam
800 2419 831 2473 et
850 2412 977 2472 abolere
997 2418 1056 2470 stn-

137 2493 238 2555 deant,
284 2491 350 2550 Hoc
374 2492 506 2551 studium
531 2492 641 2570 piacet,
664 2513 726 2554 non
751 2497 823 2573 quia
844 2495 979 2573 dignum,
1003 2492 1057 2552 sed

136 2577 208 2654 quia
231 2577 297 2655 ipse
319 2572 443 2633 indulsit
465 2582 496 2634 et
517 2582 679 2653 acceptare
701 2578 849 2656 promisit.

218 2657 350 2717 Proinde
374 2675 412 2716 ne
434 2657 547 2717 infleris
570 2666 622 2716 aut
644 2659 820 2739 superbias,
854 2659 949 2719 habes
974 2660 1002 2717 in
1026 2665 1056 2717 te

134 2745 214 2821 ipso,
237 2739 319 2800 unde
339 2739 482 2799 iudicium
506 2746 537 2799 et
558 2741 690 2819 rigorem
714 2751 841 2818 metuas,
865 2750 894 2801 et
918 2742 956 2801 ad
970 2741 1057 2800 mise-

133 2823 298 2884 ricordiam
322 2824 419 2882 solam
434 2830 495 2882 tete
507 2823 658 2886 conferas.
702 2825 768 2886 Hac
780 2828 859 2885 enim
883 2827 1055 2898 miserente,

135 2926 197 2966 non
221 2916 250 2965 te
273 2915 422 2980 currente,
447 2906 528 2966 bona
552 2916 621 2965 sunt
645 2927 741 2988 opera
763 2917 824 2969 tua.
869 2906 959 2968 Aliud
983 2925 1056 2985 ergo

136 2990 227 3048 de'te
247 2987 398 3048 iudicabis
421 2987 588 3048 secundum
601 2991 734 3071 rigorem
757 2991 859 3050 iudicii
884 2991 950 3065 Dei,
974 2988 1056 3048 alind

134 3072 302 3132 secundum
327 3071 546 3150 benignitatem
569 3074 798 3134 misericordiae
820 3075 904 3135 eius,
940 3073 977 3131 Et
999 3071 1056 3130 hos

134 3156 213 3216 duos
236 3161 421 3233 conspectus
445 3173 505 3214 non
518 3156 675 3234 separabis
698 3157 727 3216 in
748 3149 806 3216 hac
829 3159 898 3220 vita.
942 3155 1057 3215 Secun-

134 3238 314 3298 domitium
348 3237 453 3296 omnia
486 3256 581 3316 opera
621 3249 675 3301 tua
707 3239 826 3319 polluta
847 3250 877 3299 et
899 3237 1056 3299 immunda

132 3333 217 3396 snat,
242 3327 368 3398 propter
391 3329 508 3398 partem
532 3321 575 3380 tui
600 3322 807 3384 adversariam
831 3323 914 3397 Deo,
947 3340 1054 3381 secun·

66 3434 71 3443 ¹
135 3405 206 3463 dum
240 3402 363 3475 hunc¹J
396 3421 469 3463 vcro
506 3409 588 3462 totus
623 3406 754 3466 mundus
786 3405 860 3471 es2)
892 3411 922 3465 et
950 3405 1056 3464 iustus.

368 3583 374 3587 .
382 3581 560 3589 ...uum-..n-

194 3688 224 3752 i)
238 3688 268 3738 ln
282 3676 408 3754 edorig.
429 3684 544 3739 osten:
565 3686 643 3737 hanc.
664 3685 695 3753 2)
717 3686 746 3736 ln
764 3686 805 3737 ed.
822 3689 892 3754 orig.
913 3685 999 3738 deest:
1020 3699 1057 3736 es.

210 3762 239 3823 *i
261 3757 364 3811 Eooles.
385 3758 409 3814 9.
