2340 4162
186 258 251 329 452
457 256 850 317 &muneremunere

191 432 285 493 etiem
308 431 437 494 eleetos.
478 428 577 490 Nullis
599 428 745 510 operibns
767 434 821 490 ant
840 429 997 491 miraonlia
1016 435 1067 490 est
1083 428 1121 491 ll·

187 514 332 593 dendom,
354 515 412 576 nisi
432 511 526 573 fldem
547 513 717 592 praebeant
725 511 757 592 ¹)
781 517 813 574 et
832 513 949 577 invent.

271 598 349 659 (lum
380 604 482 659 summ
520 602 628 658 nostra
648 595 801 658 Proteasio
838 596 1040 677 praeeipuam
1066 596 1116 657 ba-

188 680 304 760 beet²J
335 680 368 743 fl.
401 677 570 742 Antonium
608 686 640 740 et
676 678 780 742 offieio
814 685 923 740 nostro
959 679 1116 741 inonmbat

186 764 319 826 eundem
342 763 488 826 Senatum
516 781 572 843 per
598 762 704 824 orbem
738 762 956 824 sommendare
995 762 1117 844 Deiqne

186 849 317 928 gratiam
339 850 368 907 in
392 866 430 909 eo
453 846 641 926 praedioare,
662 865 743 927 qnae
762 847 860 928 gretia
882 844 953 907 fidei
972 848 1005 907 in
1018 846 1115 908 Deum

188 929 365 992 mirabiliter
387 932 417 991 in
440 947 478 989 eo
501 929 664 1009 excelluit,
697 930 789 991 statui
822 948 863 991 ex
884 931 951 1015 eins
972 929 1116 1010 Legenda

188 1013 312 1075 brevem
336 1020 365 1075 et
386 1011 539 1094 insignem
551 1020 669 1094 portem
688 1010 855 1093 decerpere
876 1019 907 1073 et
923 1014 954 1073 in
976 1032 1017 1074 ea
1029 1013 1114 1074 nobie

187 1097 363 1177 exemplum
386 1099 461 1157 tanti
491 1097 546 1157 viri
568 1115 751 1177 proponere.
794 1096 937 1177 Legimus
958 1097 1064 1176 itaque
1084 1097 1114 1157 in

188 1183 251 1240 vita
272 1181 302 1241 8.
327 1182 450 1241 Antonii
476 1177 528 1260 (ut
551 1179 658 1240 beatus
679 1180 885 1259 Hieronymus
906 1181 938 1240 in
960 1181 1042 1240 vitas
1063 1179 1113 1240 Pa

190 1274 267 1323 trum
292 1281 361 1345 eap.
382 1265 435 1328 36.
456 1261 579 1343 refert),
613 1262 697 1345 quod
718 1262 866 1325 edversus
884 1281 997 1324 omues
1019 1270 1113 1325 tenta

189 1349 290 1407 tiones
313 1342 344 1407 et
365 1364 563 1426 quaeeunque
587 1346 799 1409 tribulationes
823 1345 952 1426 (quibus
974 1364 1035 1407 nos
1052 1365 1112 1407 om-

188 1448 242 1490 nes
265 1429 403 1509 quotidie
426 1426 595 1510 agitemur)
619 1430 742 1490 brevem
765 1428 850 1490 dedit
871 1428 1032 1511 disoipulis
1053 1430 1112 1491 suis

188 1510 369 1591 doctrinam,
392 1512 484 1573 talem
507 1512 636 1589 seilicet,
657 1513 740 1592 quod
762 1511 946 1574 studendum
970 1514 1012 1573 sit
1034 1514 1112 1575 omni

188 1595 303 1656 bomini
336 1593 524 1677 spiritualem
561 1595 708 1658 laetitiam
732 1595 860 1673 bebere,
895 1594 979 1657 hano
1012 1604 1050 1657 et.
1069 1597 1112 1657 sie

188 1677 345 1739 effleaoem
379 1686 490 1741 eontra
522 1698 614 1740 omne
637 1679 766 1755 malum,
797 1687 830 1741 ιιι
859 1678 1031 1741 daemones
1054 1698 1112 1741 non

186 1761 270 1827 uliud
292 1781 392 1842 aeque
413 1762 520 1823 odiant
540 1764 570 1823 iu
583 1763 718 1842 bomine,
740 1781 830 1842 quam
853 1763 879 1822 si
902 1762 1037 1823 viderint
1048 1781 1112 1823 eum

186 1845 384 1987 ppiritualiter
404 1845 551 1928 gaudere,
573 1864 642 1907 eum
666 1846 725 1926 ipsi
745 1847 807 1907 sint
827 1846 950 1927 spiritus
966 1847 1113 1907 tristitiae.

217 1946 256 1988 oe
278 1928 354 1990 vitio
378 1930 512 1990 maxime
533 1930 692 2010 sagittant,
716 1935 749 1989 ut
769 1929 910 1992 homines
931 1929 1049 1991 iaoiant
1069 1930 1113 1990 tri·

83 2074 87 2079 ,
187 2020 267 2090 stes,
300 2011 457 2090 deiectos,
479 2031 590 2093 graves
605 2038 609 2043 ·
623 2013 717 2074 eorde
739 2018 771 2073 et
792 2013 912 2090 anxios,
933 2031 999 2093 qua
1021 2019 1113 2075 tenta·

187 2095 272 2156 tione
293 2094 515 2174 impediant-in
536 2094 597 2156 illis
613 2094 644 2170 ³)
669 2095 869 2176 bonoopera,
892 2095 998 2156 multis
1011 2096 1114 2158 adver·

186 2177 325 2238 sitatibus
363 2198 418 2239 eos
440 2178 579 2258 pulsent,
612 2186 645 2239 ιιι
676 2179 864 2260 spiritualem
892 2179 1043 2240 laetitiam
1065 2199 1111 2240 ex·

186 2262 245 2321 stin
270 2269 353 2322 nant.

247 2279 323 2404 gEst
344 2352 445 2405 autem
471 2344 586 2404 laetitia
608 2344 671 2404 alia
693 2345 833 2425 earnalis,
856 2365 934 2424 quae
958 2347 1056 2408 oritur
1076 2365 1112 2407 ex

185 2425 342 2488 affluentia
365 2435 395 2488 et
417 2429 519 2508 quiete
542 2448 641 2488 rerum
664 2427 886 2510 corporalium,
921 2433 954 2488 ut
976 2438 1051 2491 suut
1071 2448 1113 2490 sa·

184 2511 280 2590 nitas,
314 2511 452 2589 fortuna,
485 2510 623 2587 divitiae,
646 2511 796 2592 dignitas,
830 2513 931 2588 favor,
968 2513 1113 2592 potentia,

185 2594 320 2654 amicitia
342 2603 372 2654 et
394 2593 513 2654 similia.
557 2593 597 2654 Et
622 2594 700 2655 haee
722 2595 796 2656 nihil
818 2601 957 2675 prosunt,
981 2597 1045 2656 imo
1067 2616 1113 2656 au·

184 2685 257 2757 gent
279 2679 430 2738 tristitiam
459 2678 489 2736 in
518 2684 657 2758 tempore
685 2677 897 2759 adversitatis,
931 2680 1006 2757 quia
1038 2680 1112 2739 siout

184 2779 243 2836 res,
268 2761 298 2820 in
323 2760 431 2841 quibus
455 2759 595 2839 laetatur,
618 2781 680 2822 uon
703 2767 773 2821 suut
797 2781 897 2842 verae,
921 2761 976 2822 sed
989 2762 1111 2823 sallaoes

185 2852 214 2903 et
238 2844 439 2925 temporales,
473 2844 516 2903 ita
547 2852 577 2904 et
598 2844 742 2924 gaudium
772 2845 802 2905 in
826 2847 870 2905 eis
893 2846 997 2906 nitens
1021 2844 1112 2906 fallax

184 2935 231 2986 est
253 2933 285 2987 et
306 2927 485 3007 temporale.
528 2926 603 2988 Ideo
617 2934 759 2989 notanter
783 2926 866 3006 dicit,
888 2927 1009 2989 laetitia
1030 2928 1112 3009 spiri·

185 3009 285 3090 tualis,
308 3027 387 3090 quae
410 3012 505 3071 oritur
527 3030 566 3071 ex
591 3010 680 3071 rebus
705 3011 921 3091 spiritualibus.
966 3010 1111 3093 Spiritua·

184 3091 228 3151 les
251 3102 351 3154 autem
375 3113 423 3154 res
445 3100 517 3153 suut
537 3093 701 3154 invisibilia
724 3094 806 3155 done
822 3091 904 3170 Dei,
927 3102 958 3156 et
980 3115 1061 3176 quae
1082 3097 1110 3156 iu

183 3193 239 3235 oor
260 3175 392 3237 bominis
416 3196 477 3238 noo
492 3176 706 3255 aseenderunt,
730 3197 808 3258 qnae
821 3177 931 3238 oeulus
954 3179 1110 3256 nonvidit,

183 3276 241 3316 neo
263 3262 343 3319 auris
366 3259 491 3339 audivit,
516 3267 548 3320 ut
570 3260 680 3321 Paulus
706 3265 731 3324 1.
757 3262 826 3323 (lor.
849 3263 875 3323 2.

265 3339 428 3415 Quaeritur
448 3361 537 3423 ergo:
560 3343 718 3422 quomodo
732 3350 837 3424 potest
858 3344 954 3405 homo
977 3346 1110 3425 gaudere

183 3421 221 3482 de
243 3422 300 3503 his,
323 3444 402 3505 quae
424 3444 485 3486 non
507 3426 605 3508 videt,
629 3446 688 3487 nee
709 3428 809 3508 audit,
831 3447 890 3488 neo
907 3429 1110 3511 eomprehen-

182 3503 247 3567 dit?
290 3506 520 3589 Respondetur:
560 3504 643 3572 Deus'
685 3509 734 3571 bie
766 3510 918 3592 praevidit
951 3511 1108 3592 pulobrum

185 3630 463 3641 *ἡὴ-..-
471 3636 495 3641 -..
502 3637 603 3643 ...m--

103 3746 106 3753 .
176 3706 644 3834 ¹1¹mieiInsd.orig.:praebsnt.
680 3710 709 3779 2)
730 3708 814 3766 Ibid.:
835 3708 930 3768 babet.
969 3712 1002 3783 3)
1025 3711 1106 3768 Ibid.:
