2392 4170
430 244 722 315 nmmmm‘
972 258 1035 328 m

112 420 282 495 euiusmodi
305 427 374 482 sunt
396 429 426 484 st
447 423 551 483 omnia
573 421 633 481 alia
659 441 715 504 per
735 422 877 487 homines
899 425 1033 491 inventa.

113 507 203 585 Quod
239 512 341 568 autem
375 506 405 566 in
429 502 562 582 Aetis*)
586 504 616 569 S.
639 506 752 571 Paulus
783 509 1034 574 votnm'habens

113 612 182 655 sese
219 610 287 652 oum
322 595 453 670 quatuor
474 589 540 650 aliis
561 590 634 650 viris
658 592 844 674 purificavit,
882 596 949 674 quis
971 614 1033 657 non

113 675 195 737 videt
229 695 282 736 en
302 681 405 735 vetere
438 673 507 753 lege
536 672 684 754 reliquum
705 677 822 740 luisse?
857 685 891 740 ut
911 679 1033 740 interim

111 767 241 829 taoeam,
263 757 345 837 quod
367 756 539 836 temporale
559 763 665 820 votum
688 761 751 826 fuit.
796 757 939 824 Sieenim
952 762 1033 824 idem

112 843 283 924 Apostolus
305 848 336 902 et
357 841 461 902 omnia
483 840 544 901 alia
565 841 643 920 legis
665 846 777 906 veteris
800 846 942 907 servabat
964 865 1034 907 oum

110 927 247 1000 Iudaeis,
283 925 336 986 sed
359 925 421 986 hoo
452 943 514 985 non
537 924 634 987 voluit
663 929 838 1008 exemplum
861 948 929 991 esse
951 948 1034 992 novo

112 1011 329 1085 Testamento‚
362 1010 426 1070 imo
454 1026 522 1068 oum
555 1010 696 1087 gentibus
723 1012 824 1091 legem
864 1013 1034 1078 omittebat.

114 1095 244 1157 Sanetus
268 1094 437 1172 Antonius,
460 1091 630 1173 ipsissimus
653 1097 873 1158 monachorum
894 1103 983 1177 pater
1005 1103 1036 1157 et

112 1178 303 1240 monasticae
326 1177 408 1236 vitae
424 1175 577 1255 princeps,
601 1180 826 1258 sapientissime
849 1180 1035 1242 etOhristia·

112 1263 238 1323 nissime
260 1261 380 1322 censuit
402 1263 433 1320 et
450 1257 565 1338 doouit,
587 1261 660 1322 nihil
682 1283 808 1343 prorsus
832 1282 901 1324 esse
918 1270 1035 1325 tentan-

115 1346 197 1422 dum,
221 1344 303 1424 quod
326 1343 521 1404 autoritatem
544 1341 719 1426 scripturae
739 1367 802 1408 non
824 1347 961 1410 haberet.
995 1345 1036 1408 Et

113 1431 179 1510 ipse
202 1427 392 1490 devotarium
427 1425 489 1486 hoo
522 1432 553 1487 et
585 1430 791 1491 ceremoniale
813 1431 1035 1492 monachorum

113 1532 210 1593 genus
231 1530 357 1592 prorsus
380 1510 543 1589 ignoravit,
567 1511 629 1572 sed·
644 1512 739 1575 libere
752 1514 883 1575 ineoluit
900 1533 1036 1576 eremum

113 1602 144 1658 et
178 1595 274 1658 libere
308 1592 432 1656 coelebs
463 1594 558 1670 vixit,
590 1596 677 1658 iuxta
711 1596 842 1659 formam
865 1597 1036 1678 Evangelii.

111 1681 228 1741 Posteri
252 1680 317 1740 eius
341 1682 464 1753 votum,
498 1680 713 1741 nenessitatem
743 1682 972 1743 etservitutem
995 1701 1035 1743 ex

111 1764 192 1824 illius
215 1763 354 1824 instituto
376 1759 531 1838 feserunt,
564 1761 639 1823 nihil
659 1765 721 1824 nisi
743 1767 877 1845 speeiem
901 1772 932 1827 et
951 1765 1036 1827 falla·

113 1866 178 1908 oem
202 1845 441 1908 aemulationem
456 1844 651 1908 Antonianae
672 1848 808 1927 regulae,
831 1867 909 1927 quae
924 1849 1035 1911 Christi

111 1930 219 2011 regula
241 1935 296 2007 est,
320 1929 426 2005 secuti,
448 1927 582 1989 humana
605 1938 722 1992 tantum
745 1933 910 2011 sapientes.

194 2013 246 2076 Sie
267 2019 297 2075 et
319 2010 351 2078 S.
363 2011 485 2092 Paulus,
508 2030 577 2073 eum
600 2016 723 2096 saepius
744 2016 839 2076 iaetet
858 2014 988 2077 formam
1006 2020 1037 2075 et

112 2096 308 2158 traditionem
341 2112 504 2174 persuum
538 2096 737 2159 ministerium
761 2098 900 2159 eeclesiis
934 2097 1037 2160 datam

112 2181 290 2260 exigatque,
313 2185 347 2239 ut
368 2197 436 2238 sese
458 2179 629 2262 imitentur,
669 2201 732 2243 non
760 2188 862 2243 tamen
886 2181 970 2257 vult,
1003 2186 1037 2241 ut

112 2268 259 2340 tanquam
281 2260 408 2321 Paulum
431 2262 604 2341 imitentur,
639 2265 693 2326 sed
716 2264 868 2327 Christum
899 2267 930 2326 in
958 2266 1037 2345 ipso,

112 2346 234 2406 diosus:
277 2344 451 2405 imitatores
472 2346 532 2405 mei
555 2352 665 2423 estote,
687 2350 766 2410 siout
787 2355 818 2410 et
835 2368 895 2430 ego
916 2347 1037 2410 Christi.

112 2429 202 2491 (lette
224 2428 302 2489 alius
321 2426 384 2486 dux
406 2425 496 2487 nobis
519 2426 608 2488 datus
630 2448 691 2491 non
715 2439 772 2509 est,
799 2450 890 2511 quam
913 2432 952 2492 de
975 2449 1036 2511 quo

112 2512 276 2594 magnilica
296 2509 395 2572 Patris
428 2509 527 2588 gloria
549 2517 662 2574 testata
684 2519 731 2574 est
752 2516 782 2574 in
805 2514 886 2575 hano
908 2533 1032 2575 vooem:

110 2596 200 2657 Hune
223 2594 335 2657 audite.
380 2591 448 2667 Quo
463 2592 558 2654 verbo
572 2593 710 2656 Christus
733 2596 875 2657 omnibus
889 2595 952 2656 dux
967 2614 1038 2657 oon-

71 2745 80 2768 ,
111 2681 233 2741 stitutus
257 2684 312 2758 est,
336 2680 366 2736 et
386 2694 494 2737 omnes
517 2677 546 2738 ei
568 2677 696 2738 subieeti
719 2686 750 2740 et
766 2679 941 2760 postpositi.
971 2675 1036 2740 sia

111 2769 144 2823 ut
176 2769 265 2823 antea
297 2759 538 2845 prophetaverat
570 2761 706 2823 Micheas
730 2765 777 2841 5.,
816 2763 967 2823 exiturum
1002 2759 1042 2821 de

109 2845 287 2907 Bethlehem
310 2843 438 2917 ducem,
461 2844 513 2923 qui
535 2853 657 2923 regeret
679 2845 828 2928 populum
851 2844 918 2906 Dei.
960 2843 1039 2905 Hine

111 2936 141 2990 et
162 2930 292 3010 ipsemet
314 2927 394 2987 Patri
428 2945 484 2988 suo
515 2927 745 2990 contestificans
774 2925 935 3011 dieit**):
980 2925 1039 3002 Qui

110 3013 247 3092 sequitur
269 3030 338 3083 me,
372 3028 435 3070 non
457 3010 649 3073 ambulatio
673 3012 825 3088 tenebris3
863 3013 1040 3073 etiterum:

110 3096 179 3177 Ego
202 3115 269 3156 sum
292 3094 345 3154 lux
368 3094 480 3156 mundi.
525 3094 595 3175 lpse
618 3097 699 3156 enim
722 3101 785 3157 stat
805 3097 968 3174 insignum
985 3111 1040 3174 po·

110 3175 362 3259 pulomm***)‚
390 3177 471 3256 quod
495 3177 610 3240 levavit
633 3177 717 3240 Deus
740 3179 779 3240 ad
802 3175 1039 3259 oongregandos

111 3262 257 3343 profugos
280 3259 386 3322 Israel.
435 3259 521 3323 Siout
555 3261 666 3323 iterum
701 3261 775 3324 dioit
808 3262 914 3326 Iohan.
948 3257 1021 3341 6³0

108 3346 208 3407 Nemo
230 3344 315 3405 venit
337 3342 375 3403 ad
387 3343 509 3405 Patrem
531 3344 589 3406 nisi
604 3366 660 3426 per
674 3365 734 3424 me,
757 3364 816 3426 ego
836 3364 904 3406 sum
917 3345 1028 3404 ostium

110 3447 169 3508 ego
194 3428 254 3504 via,
277 3426 390 3487 veritas
413 3432 444 3487 st
466 3427 535 3488 vita.
1033 3454 1040 3465 ·

191 3511 277 3572 Haec
305 3514 336 3570 et
370 3509 481 3572 similia
503 3508 630 3570 oraoula
650 3507 840 3590 Soripturae,
874 3526 944 3569 eum
979 3506 1041 3566 sint

217 3688 1043 3762 ommwwmawmm

108 3761 339 3831 emam
