2392 4170
171 249 235 317 244
479 240 524 305 De
541 244 615 323 votis
632 242 793 305 monasticis

172 413 254 475 Non
279 411 489 494 disputari,
523 413 631 474 sitne
651 409 931 493 praestandum
953 416 1094 489 votum,

317 494 384 556 sed
406 513 503 576 quae
524 504 618 558 vote
637 515 728 559 vere
750 502 839 557 vota
859 497 948 560 sint.

255 662 354 724 Nemo
377 669 481 743 potest
502 682 632 744 negare,
666 663 809 723 divinitus
833 680 903 723 esse
923 661 1097 722 institutum

174 749 221 808 ius
242 744 389 807 reddendi
411 748 487 824 voti,
510 746 631 807 dicente
653 747 809 826 Scriptura
823 743 878 820 *);
922 745 1042 806 vovete
1064 750 1100 805 et

174 830 301 909 reddite,
323 837 356 889 ut
376 849 502 910 prorsus
523 829 599 890 nulli
615 829 661 890 les
683 831 723 890 sit
744 828 910 910 disputare,
933 848 971 890 an
987 834 1098 889 votum

174 916 214 975 sit
234 912 434 978 reddendum.
476 912 585 994 Neque
606 933 664 974 nos
681 912 881 996 disputamus,
904 932 942 974 sn
964 909 1099 972 redden·

175 998 246 1058 dum
269 998 446 1076 ultumum,
468 996 523 1057 sed
545 999 607 1058 hoc
628 997 765 1077 agimus,
787 1003 820 1057 nt
840 997 920 1057 inter
941 1005 1014 1057 vota
1037 993 1099 1054 dis·

175 1098 337 1142 eemsmus
361 1087 392 1140 et
413 1099 657 1160 cognoscamus,
688 1098 768 1159 quse
790 1082 849 1141 sint
871 1082 938 1161 pia,
961 1079 1044 1141 bona
1066 1084 1101 1139 et

176 1165 289 1246 placite
311 1164 394 1242 Deo,
428 1183 508 1242 quae
540 1171 571 1224 et
592 1165 660 1224 sols
689 1172 760 1224 sunt
781 1164 937 1225 censenda
968 1168 1044 1223 vots
1063 1161 1098 1221 in

176 1247 338 1327 scripturis
372 1249 522 1307 nominari
546 1257 577 1308 et
598 1249 699 1327 exigi3
729 1267 848 1308 rursum
881 1265 962 1328 quse
990 1245 1100 1324 impis,

176 1331 258 1392 mala
279 1338 310 1392 et
331 1329 526 1412 displicentia
541 1332 618 1409 Deo,
639 1349 719 1410 quae
741 1349 803 1392 non
824 1330 912 1392 aliter
932 1335 1005 1391 sunt
1027 1346 1100 1389 cen·

175 1414 375 1492 scodassia,
397 1432 490 1493 quem
512 1415 538 1474 si
559 1416 704 1494 pietatem
728 1414 840 1475 dixeris
863 1414 1015 1475 occidisse
1027 1430 1100 1492 pro-

176 1498 294 1558 ximum
330 1508 383 1558 aut
403 1497 607 1558 adulteratum
631 1498 741 1578 luisse,
773 1506 807 1558 ut
839 1516 899 1558 nec
925 1500 955 1558 in
975 1497 1036 1556 hoc
1058 1496 1101 1556 sit

176 1581 334 1662 disputare
356 1582 581 1662 necessarium,
615 1601 655 1643 an
690 1581 764 1642 talia
788 1583 849 1642 sint
870 1577 1028 1642 reddenda
1048 1579 1101 1640 vel

176 1664 362 1726 revocanda.
404 1664 486 1724 Nihil
520 1667 600 1724 enim
630 1673 692 1724 tam
719 1667 804 1744 pium
826 1683 864 1725 ac
888 1673 1027 1725 sanctum
1051 1669 1103 1723 est

178 1766 312 1827 unquam
334 1749 521 1826 institutum,
548 1748 630 1827 quod
652 1767 715 1808 non
737 1750 776 1825 sit
796 1767 942 1829 perversa
963 1745 1100 1808 aemula-

179 1834 263 1892 tione
284 1838 316 1891 et
336 1833 431 1911 impia
451 1833 556 1912 specie
578 1839 743 1914 tentatum,
779 1834 839 1894 imo
869 1845 939 1912 quo*
963 1831 1104 1891 sanctior

178 1935 226 1976 res
249 1926 306 1994 est,
328 1915 388 1975 hos
406 1916 504 1996 magis
515 1917 628 1996 petitur
643 1916 806 1995 impiorum
828 1923 860 1976 et
869 1915 1102 1997 hypocritarum

178 2018 326 2080 perverse
347 1998 564 2060 aemulatione.
608 1997 687 2074 Quis
710 2001 845 2060 sanctius
867 1994 961 2060 latria*
978 2017 1103 2058 summo

178 2092 209 2144 et
232 2085 330 2173 primo
354 2092 519 2162 praecepto
543 2082 707 2144 mandata?
724 2129 730 2135 -
748 2082 878 2145 Rursum
902 2081 974 2163 quid
997 2082 1105 2161 vulgo·

179 2167 496 2246 riussuperstitions,
532 2168 563 2227 id
586 2175 648 2242 est,
675 2166 754 2228 falsa
776 2176 807 2228 et
828 2169 970 2228 simulata
989 2164 1105 2227 latria?

182 2258 215 2311 ut
236 2249 431 2309 metuendum
453 2253 506 2329 sit,
544 2251 651 2311 eadem
684 2251 884 2330 perversitate
907 2260 936 2311 et
959 2257 1104 2310 votorum

182 2336 327 2415 pietatem
350 2334 553 2413 degenerasse
565 2336 595 2393 in
618 2335 794 2415 hypocrisin
809 2344 840 2395 et
852 2334 1104 2414 superstitionem

181 2418 315 2497 impiam.
357 2416 466 2496 Neque
491 2419 571 2477 enim
607 2437 679 2478 vera
701 2420 799 2496 piet-as
822 2426 853 2479 et
874 2421 1027 2477 sincerum
1051 2434 1106 2477 vo-

181 2584 373 2666 perieulosis,
395 2585 496 2664 impiis
519 2588 550 2645 et
563 2586 704 2664 pessimis
717 2586 915 2666 temporibus,
937 2585 967 2644 in
992 2582 1105 2663 quibus

182 2678 213 2730 et
234 2666 310 2730 fides
333 2679 363 2727 et
386 2671 496 2728 caritas
519 2686 687 2728 occasuros
708 2668 884 2749 praedictae
905 2677 984 2738 sunt.

217 2850 379 2910 Primum
402 2857 493 2912 vota
516 2852 735 2912 monastice
761 2870 837 2913 non
860 2852 931 2912 niti
953 2849 1072 2912 verbo

191 2947 194 2952 ’
316 2933 396 3015 Det,
419 2937 494 2995 imo
517 2935 722 2996 adversari
743 2933 864 2998 verbo
887 2934 965 2997 Dei.

264 3087 396 3150 Dubium
418 3110 480 3152 non
503 3099 564 3170 est,
599 3098 702 3152 votum
727 3092 929 3151 monosticum
952 3089 1014 3150 hoo
1034 3089 1106 3170 ipso

183 3173 388 3255 periculosum
412 3195 498 3252 esse,
531 3175 613 3254 quod
645 3195 694 3236 res
725 3184 773 3235 est
799 3176 865 3234 sine
885 3174 1053 3234 autoritate
1075 3177 1110 3236 et

183 3257 326 3337 exemplo
348 3257 538 3338 Scripturas,
575 3259 629 3319 sed
663 3269 693 3319 et
725 3258 856 3318 ecclesia
888 3256 1044 3338 primitiva
1075 3264 1109 3318 et

183 3358 297 3401 novum
319 3338 547 3402 Testamentum
579 3344 724 3423 ignorant
754 3343 785 3401 in
817 3347 914 3401 totum
942 3338 1109 3402 vovendae

183 3425 391 3502 cuiuscunque
424 3426 595 3505 selmum,
628 3425 740 3486 uedum
770 3425 902 3505 probent
922 3431 1107 3505 perpetuum

183 3508 243 3569 lroc
264 3508 327 3568 voti
349 3526 448 3588 genus
470 3508 644 3570 rarissimas
666 3516 696 3570 et
719 3508 923 3569 miraculosae
944 3506 1108 3570 castitatis.

182 3589 238 3652 ttst
259 3591 339 3650 enim
362 3609 479 3652 merum
501 3599 531 3654 et
542 3593 747 3671 perniciosum
760 3591 918 3654 hominum
936 3591 1108 3674 inventum,
