2392 4170
133 257 176 330 70
366 198 512 329 Apologia
529 248 650 324 Philippi
667 244 832 306 Melanchth.

133 417 275 496 scholas,
297 434 484 497 quanquam,
507 417 565 478 nisi
578 416 651 477 nihil
673 413 774 493 video,
797 430 860 474 non
881 412 942 473 hoc
964 409 1057 485 dolet,

132 501 215 584 quod
245 498 385 562 Patribus
413 506 444 560 et
471 497 605 582 Synodis
635 497 868 575 contradicitur,
898 495 952 565 sed
974 495 1057 576 quod

133 585 320 649 scholastica
341 602 448 665 parum
463 583 555 664 digne
577 589 734 645 tractatur.
765 581 848 642 Haec
870 578 924 641 illa
938 579 1058 641 Helena

133 676 195 751 est,
226 687 282 749 pro
316 685 379 746 qua
404 665 568 729 decertant
608 666 744 746 Magistri
777 663 883 725 nostri.
939 662 1057 744 Ecquid

133 772 195 815 non
224 753 269 813 ita
291 749 473 812 scribebatis
495 752 524 811 in
553 751 606 812 illa
635 758 735 812 vestra
766 747 858 829 plane
887 746 1059 809 Sorbooioa

131 833 345 919 praefatione?
387 833 453 895 Nos
484 854 589 896 sumus
612 833 749 916 Magistri
779 830 891 908 nostri,
915 834 946 893 et
968 829 1059 911 proii-

114 922 231 982 'temur
259 917 478 980 scholasticam
509 916 716 999 theologiam,
749 914 823 976 nihii
847 933 946 994 neque
970 909 1060 975 nobis

133 1023 202 1065 curn
227 1000 395 1081 Scriptura,
418 1020 519 1080 neque
541 1001 716 1082 Scripturas
738 999 909 1061 uobiscum.
949 1001 1059 1058 Actum

134 1093 182 1148 est
203 1084 241 1146 de
262 1102 361 1166 regno
393 1092 521 1162 nostro,
556 1086 613 1145 nisi
635 1104 652 1144 e
674 1085 843 1165 Synagoga
869 1083 1060 1156 eiecerimus,

136 1171 186 1250 qui
199 1167 411 1230 Scholasticen
428 1187 490 1229 non
504 1169 664 1249 recipiunt,
689 1168 792 1227 omnia
805 1163 892 1226 nobis
907 1163 1063 1226 movenda

136 1251 356 1330 miscendaque
379 1258 460 1328 sunt,
483 1272 520 1312 ne
545 1250 636 1313 cadat
659 1250 859 1325 Scholastice,
888 1267 968 1328 quae
1001 1249 1059 1308 nisi
1115 1272 1118 1276 ·

137 1335 225 1398 salva
247 1335 295 1411 sit,
317 1353 375 1395 nos
397 1335 586 1414 perierimus.
619 1335 695 1396 Esto
718 1353 786 1393 curn
810 1331 975 1412 Scriptura,
992 1351 1061 1393 cum

136 1417 291 1480 veteribus
313 1417 465 1495 Patribus,
489 1437 556 1479 cum
580 1426 717 1478 veterum
740 1415 874 1498 Synodis
896 1416 1062 1476 conveniat

135 1503 278 1577 huthero,
302 1507 423 1581 pereat,¹
438 1502 495 1561 nisi
518 1503 640 1563 reiectis
663 1500 720 1562 iliis
739 1519 797 1560 nos
819 1499 935 1562 adoret.
980 1499 1062 1559 Prin·

138 1586 218 1666 cipio
241 1583 314 1646 fidei
342 1603 400 1645 nos
424 1603 549 1667 sumus,
578 1604 639 1646 non
663 1585 842 1664 Scriptura,
865 1602 966 1662 neque
987 1601 1062 1643 vero

136 1667 335 1750 pugnandum
372 1675 419 1728 est
449 1669 568 1730 ratione
589 1688 657 1729 curn
685 1668 811 1728 homine
837 1666 910 1747 iiio,
951 1684 1062 1745 nempe

138 1752 300 1834 principia,
322 1751 383 1811 hoc
405 1758 450 1812 est
472 1752 686 1833 Magistrorum
720 1756 893 1811 nostrorum
918 1748 1064 1810 Serboni-

138 1854 244 1897 corum
257 1835 386 1915 somnia,
409 1843 552 1914 negante.
592 1834 734 1914 Vapulat,
757 1841 872 1914 pereat,
886 1833 956 1912 quia
970 1840 1062 1914 negat

138 1920 239 2000 prima
261 1919 420 1998 principia.

222 2002 386 2062 Dementia
413 2007 479 2061 erat
507 2020 619 2061 vocare
646 2000 718 2062 fidei
746 2000 896 2081 principia
919 1999 1064 2080 Synodos

139 2090 170 2146 et
191 2084 307 2163 Patres,
331 2083 454 2162 quando
473 2084 703 2144 fundamentum
727 2083 808 2143 aliud
831 2092 953 2164 praeter
966 2084 1063 2163 Scrip-

141 2175 239 2228 turam
262 2166 337 2246 poni
358 2185 422 2227 non
444 2173 556 2246 potest.
599 2166 641 2228 At
664 2167 801 2227 insolens
820 2168 908 2227 iuror
929 2174 974 2226 est
996 2166 1064 2227 Sor·

142 2249 324 2311 bonicorum
353 2257 528 2312 commenta
550 2251 725 2330 Scripturas
748 2253 907 2310 anteferre.
951 2249 1063 2310 Haere-

141 2333 219 2394 ticus
240 2351 303 2393 non
324 2334 373 2412 sit,
396 2335 447 2413 qui
469 2355 488 2395 a
510 2334 665 2415 Scriptura
698 2334 852 2412 dissentit,
876 2336 914 2392 sit
936 2333 1062 2393 haereti·

142 2434 213 2494 cus,
241 2417 291 2495 qui
320 2415 460 2478 dissentit
489 2438 507 2477 a
538 2417 643 2480 Sorbis
671 2417 798 2496 gallicis.
849 2414 910 2478 Sed
945 2416 1066 2476 valeant

141 2499 285 2579 ineptiae.
337 2499 417 2576 Quid
448 2502 528 2561 enim
558 2501 666 2562 attinet
694 2503 724 2559 in
753 2521 786 2560 re
815 2509 875 2560 tam
906 2499 1064 2559 manifesta

141 2588 259 2643 tautum
283 2584 445 2645 verborum
474 2584 629 2665 perdere?
651 2582 731 2658 Quid
761 2586 841 2645 enim
877 2583 1064 2643 manifestius

142 2673 216 2744 cst,
246 2685 336 2745 quam
366 2667 447 2746 quod
481 2669 575 2749 paulo
606 2673 677 2727 ante
712 2667 860 2738 diximus,
884 2668 1064 2745 perspicuae

142 2748 318 2829 Scripturas
350 2749 545 2831 Syncdorum
583 2769 854 2830 quarumcunque,
884 2750 1007 2810 Petrum
1037 2745 1079 2808 et¹

143 2832 324 2893 Schoiarum
346 2834 513 2896 sententias
536 2833 648 2896 debere
670 2833 803 2895 cedere?

138 2927 141 2933 '
226 2914 306 2990 Quin
329 2923 433 2977 cetera
464 2918 495 2977 in
522 2918 577 2978 ilia
599 2916 774 2979 Serbonica
802 2916 934 2997 epistola
963 2934 1065 2996 persc-

145 2999 274 3078 quimur.
318 2998 350 3062 Is
373 3001 421 3060 cui
444 3000 565 3080 credet,
588 3001 749 3079 inquiunt,
772 3002 822 3080 qui
846 2999 996 3060 ecclesiae
1019 3020 1065 3058 ca-

144 3080 281 3142 tholicae
302 3081 393 3143 fidem
416 3082 530 3144 habere
557 3083 729 3145 detrectat?
765 3091 818 3146 aut
840 3083 997 3162 quomodo
1021 3102 1066 3142 ca·

144 3164 266 3225 thoiicis
288 3165 487 3247 adscribetur,
511 3169 561 3247 qui
586 3169 748 3228 ecclesiam
772 3186 833 3227 non
858 3166 963 3226 audit?
999 3186 1065 3225 cum

144 3266 185 3307 ex
207 3267 261 3309 ore
283 3250 417 3311 veritatis
440 3249 552 3311 dictum
577 3251 636 3312 sit:
659 3251 690 3311 Si
713 3251 875 3310 ecclesiam
900 3269 960 3309 non
985 3248 1067 3309 audi·

145 3330 218 3409 erit,
241 3333 280 3391 sit
302 3332 355 3393 tibi
378 3334 458 3394 sicut
486 3334 624 3395 ethnicus
654 3341 685 3394 et
705 3333 898 3414 publicanus.
942 3332 1066 3408 Quaeso

145 3420 246 3474 autem
270 3434 338 3495 vos,
359 3416 507 3497 Magistri,
532 3415 604 3496 quid
627 3419 743 3478 vocatis
772 3415 963 3477 eeclesiam?
997 3415 1066 3476 Sor·

144 3496 299 3559 bonumne
332 3499 497 3579 gallicam?
555 3499 597 3560 At
625 3518 661 3560 ea
692 3519 762 3561 esse
790 3499 900 3560 Christi
936 3498 1067 3558 ecclesia

145 3581 196 3660 qui
219 3587 343 3663 potest,
367 3602 447 3662 quae
468 3604 487 3644 a
509 3584 619 3645 christi
650 3583 743 3645 verbo
767 3584 869 3644 aliena
898 3582 966 3642 est?
999 3601 1067 3642 cum

145 3682 253 3725 vocem
288 3665 340 3726 ilie
367 3685 453 3728 suam
486 3673 614 3728 testetur
636 3665 675 3729 ab
712 3666 821 3729 ovibus
844 3668 906 3726 suis
929 3665 1067 3745 agnosci.

145 3744 213 3819 Mos
233 3748 397 3816 ecclesiam
418 3769 567 3819 vocamus
589 3770 672 3832 earn,
696 3769 775 3837 quae
798 3748 892 3821 verbo
914 3748 973 3823 Dei
997 3766 1068 3821 coa·
