<?xml version="1.0" encoding="UTF-8"?>
<!DOCTYPE html PUBLIC "-//W3C//DTD XHTML 1.0 Transitional//EN"
    "http://www.w3.org/TR/xhtml1/DTD/xhtml1-transitional.dtd">
<html xmlns="http://www.w3.org/1999/xhtml" xml:lang="en" lang="en">
 <head>
  <title>
</title>
<meta http-equiv="Content-Type" content="text/html;charset=utf-8" />
  <meta name='ocr-system' content='tesseract 3.04.00' />
  <meta name='ocr-capabilities' content='ocr_page ocr_carea ocr_par ocr_line ocrx_word'/>
</head>
<body>
  <div class='ocr_page' id='page_1' title='image "./dmartinilutheri03luthgoog_0324.png"; bbox 0 0 2392 4170; ppageno 0'>
   <div class='ocr_carea' id='block_1_1' title="bbox 380 258 1060 335">
    <p class='ocr_par' dir='ltr' id='par_1_1' title="bbox 380 258 1060 335">
     <span class='ocr_line' id='line_1_1' title="bbox 380 258 1060 335; baseline 0.015 -10"><span class='ocrx_word' id='word_1_1' title='bbox 380 268 525 327; x_wconf 72' lang='lat' dir='ltr'><strong>Ambrosii</strong></span> <span class='ocrx_word' id='word_1_2' title='bbox 548 271 658 326; x_wconf 81' lang='lat' dir='ltr'><strong>Gathar.</strong></span> <span class='ocrx_word' id='word_1_3' title='bbox 678 270 826 329; x_wconf 77' lang='lat' dir='ltr'><strong>s.1o21.···</strong></span> <span class='ocrx_word' id='word_1_4' title='bbox 997 258 1060 335; x_wconf 74' lang='grc'><strong>313</strong></span> 
     </span>
    </p>
   </div>
   <div class='ocr_carea' id='block_1_2' title="bbox 132 416 1064 3827">
    <p class='ocr_par' dir='ltr' id='par_1_2' title="bbox 132 416 1064 2230">
     <span class='ocr_line' id='line_1_2' title="bbox 132 416 1059 506; baseline 0.001 -21"><span class='ocrx_word' id='word_1_5' title='bbox 132 428 312 486; x_wconf 74' lang='lat' dir='ltr'><strong>amatorum</strong></span> <span class='ocrx_word' id='word_1_6' title='bbox 334 424 516 488; x_wconf 68' lang='lat' dir='ltr'>credebatur</span> <span class='ocrx_word' id='word_1_7' title='bbox 529 445 676 506; x_wconf 77' lang='lat' dir='ltr'>praesens</span> <span class='ocrx_word' id='word_1_8' title='bbox 698 425 818 503; x_wconf 88' lang='lat' dir='ltr'><strong>adesse,</strong></span> <span class='ocrx_word' id='word_1_9' title='bbox 838 416 883 486; x_wconf 88' lang='lat' dir='ltr'><strong>ito</strong></span> <span class='ocrx_word' id='word_1_10' title='bbox 896 425 1059 486; x_wconf 84' lang='lat' dir='ltr'><strong>ecetesiam</strong></span> 
     </span>
     <span class='ocr_line' id='line_1_3' title="bbox 134 507 1059 590; baseline 0.001 -23"><span class='ocrx_word' id='word_1_11' title='bbox 134 522 230 567; x_wconf 83' lang='lat' dir='ltr'><strong>nemo</strong></span> <span class='ocrx_word' id='word_1_12' title='bbox 261 507 361 587; x_wconf 86' lang='lat' dir='ltr'><strong>videt,</strong></span> <span class='ocrx_word' id='word_1_13' title='bbox 392 509 446 569; x_wconf 87' lang='lat' dir='ltr'><strong>sed</strong></span> <span class='ocrx_word' id='word_1_14' title='bbox 478 509 577 570; x_wconf 90' lang='lat' dir='ltr'><strong>solum</strong></span> <span class='ocrx_word' id='word_1_15' title='bbox 608 509 704 572; x_wconf 87' lang='lat' dir='ltr'><strong>credit</strong></span> <span class='ocrx_word' id='word_1_16' title='bbox 730 529 786 590; x_wconf 92' lang='lat' dir='ltr'><strong>per</strong></span> <span class='ocrx_word' id='word_1_17' title='bbox 814 510 934 589; x_wconf 86' lang='lat' dir='ltr'><strong>signum</strong></span> <span class='ocrx_word' id='word_1_18' title='bbox 964 507 1059 587; x_wconf 85' lang='lat' dir='ltr'><strong>verbi,</strong></span> 
     </span>
     <span class='ocr_line' id='line_1_4' title="bbox 133 589 1061 671; baseline 0.001 -21"><span class='ocrx_word' id='word_1_19' title='bbox 133 589 220 669; x_wconf 75' lang='lat' dir='ltr'><strong>quod</strong></span> <span class='ocrx_word' id='word_1_20' title='bbox 250 591 442 671; x_wconf 87' lang='lat' dir='ltr'><strong>impossibiie</strong></span> <span class='ocrx_word' id='word_1_21' title='bbox 469 599 516 654; x_wconf 91' lang='lat' dir='ltr'><strong>est</strong></span> <span class='ocrx_word' id='word_1_22' title='bbox 544 613 671 667; x_wconf 84' lang='lat' dir='ltr'><strong>sonare,</strong></span> <span class='ocrx_word' id='word_1_23' title='bbox 704 594 761 656; x_wconf 89' lang='lat' dir='ltr'><strong>nisi</strong></span> <span class='ocrx_word' id='word_1_24' title='bbox 792 595 822 653; x_wconf 93' lang='lat' dir='ltr'><strong>in</strong></span> <span class='ocrx_word' id='word_1_25' title='bbox 853 591 985 653; x_wconf 86' lang='lat' dir='ltr'><strong>ecclesis</strong></span> <span class='ocrx_word' id='word_1_26' title='bbox 1006 610 1061 671; x_wconf 90' lang='lat' dir='ltr'><strong>per</strong></span> 
     </span>
     <span class='ocr_line' id='line_1_5' title="bbox 134 673 1061 751; baseline 0.001 -19"><span class='ocrx_word' id='word_1_27' title='bbox 134 673 275 751; x_wconf 89' lang='lat' dir='ltr'><strong>spiritum</strong></span> <span class='ocrx_word' id='word_1_28' title='bbox 303 683 454 739; x_wconf 90' lang='lat' dir='ltr'><strong>sanctum.</strong></span> <span class='ocrx_word' id='word_1_29' title='bbox 506 677 581 738; x_wconf 87' lang='lat' dir='ltr'><strong>inde</strong></span> <span class='ocrx_word' id='word_1_30' title='bbox 611 676 743 738; x_wconf 89' lang='lat' dir='ltr'><strong>ecclesia</strong></span> <span class='ocrx_word' id='word_1_31' title='bbox 770 676 851 739; x_wconf 78' lang='lat' dir='ltr'><strong>Paul.</strong></span> <span class='ocrx_word' id='word_1_32' title='bbox 874 677 902 740; x_wconf 83' lang='lat'><strong>9.</strong></span> <span class='ocrx_word' id='word_1_33' title='bbox 933 680 1061 736; x_wconf 90' lang='lat' dir='ltr'><strong>vocatur</strong></span> 
     </span>
     <span class='ocr_line' id='line_1_6' title="bbox 135 756 1061 839; baseline 0.001 -24"><span class='ocrx_word' id='word_1_34' title='bbox 135 756 279 834; x_wconf 80' lang='lat' dir='ltr'><strong>Aimntb,</strong></span> <span class='ocrx_word' id='word_1_35' title='bbox 314 757 521 839; x_wconf 49' lang='lat' dir='ltr'><strong>abscondita,</strong></span> <span class='ocrx_word' id='word_1_36' title='bbox 560 761 601 821; x_wconf 78' lang='lat' dir='ltr'><strong>lot</strong></span> <span class='ocrx_word' id='word_1_37' title='bbox 632 760 776 822; x_wconf 73' lang='lat' dir='ltr'><strong>articulus</strong></span> <span class='ocrx_word' id='word_1_38' title='bbox 808 759 897 836; x_wconf 86' lang='lat' dir='ltr'><strong>fidei,</strong></span> <span class='ocrx_word' id='word_1_39' title='bbox 932 757 1061 819; x_wconf 90' lang='lat' dir='ltr'><strong>credens</strong></span> 
     </span>
     <span class='ocr_line' id='line_1_7' title="bbox 134 838 1061 917; baseline 0.002 -19"><span class='ocrx_word' id='word_1_40' title='bbox 134 838 299 900; x_wconf 86' lang='lat' dir='ltr'><strong>ecclesiam</strong></span> <span class='ocrx_word' id='word_1_41' title='bbox 332 848 469 903; x_wconf 88' lang='lat' dir='ltr'><strong>sanctam</strong></span> <span class='ocrx_word' id='word_1_42' title='bbox 493 843 693 917; x_wconf 82' lang='lat' dir='ltr'><strong>catholicam,</strong></span> <span class='ocrx_word' id='word_1_43' title='bbox 716 842 878 904; x_wconf 87' lang='lat' dir='ltr'><strong>confltetur</strong></span> <span class='ocrx_word' id='word_1_44' title='bbox 900 860 968 901; x_wconf 90' lang='lat' dir='ltr'><strong>eam</strong></span> <span class='ocrx_word' id='word_1_45' title='bbox 991 859 1061 901; x_wconf 90' lang='lat' dir='ltr'><strong>nus-</strong></span> 
     </span>
     <span class='ocr_line' id='line_1_8' title="bbox 135 924 1060 1007; baseline 0.002 -25"><span class='ocrx_word' id='word_1_46' title='bbox 135 940 229 1002; x_wconf 86' lang='lat' dir='ltr'><strong>quam</strong></span> <span class='ocrx_word' id='word_1_47' title='bbox 251 942 407 1003; x_wconf 88' lang='lat' dir='ltr'><strong>nunquam</strong></span> <span class='ocrx_word' id='word_1_48' title='bbox 429 945 593 1007; x_wconf 86' lang='lat' dir='ltr'><strong>apparere,</strong></span> <span class='ocrx_word' id='word_1_49' title='bbox 622 928 780 1006; x_wconf 75' lang='lat' dir='ltr'>aufertque</span> <span class='ocrx_word' id='word_1_50' title='bbox 807 924 846 985; x_wconf 85' lang='lat' dir='ltr'><strong>ab</strong></span> <span class='ocrx_word' id='word_1_51' title='bbox 876 943 915 986; x_wconf 89' lang='lat' dir='ltr'><strong>eo</strong></span> <span class='ocrx_word' id='word_1_52' title='bbox 937 942 1060 985; x_wconf 90' lang='lat' dir='ltr'><strong>omnem</strong></span> 
     </span>
     <span class='ocr_line' id='line_1_9' title="bbox 135 1005 1062 1087; baseline 0.002 -23"><span class='ocrx_word' id='word_1_53' title='bbox 135 1005 239 1065; x_wconf 89' lang='lat' dir='ltr'><strong>iocum</strong></span> <span class='ocrx_word' id='word_1_54' title='bbox 268 1015 299 1067; x_wconf 89' lang='lat' dir='ltr'><strong>et</strong></span> <span class='ocrx_word' id='word_1_55' title='bbox 328 1026 509 1087; x_wconf 87' lang='lat' dir='ltr'><strong>personam,</strong></span> <span class='ocrx_word' id='word_1_56' title='bbox 540 1012 619 1071; x_wconf 90' lang='lat' dir='ltr'><strong>sicut</strong></span> <span class='ocrx_word' id='word_1_57' title='bbox 641 1017 672 1069; x_wconf 93' lang='lat' dir='ltr'><strong>et</strong></span> <span class='ocrx_word' id='word_1_58' title='bbox 692 1009 805 1069; x_wconf 87' lang='lat' dir='ltr'><strong>Penius</strong></span> <span class='ocrx_word' id='word_1_59' title='bbox 827 1007 897 1069; x_wconf 78' lang='lat' dir='ltr'><strong>eal.</strong></span> <span class='ocrx_word' id='word_1_60' title='bbox 919 1012 947 1073; x_wconf 80' lang='lat'><strong>5.</strong></span> <span class='ocrx_word' id='word_1_61' title='bbox 972 1007 1062 1067; x_wconf 90' lang='lat' dir='ltr'><strong>dicit:</strong></span> 
     </span>
     <span class='ocr_line' id='line_1_10' title="bbox 135 1087 1062 1169; baseline 0.001 -20"><span class='ocrx_word' id='word_1_62' title='bbox 135 1088 170 1149; x_wconf 79' lang='lat' dir='ltr'><strong>ie</strong></span> <span class='ocrx_word' id='word_1_63' title='bbox 192 1087 315 1151; x_wconf 83' lang='lat' dir='ltr'><strong>Christo</strong></span> <span class='ocrx_word' id='word_1_64' title='bbox 337 1091 406 1151; x_wconf 88' lang='lat' dir='ltr'><strong>Iesu</strong></span> <span class='ocrx_word' id='word_1_65' title='bbox 429 1111 491 1152; x_wconf 92' lang='lat' dir='ltr'><strong>nou</strong></span> <span class='ocrx_word' id='word_1_66' title='bbox 514 1099 561 1153; x_wconf 91' lang='lat' dir='ltr'><strong>est</strong></span> <span class='ocrx_word' id='word_1_67' title='bbox 582 1093 736 1153; x_wconf 86' lang='lat' dir='ltr'><strong>masculus</strong></span> <span class='ocrx_word' id='word_1_68' title='bbox 765 1091 967 1169; x_wconf 78' lang='lat' dir='ltr'><strong>subtemina,</strong></span> <span class='ocrx_word' id='word_1_69' title='bbox 996 1089 1062 1150; x_wconf 88' lang='lat' dir='ltr'><strong>bar·</strong></span> 
     </span>
     <span class='ocr_line' id='line_1_11' title="bbox 136 1170 1063 1255; baseline 0.001 -24"><span class='ocrx_word' id='word_1_70' title='bbox 136 1170 229 1232; x_wconf 88' lang='lat' dir='ltr'><strong>barus</strong></span> <span class='ocrx_word' id='word_1_71' title='bbox 258 1178 312 1234; x_wconf 91' lang='lat' dir='ltr'><strong>aut</strong></span> <span class='ocrx_word' id='word_1_72' title='bbox 333 1172 486 1255; x_wconf 83' lang='lat' dir='ltr'><strong>Graecus,</strong></span> <span class='ocrx_word' id='word_1_73' title='bbox 520 1176 595 1237; x_wconf 89' lang='lat' dir='ltr'><strong>iiber</strong></span> <span class='ocrx_word' id='word_1_74' title='bbox 624 1186 677 1237; x_wconf 87' lang='lat' dir='ltr'><strong>ant</strong></span> <span class='ocrx_word' id='word_1_75' title='bbox 707 1195 828 1255; x_wconf 84' lang='lat' dir='ltr'><strong>servus,</strong></span> <span class='ocrx_word' id='word_1_76' title='bbox 856 1173 987 1236; x_wconf 87' lang='lat' dir='ltr'><strong>Iudaeus</strong></span> <span class='ocrx_word' id='word_1_77' title='bbox 1011 1178 1063 1233; x_wconf 90' lang='lat' dir='ltr'><strong>aut</strong></span> 
     </span>
     <span class='ocr_line' id='line_1_12' title="bbox 138 1254 1060 1332; baseline 0.005 -19"><span class='ocrx_word' id='word_1_78' title='bbox 138 1254 270 1332; x_wconf 82' lang='lat' dir='ltr'><strong>gentitis,</strong></span> <span class='ocrx_word' id='word_1_79' title='bbox 293 1255 346 1316; x_wconf 87' lang='lat' dir='ltr'><strong>sed</strong></span> <span class='ocrx_word' id='word_1_80' title='bbox 370 1277 477 1318; x_wconf 90' lang='lat' dir='ltr'><strong>omnes</strong></span> <span class='ocrx_word' id='word_1_81' title='bbox 500 1278 556 1319; x_wconf 89' lang='lat' dir='ltr'><strong>vos</strong></span> <span class='ocrx_word' id='word_1_82' title='bbox 579 1280 672 1320; x_wconf 93' lang='lat' dir='ltr'><strong>unum</strong></span> <span class='ocrx_word' id='word_1_83' title='bbox 694 1259 767 1318; x_wconf 87' lang='lat' dir='ltr'><strong>estis</strong></span> <span class='ocrx_word' id='word_1_84' title='bbox 788 1260 819 1318; x_wconf 94' lang='lat' dir='ltr'><strong>in</strong></span> <span class='ocrx_word' id='word_1_85' title='bbox 839 1258 960 1319; x_wconf 82' lang='lat' dir='ltr'><strong>Christo</strong></span> <span class='ocrx_word' id='word_1_86' title='bbox 981 1256 1060 1318; x_wconf 86' lang='lat' dir='ltr'><strong>Iesu.</strong></span> 
     </span>
     <span class='ocr_line' id='line_1_13' title="bbox 137 1336 1061 1422; baseline 0.001 -24"><span class='ocrx_word' id='word_1_87' title='bbox 137 1336 189 1398; x_wconf 76' lang='lat' dir='ltr'><strong>oio</strong></span> <span class='ocrx_word' id='word_1_88' title='bbox 218 1345 284 1399; x_wconf 88' lang='lat' dir='ltr'><strong>rete</strong></span> <span class='ocrx_word' id='word_1_89' title='bbox 317 1341 527 1420; x_wconf 87' lang='lat' dir='ltr'><strong>apostotorum</strong></span> <span class='ocrx_word' id='word_1_90' title='bbox 558 1342 648 1403; x_wconf 90' lang='lat' dir='ltr'><strong>trahit</strong></span> <span class='ocrx_word' id='word_1_91' title='bbox 676 1344 776 1422; x_wconf 88' lang='lat' dir='ltr'><strong>pisces</strong></span> <span class='ocrx_word' id='word_1_92' title='bbox 805 1342 836 1401; x_wconf 92' lang='lat' dir='ltr'><strong>iu</strong></span> <span class='ocrx_word' id='word_1_93' title='bbox 871 1341 976 1419; x_wconf 90' lang='lat' dir='ltr'><strong>aquis,</strong></span> <span class='ocrx_word' id='word_1_94' title='bbox 999 1357 1061 1399; x_wconf 90' lang='lat' dir='ltr'><strong>non</strong></span> 
     </span>
     <span class='ocr_line' id='line_1_14' title="bbox 137 1419 1063 1505; baseline 0.002 -26"><span class='ocrx_word' id='word_1_95' title='bbox 137 1419 175 1480; x_wconf 86' lang='lat' dir='ltr'><strong>ad</strong></span> <span class='ocrx_word' id='word_1_96' title='bbox 198 1439 306 1500; x_wconf 88' lang='lat' dir='ltr'><strong>aquas,</strong></span> <span class='ocrx_word' id='word_1_97' title='bbox 328 1423 382 1483; x_wconf 87' lang='lat' dir='ltr'><strong>sed</strong></span> <span class='ocrx_word' id='word_1_98' title='bbox 403 1424 442 1484; x_wconf 88' lang='lat' dir='ltr'><strong>ad</strong></span> <span class='ocrx_word' id='word_1_99' title='bbox 465 1425 547 1486; x_wconf 84' lang='lat' dir='ltr'><strong>littus</strong></span> <span class='ocrx_word' id='word_1_100' title='bbox 569 1427 719 1505; x_wconf 78' lang='lat' dir='ltr'>exequie,</span> <span class='ocrx_word' id='word_1_101' title='bbox 742 1444 810 1484; x_wconf 90' lang='lat' dir='ltr'><strong>cnm</strong></span> <span class='ocrx_word' id='word_1_102' title='bbox 825 1442 886 1484; x_wconf 90' lang='lat' dir='ltr'><strong>non</strong></span> <span class='ocrx_word' id='word_1_103' title='bbox 909 1424 1063 1501; x_wconf 45' lang='lat' dir='ltr'><strong>bocragat</strong></span> 
     </span>
     <span class='ocr_line' id='line_1_15' title="bbox 139 1504 1064 1588; baseline 0.003 -27"><span class='ocrx_word' id='word_1_104' title='bbox 139 1504 290 1583; x_wconf 77' lang='lat' dir='ltr'><strong>piscator,</strong></span> <span class='ocrx_word' id='word_1_105' title='bbox 319 1513 353 1565; x_wconf 91' lang='lat' dir='ltr'><strong>ut</strong></span> <span class='ocrx_word' id='word_1_106' title='bbox 374 1508 475 1586; x_wconf 89' lang='lat' dir='ltr'><strong>pisces</strong></span> <span class='ocrx_word' id='word_1_107' title='bbox 505 1510 534 1568; x_wconf 91' lang='lat' dir='ltr'><strong>in</strong></span> <span class='ocrx_word' id='word_1_108' title='bbox 558 1528 638 1588; x_wconf 89' lang='lat' dir='ltr'><strong>aqua</strong></span> <span class='ocrx_word' id='word_1_109' title='bbox 661 1510 737 1584; x_wconf 91' lang='lat' dir='ltr'><strong>sint,</strong></span> <span class='ocrx_word' id='word_1_110' title='bbox 770 1509 831 1568; x_wconf 91' lang='lat' dir='ltr'><strong>hoe</strong></span> <span class='ocrx_word' id='word_1_111' title='bbox 852 1507 931 1565; x_wconf 91' lang='lat' dir='ltr'><strong>enim</strong></span> <span class='ocrx_word' id='word_1_112' title='bbox 955 1513 1064 1566; x_wconf 86' lang='lat' dir='ltr'><strong>natura</strong></span> 
     </span>
     <span class='ocr_line' id='line_1_16' title="bbox 136 1588 1062 1671; baseline 0.003 -26"><span class='ocrx_word' id='word_1_113' title='bbox 136 1605 241 1646; x_wconf 86' lang='lat' dir='ltr'><strong>eorum</strong></span> <span class='ocrx_word' id='word_1_114' title='bbox 253 1588 315 1647; x_wconf 90' lang='lat' dir='ltr'><strong>iam</strong></span> <span class='ocrx_word' id='word_1_115' title='bbox 329 1589 410 1666; x_wconf 87' lang='lat' dir='ltr'><strong>iacit,</strong></span> <span class='ocrx_word' id='word_1_116' title='bbox 423 1590 478 1650; x_wconf 89' lang='lat' dir='ltr'><strong>sed</strong></span> <span class='ocrx_word' id='word_1_117' title='bbox 490 1597 523 1652; x_wconf 90' lang='lat' dir='ltr'><strong>ut</strong></span> <span class='ocrx_word' id='word_1_118' title='bbox 534 1611 573 1652; x_wconf 88' lang='lat' dir='ltr'><strong>ex</strong></span> <span class='ocrx_word' id='word_1_119' title='bbox 585 1610 665 1671; x_wconf 84' lang='lat' dir='ltr'>aqna</span> <span class='ocrx_word' id='word_1_120' title='bbox 676 1591 842 1652; x_wconf 87' lang='lat' dir='ltr'><strong>trahantur.</strong></span> <span class='ocrx_word' id='word_1_121' title='bbox 865 1589 910 1650; x_wconf 88' lang='lat' dir='ltr'><strong>lta</strong></span> <span class='ocrx_word' id='word_1_122' title='bbox 925 1588 1062 1649; x_wconf 81' lang='lat' dir='ltr'><strong>Christus</strong></span> 
     </span>
     <span class='ocr_line' id='line_1_17' title="bbox 138 1670 1062 1752; baseline 0 -23"><span class='ocrx_word' id='word_1_123' title='bbox 138 1687 191 1748; x_wconf 86' lang='lat' dir='ltr'><strong>per</strong></span> <span class='ocrx_word' id='word_1_124' title='bbox 223 1670 332 1731; x_wconf 84' lang='lat' dir='ltr'><strong>vocale</strong></span> <span class='ocrx_word' id='word_1_125' title='bbox 362 1673 487 1733; x_wconf 88' lang='lat' dir='ltr'><strong>verbum</strong></span> <span class='ocrx_word' id='word_1_126' title='bbox 522 1694 539 1735; x_wconf 92' lang='lat' dir='ltr'><strong>e</strong></span> <span class='ocrx_word' id='word_1_127' title='bbox 570 1674 676 1749; x_wconf 90' lang='lat' dir='ltr'><strong>rebus,</strong></span> <span class='ocrx_word' id='word_1_128' title='bbox 709 1675 786 1734; x_wconf 89' lang='lat' dir='ltr'><strong>iocis</strong></span> <span class='ocrx_word' id='word_1_129' title='bbox 819 1679 849 1732; x_wconf 89' lang='lat' dir='ltr'><strong>et</strong></span> <span class='ocrx_word' id='word_1_130' title='bbox 882 1672 1062 1752; x_wconf 81' lang='lat' dir='ltr'><strong>corporibus</strong></span> 
     </span>
     <span class='ocr_line' id='line_1_18' title="bbox 138 1752 1061 1834; baseline 0.001 -23"><span class='ocrx_word' id='word_1_131' title='bbox 138 1752 228 1812; x_wconf 86' lang='lat' dir='ltr'><strong>trahit</strong></span> <span class='ocrx_word' id='word_1_132' title='bbox 251 1753 440 1817; x_wconf 82' lang='lat' dir='ltr'><strong>Christianos</strong></span> <span class='ocrx_word' id='word_1_133' title='bbox 464 1776 525 1817; x_wconf 92' lang='lat' dir='ltr'><strong>non</strong></span> <span class='ocrx_word' id='word_1_134' title='bbox 549 1758 579 1817; x_wconf 92' lang='lat' dir='ltr'><strong>in</strong></span> <span class='ocrx_word' id='word_1_135' title='bbox 603 1776 668 1831; x_wconf 92' lang='lat' dir='ltr'><strong>res,</strong></span> <span class='ocrx_word' id='word_1_136' title='bbox 701 1757 773 1818; x_wconf 86' lang='lat' dir='ltr'><strong>loca</strong></span> <span class='ocrx_word' id='word_1_137' title='bbox 800 1763 830 1815; x_wconf 90' lang='lat' dir='ltr'><strong>et</strong></span> <span class='ocrx_word' id='word_1_138' title='bbox 852 1773 998 1834; x_wconf 85' lang='lat' dir='ltr'><strong>corpora,</strong></span> <span class='ocrx_word' id='word_1_139' title='bbox 1031 1754 1061 1812; x_wconf 93' lang='lat' dir='ltr'><strong>in</strong></span> 
     </span>
     <span class='ocr_line' id='line_1_19' title="bbox 140 1834 1062 1917; baseline 0.002 -22"><span class='ocrx_word' id='word_1_140' title='bbox 140 1834 248 1913; x_wconf 86' lang='lat' dir='ltr'><strong>quibus</strong></span> <span class='ocrx_word' id='word_1_141' title='bbox 272 1838 332 1897; x_wconf 87' lang='lat' dir='ltr'><strong>iarn</strong></span> <span class='ocrx_word' id='word_1_142' title='bbox 357 1858 411 1898; x_wconf 86' lang='lat' dir='ltr'><strong>sua</strong></span> <span class='ocrx_word' id='word_1_143' title='bbox 427 1841 727 1902; x_wconf 85' lang='lat' dir='ltr'><strong>naturaconsistunt.</strong></span> <span class='ocrx_word' id='word_1_144' title='bbox 771 1838 871 1900; x_wconf 82' lang='lat' dir='ltr'><strong>Credo</strong></span> <span class='ocrx_word' id='word_1_145' title='bbox 886 1839 952 1898; x_wconf 89' lang='lat' dir='ltr'><strong>istis</strong></span> <span class='ocrx_word' id='word_1_146' title='bbox 974 1855 1062 1917; x_wconf 86' lang='lat' dir='ltr'><strong>argu·</strong></span> 
     </span>
     <span class='ocr_line' id='line_1_20' title="bbox 140 1920 1064 2002; baseline 0.001 -25"><span class='ocrx_word' id='word_1_147' title='bbox 140 1920 248 1979; x_wconf 90' lang='lat' dir='ltr'><strong>mentis</strong></span> <span class='ocrx_word' id='word_1_148' title='bbox 275 1921 336 1980; x_wconf 90' lang='lat' dir='ltr'><strong>iam</strong></span> <span class='ocrx_word' id='word_1_149' title='bbox 368 1923 441 1982; x_wconf 91' lang='lat' dir='ltr'><strong>satis</strong></span> <span class='ocrx_word' id='word_1_150' title='bbox 469 1922 560 1983; x_wconf 83' lang='lat' dir='ltr'><strong>tidem</strong></span> <span class='ocrx_word' id='word_1_151' title='bbox 582 1924 694 1984; x_wconf 85' lang='lat' dir='ltr'><strong>iactam</strong></span> <span class='ocrx_word' id='word_1_152' title='bbox 717 1924 769 2002; x_wconf 92' lang='lat' dir='ltr'><strong>pio</strong></span> <span class='ocrx_word' id='word_1_153' title='bbox 793 1920 896 1994; x_wconf 88' lang='lat' dir='ltr'><strong>cordi,</strong></span> <span class='ocrx_word' id='word_1_154' title='bbox 925 1929 956 1980; x_wconf 88' lang='lat' dir='ltr'><strong>et</strong></span> <span class='ocrx_word' id='word_1_155' title='bbox 977 1920 1064 2000; x_wconf 90' lang='lat' dir='ltr'><strong>papi·</strong></span> 
     </span>
     <span class='ocr_line' id='line_1_21' title="bbox 138 2002 1062 2085; baseline 0.003 -26"><span class='ocrx_word' id='word_1_156' title='bbox 138 2008 251 2061; x_wconf 86' lang='lat' dir='ltr'><strong>starum</strong></span> <span class='ocrx_word' id='word_1_157' title='bbox 283 2004 433 2065; x_wconf 87' lang='lat' dir='ltr'><strong>insaniam</strong></span> <span class='ocrx_word' id='word_1_158' title='bbox 469 2007 542 2065; x_wconf 88' lang='lat' dir='ltr'><strong>satia</strong></span> <span class='ocrx_word' id='word_1_159' title='bbox 565 2013 687 2082; x_wconf 87' lang='lat' dir='ltr'><strong>notam,</strong></span> <span class='ocrx_word' id='word_1_160' title='bbox 718 2024 778 2085; x_wconf 90' lang='lat' dir='ltr'><strong>qua</strong></span> <span class='ocrx_word' id='word_1_161' title='bbox 812 2003 973 2064; x_wconf 87' lang='lat' dir='ltr'><strong>ecclesiam</strong></span> <span class='ocrx_word' id='word_1_162' title='bbox 1005 2002 1062 2063; x_wconf 88' lang='lat' dir='ltr'><strong>Dei</strong></span> 
     </span>
     <span class='ocr_line' id='line_1_22' title="bbox 139 2083 1062 2228; baseline 0.004 -85"><span class='ocrx_word' id='word_1_163' title='bbox 139 2083 175 2144; x_wconf 88' lang='lat' dir='ltr'><strong>de</strong></span> <span class='ocrx_word' id='word_1_164' title='bbox 190 2085 279 2228; x_wconf 88' lang='lat' dir='ltr'><strong>¹intus</strong></span> <span class='ocrx_word' id='word_1_165' title='bbox 302 2106 427 2167; x_wconf 92' lang='lat' dir='ltr'><strong>rapere,</strong></span> <span class='ocrx_word' id='word_1_166' title='bbox 450 2089 532 2149; x_wconf 91' lang='lat' dir='ltr'><strong>etin</strong></span> <span class='ocrx_word' id='word_1_167' title='bbox 557 2090 633 2151; x_wconf 91' lang='lat' dir='ltr'><strong>locis</strong></span> <span class='ocrx_word' id='word_1_168' title='bbox 655 2107 693 2150; x_wconf 88' lang='lat' dir='ltr'><strong>ee</strong></span> <span class='ocrx_word' id='word_1_169' title='bbox 715 2088 855 2170; x_wconf 86' lang='lat' dir='ltr'><strong>personis</strong></span> <span class='ocrx_word' id='word_1_170' title='bbox 878 2086 1062 2167; x_wconf 80' lang='lat' dir='ltr'><strong>prostituere</strong></span> 
     </span>
     <span class='ocr_line' id='line_1_23' title="bbox 140 2168 314 2230; baseline 0.023 -4"><span class='ocrx_word' id='word_1_171' title='bbox 140 2168 314 2230; x_wconf 87' lang='lat' dir='ltr'><strong>moiuntur.</strong></span> 
     </span>
    </p>

    <p class='ocr_par' dir='ltr' id='par_1_3' title="bbox 137 2251 1064 3145">
     <span class='ocr_line' id='line_1_24' title="bbox 137 2251 1063 2335; baseline -0.001 -25"><span class='ocrx_word' id='word_1_172' title='bbox 137 2284 142 2294; x_wconf 89' lang='lat'><strong>·</strong></span> <span class='ocrx_word' id='word_1_173' title='bbox 218 2251 289 2330; x_wconf 83' lang='lat' dir='ltr'><strong>Ego</strong></span> <span class='ocrx_word' id='word_1_174' title='bbox 301 2260 402 2313; x_wconf 89' lang='lat' dir='ltr'><strong>tamen</strong></span> <span class='ocrx_word' id='word_1_175' title='bbox 414 2273 474 2315; x_wconf 90' lang='lat' dir='ltr'><strong>non</strong></span> <span class='ocrx_word' id='word_1_176' title='bbox 488 2273 569 2334; x_wconf 83' lang='lat' dir='ltr'><strong>nego</strong></span> <span class='ocrx_word' id='word_1_177' title='bbox 582 2256 763 2335; x_wconf 88' lang='lat' dir='ltr'><strong>papisticam</strong></span> <span class='ocrx_word' id='word_1_178' title='bbox 778 2252 951 2325; x_wconf 88' lang='lat' dir='ltr'><strong>ecclesiam,</strong></span> <span class='ocrx_word' id='word_1_179' title='bbox 963 2268 1063 2330; x_wconf 90' lang='lat' dir='ltr'><strong>neque</strong></span> 
     </span>
     <span class='ocr_line' id='line_1_25' title="bbox 139 2335 1061 2417; baseline 0.001 -24"><span class='ocrx_word' id='word_1_180' title='bbox 139 2335 308 2411; x_wconf 90' lang='lat' dir='ltr'><strong>potentiam</strong></span> <span class='ocrx_word' id='word_1_181' title='bbox 333 2337 414 2414; x_wconf 86' lang='lat' dir='ltr'><strong>eius,</strong></span> <span class='ocrx_word' id='word_1_182' title='bbox 442 2356 510 2397; x_wconf 93' lang='lat' dir='ltr'><strong>cum</strong></span> <span class='ocrx_word' id='word_1_183' title='bbox 534 2340 563 2397; x_wconf 90' lang='lat' dir='ltr'><strong>in</strong></span> <span class='ocrx_word' id='word_1_184' title='bbox 586 2337 765 2417; x_wconf 80' lang='lat' dir='ltr'><strong>Scripturis„</strong></span> <span class='ocrx_word' id='word_1_185' title='bbox 788 2337 859 2397; x_wconf 83' lang='lat' dir='ltr'><strong>novi</strong></span> <span class='ocrx_word' id='word_1_186' title='bbox 883 2335 1061 2414; x_wconf 90' lang='lat' dir='ltr'><strong>praesertim</strong></span> 
     </span>
     <span class='ocr_line' id='line_1_26' title="bbox 138 2415 1061 2500; baseline 0 -25"><span class='ocrx_word' id='word_1_187' title='bbox 138 2415 341 2496; x_wconf 73' lang='lat' dir='ltr'><strong>Testamenti,</strong></span> <span class='ocrx_word' id='word_1_188' title='bbox 371 2420 410 2480; x_wconf 90' lang='lat' dir='ltr'><strong>de</strong></span> <span class='ocrx_word' id='word_1_189' title='bbox 440 2420 572 2480; x_wconf 84' lang='lat' dir='ltr'><strong>euitare</strong></span> <span class='ocrx_word' id='word_1_190' title='bbox 597 2422 748 2500; x_wconf 85' lang='lat' dir='ltr'><strong>(excepto</strong></span> <span class='ocrx_word' id='word_1_191' title='bbox 771 2418 910 2495; x_wconf 82' lang='lat' dir='ltr'><strong>Christo)</strong></span> <span class='ocrx_word' id='word_1_192' title='bbox 943 2422 1061 2477; x_wconf 89' lang='lat' dir='ltr'><strong>tantum</strong></span> 
     </span>
     <span class='ocr_line' id='line_1_27' title="bbox 142 2497 1064 2580; baseline 0.001 -22"><span class='ocrx_word' id='word_1_193' title='bbox 142 2497 309 2560; x_wconf 85' lang='lat' dir='ltr'><strong>babeamus</strong></span> <span class='ocrx_word' id='word_1_194' title='bbox 338 2504 561 2578; x_wconf 87' lang='lat' dir='ltr'><strong>testimonium,</strong></span> <span class='ocrx_word' id='word_1_195' title='bbox 596 2522 654 2563; x_wconf 88' lang='lat' dir='ltr'><strong>neo</strong></span> <span class='ocrx_word' id='word_1_196' title='bbox 686 2521 792 2580; x_wconf 92' lang='lat' dir='ltr'><strong>parum</strong></span> <span class='ocrx_word' id='word_1_197' title='bbox 822 2503 853 2561; x_wconf 92' lang='lat' dir='ltr'><strong>in</strong></span> <span class='ocrx_word' id='word_1_198' title='bbox 875 2500 980 2560; x_wconf 83' lang='lat' dir='ltr'><strong>veteri.</strong></span> <span class='ocrx_word' id='word_1_199' title='bbox 1023 2499 1064 2560; x_wconf 79' lang='lat' dir='ltr'><strong>Et</strong></span> 
     </span>
     <span class='ocr_line' id='line_1_28' title="bbox 139 2583 1061 2666; baseline 0 -26"><span class='ocrx_word' id='word_1_200' title='bbox 139 2598 191 2640; x_wconf 92' lang='lat' dir='ltr'><strong>cnr</strong></span> <span class='ocrx_word' id='word_1_201' title='bbox 217 2601 281 2644; x_wconf 90' lang='lat' dir='ltr'><strong>non</strong></span> <span class='ocrx_word' id='word_1_202' title='bbox 310 2602 437 2665; x_wconf 81' lang='lat' dir='ltr'><strong>pergam</strong></span> <span class='ocrx_word' id='word_1_203' title='bbox 466 2587 496 2645; x_wconf 93' lang='lat' dir='ltr'><strong>in</strong></span> <span class='ocrx_word' id='word_1_204' title='bbox 526 2586 655 2666; x_wconf 85' lang='lat' dir='ltr'><strong>gratiam</strong></span> <span class='ocrx_word' id='word_1_205' title='bbox 679 2584 834 2647; x_wconf 81' lang='lat' dir='ltr'><strong>Cathsrini</strong></span> <span class='ocrx_word' id='word_1_206' title='bbox 862 2583 938 2657; x_wconf 88' lang='lat' dir='ltr'><strong>mei,</strong></span> <span class='ocrx_word' id='word_1_207' title='bbox 972 2588 1002 2640; x_wconf 93' lang='lat' dir='ltr'><strong>et</strong></span> <span class='ocrx_word' id='word_1_208' title='bbox 1030 2583 1061 2641; x_wconf 95' lang='lat' dir='ltr'><strong>in</strong></span> 
     </span>
     <span class='ocr_line' id='line_1_29' title="bbox 139 2663 1062 2748; baseline 0.001 -25"><span class='ocrx_word' id='word_1_209' title='bbox 139 2663 318 2744; x_wconf 85' lang='lat' dir='ltr'><strong>obsequium</strong></span> <span class='ocrx_word' id='word_1_210' title='bbox 341 2670 525 2729; x_wconf 80' lang='lat' dir='ltr'><strong>sanctissimi</strong></span> <span class='ocrx_word' id='word_1_211' title='bbox 547 2671 576 2728; x_wconf 91' lang='lat' dir='ltr'><strong>in</strong></span> <span class='ocrx_word' id='word_1_212' title='bbox 600 2667 721 2729; x_wconf 83' lang='lat' dir='ltr'><strong>Christo</strong></span> <span class='ocrx_word' id='word_1_213' title='bbox 743 2685 853 2748; x_wconf 90' lang='lat' dir='ltr'><strong>papae,</strong></span> <span class='ocrx_word' id='word_1_214' title='bbox 872 2666 976 2727; x_wconf 83' lang='lat' dir='ltr'><strong>vicarii</strong></span> <span class='ocrx_word' id='word_1_215' title='bbox 995 2664 1062 2741; x_wconf 89' lang='lat' dir='ltr'><strong>Dei,</strong></span> 
     </span>
     <span class='ocr_line' id='line_1_30' title="bbox 140 2748 1063 2831; baseline 0.001 -25"><span class='ocrx_word' id='word_1_216' title='bbox 140 2748 273 2827; x_wconf 89' lang='lat' dir='ltr'><strong>copiosis</strong></span> <span class='ocrx_word' id='word_1_217' title='bbox 295 2755 327 2810; x_wconf 90' lang='lat' dir='ltr'><strong>et</strong></span> <span class='ocrx_word' id='word_1_218' title='bbox 347 2750 453 2811; x_wconf 87' lang='lat' dir='ltr'><strong>solidis</strong></span> <span class='ocrx_word' id='word_1_219' title='bbox 477 2751 652 2831; x_wconf 78' lang='lat' dir='ltr'><strong>Scripturas</strong></span> <span class='ocrx_word' id='word_1_220' title='bbox 680 2750 862 2811; x_wconf 88' lang='lat' dir='ltr'><strong>testimoniis</strong></span> <span class='ocrx_word' id='word_1_221' title='bbox 891 2767 961 2808; x_wconf 90' lang='lat' dir='ltr'><strong>enm</strong></span> <span class='ocrx_word' id='word_1_222' title='bbox 984 2748 1063 2825; x_wconf 90' lang='lat' dir='ltr'><strong>prin·</strong></span> 
     </span>
     <span class='ocr_line' id='line_1_31' title="bbox 140 2830 1061 2914; baseline 0 -26"><span class='ocrx_word' id='word_1_223' title='bbox 140 2830 272 2909; x_wconf 82' lang='lat' dir='ltr'><strong>cipetum</strong></span> <span class='ocrx_word' id='word_1_224' title='bbox 296 2834 474 2908; x_wconf 87' lang='lat' dir='ltr'><strong>ostendere,</strong></span> <span class='ocrx_word' id='word_1_225' title='bbox 508 2841 539 2895; x_wconf 90' lang='lat' dir='ltr'><strong>et</strong></span> <span class='ocrx_word' id='word_1_226' title='bbox 559 2833 651 2914; x_wconf 86' lang='lat' dir='ltr'><strong>piane</strong></span> <span class='ocrx_word' id='word_1_227' title='bbox 680 2852 716 2895; x_wconf 91' lang='lat' dir='ltr'><strong>os</strong></span> <span class='ocrx_word' id='word_1_228' title='bbox 746 2832 884 2912; x_wconf 87' lang='lat' dir='ltr'><strong>oppilare</strong></span> <span class='ocrx_word' id='word_1_229' title='bbox 914 2831 1061 2905; x_wconf 90' lang='lat' dir='ltr'><strong>omnium,</strong></span> 
     </span>
     <span class='ocr_line' id='line_1_32' title="bbox 140 2912 1061 2996; baseline 0.001 -24"><span class='ocrx_word' id='word_1_230' title='bbox 140 2914 189 2990; x_wconf 86' lang='lat' dir='ltr'><strong>qui</strong></span> <span class='ocrx_word' id='word_1_231' title='bbox 212 2923 328 2994; x_wconf 86' lang='lat' dir='ltr'><strong>negant</strong></span> <span class='ocrx_word' id='word_1_232' title='bbox 349 2936 418 2977; x_wconf 90' lang='lat' dir='ltr'><strong>eum</strong></span> <span class='ocrx_word' id='word_1_233' title='bbox 443 2917 553 2978; x_wconf 85' lang='lat' dir='ltr'><strong>divinis</strong></span> <span class='ocrx_word' id='word_1_234' title='bbox 565 2916 659 2977; x_wconf 89' lang='lat' dir='ltr'><strong>literis</strong></span> <span class='ocrx_word' id='word_1_235' title='bbox 672 2914 812 2996; x_wconf 69' lang='lat' dir='ltr'><strong>probari,</strong></span> <span class='ocrx_word' id='word_1_236' title='bbox 833 2912 972 2994; x_wconf 89' lang='lat' dir='ltr'><strong>probabo</strong></span> <span class='ocrx_word' id='word_1_237' title='bbox 987 2930 1061 2993; x_wconf 81' lang='lat' dir='ltr'><strong>ergo</strong></span> 
     </span>
     <span class='ocr_line' id='line_1_33' title="bbox 138 2995 1061 3080; baseline 0 -26"><span class='ocrx_word' id='word_1_238' title='bbox 138 2995 312 3059; x_wconf 80' lang='lat' dir='ltr'><strong>fortissime.</strong></span> <span class='ocrx_word' id='word_1_239' title='bbox 355 2999 395 3060; x_wconf 78' lang='lat' dir='ltr'><strong>m</strong></span> <span class='ocrx_word' id='word_1_240' title='bbox 416 3000 530 3080; x_wconf 90' lang='lat' dir='ltr'><strong>primus</strong></span> <span class='ocrx_word' id='word_1_241' title='bbox 554 2999 628 3060; x_wconf 90' lang='lat' dir='ltr'><strong>mihi</strong></span> <span class='ocrx_word' id='word_1_242' title='bbox 649 2998 780 3079; x_wconf 88' lang='lat' dir='ltr'><strong>prodeat</strong></span> <span class='ocrx_word' id='word_1_243' title='bbox 800 2996 928 3074; x_wconf 85' lang='lat' dir='ltr'><strong>Daniel,</strong></span> <span class='ocrx_word' id='word_1_244' title='bbox 956 2995 1061 3055; x_wconf 89' lang='lat' dir='ltr'><strong>dicens</strong></span> 
     </span>
     <span class='ocr_line' id='line_1_34' title="bbox 139 3080 683 3145; baseline 0.007 -7"><span class='ocrx_word' id='word_1_245' title='bbox 139 3096 184 3140; x_wconf 90' lang='lat' dir='ltr'><strong>oa.</strong></span> <span class='ocrx_word' id='word_1_246' title='bbox 202 3081 231 3144; x_wconf 88' lang='lat'><strong>8.</strong></span> <span class='ocrx_word' id='word_1_247' title='bbox 256 3080 296 3141; x_wconf 86' lang='lat' dir='ltr'><strong>ad</strong></span> <span class='ocrx_word' id='word_1_248' title='bbox 318 3082 444 3143; x_wconf 88' lang='lat' dir='ltr'><strong>verbum</strong></span> <span class='ocrx_word' id='word_1_249' title='bbox 466 3102 506 3144; x_wconf 85' lang='lat' dir='ltr'><strong>ex</strong></span> <span class='ocrx_word' id='word_1_250' title='bbox 526 3082 683 3145; x_wconf 86' lang='lat' dir='ltr'><strong>Hebraeo:</strong></span> 
     </span>
    </p>

    <p class='ocr_par' dir='ltr' id='par_1_4' title="bbox 137 3160 1062 3827">
     <span class='ocr_line' id='line_1_35' title="bbox 224 3160 1062 3247; baseline -0.006 -24"><span class='ocrx_word' id='word_1_251' title='bbox 224 3163 270 3223; x_wconf 79' lang='lat' dir='ltr'><strong>Et</strong></span> <span class='ocrx_word' id='word_1_252' title='bbox 300 3172 391 3244; x_wconf 88' lang='lat' dir='ltr'><strong>post</strong></span> <span class='ocrx_word' id='word_1_253' title='bbox 419 3185 577 3247; x_wconf 86' lang='lat' dir='ltr'><strong>regnum</strong></span> <span class='ocrx_word' id='word_1_254' title='bbox 608 3165 785 3239; x_wconf 86' lang='lat' dir='ltr'><strong>illorum,</strong></span> <span class='ocrx_word' id='word_1_255' title='bbox 816 3160 1062 3222; x_wconf 87' lang='lat' dir='ltr'><strong>obscuranti·</strong></span> 
     </span>
     <span class='ocr_line' id='line_1_36' title="bbox 138 3244 1062 3328; baseline -0.003 -23"><span class='ocrx_word' id='word_1_256' title='bbox 138 3244 206 3306; x_wconf 91' lang='lat' dir='ltr'><strong>bus</strong></span> <span class='ocrx_word' id='word_1_257' title='bbox 245 3265 311 3308; x_wconf 89' lang='lat' dir='ltr'><strong>eos</strong></span> <span class='ocrx_word' id='word_1_258' title='bbox 349 3246 787 3328; x_wconf 85' lang='lat' dir='ltr'><strong>praevaricationibus,</strong></span> <span class='ocrx_word' id='word_1_259' title='bbox 832 3244 957 3306; x_wconf 90' lang='lat' dir='ltr'><strong>stabit</strong></span> <span class='ocrx_word' id='word_1_260' title='bbox 994 3263 1062 3303; x_wconf 86' lang='lat' dir='ltr'><strong>rex</strong></span> 
     </span>
     <span class='ocr_line' id='line_1_37' title="bbox 138 3327 1062 3410; baseline -0.005 -21"><span class='ocrx_word' id='word_1_261' title='bbox 138 3329 483 3408; x_wconf 87' lang='lat' dir='ltr'><strong>potensiaciebus,</strong></span> <span class='ocrx_word' id='word_1_262' title='bbox 506 3336 542 3391; x_wconf 90' lang='lat' dir='ltr'><strong>et</strong></span> <span class='ocrx_word' id='word_1_263' title='bbox 563 3330 799 3410; x_wconf 80' lang='lat' dir='ltr'><strong>intelligens</strong></span> <span class='ocrx_word' id='word_1_264' title='bbox 818 3327 1062 3408; x_wconf 92' lang='lat' dir='ltr'><strong>propositio-</strong></span> 
     </span>
     <span class='ocr_line' id='line_1_38' title="bbox 138 3412 1060 3486; baseline -0.002 -16"><span class='ocrx_word' id='word_1_265' title='bbox 138 3429 235 3474; x_wconf 88' lang='lat' dir='ltr'><strong>num.</strong></span> <span class='ocrx_word' id='word_1_266' title='bbox 279 3412 323 3473; x_wconf 79' lang='lat' dir='ltr'><strong>iot</strong></span> <span class='ocrx_word' id='word_1_267' title='bbox 346 3413 599 3474; x_wconf 88' lang='lat' dir='ltr'><strong>roborabitur</strong></span> <span class='ocrx_word' id='word_1_268' title='bbox 620 3413 808 3474; x_wconf 79' lang='lat' dir='ltr'><strong>efficacia</strong></span> <span class='ocrx_word' id='word_1_269' title='bbox 830 3429 906 3486; x_wconf 88' lang='lat' dir='ltr'><strong>sue,</strong></span> <span class='ocrx_word' id='word_1_270' title='bbox 929 3417 965 3470; x_wconf 88' lang='lat' dir='ltr'><strong>et</strong></span> <span class='ocrx_word' id='word_1_271' title='bbox 987 3427 1060 3469; x_wconf 90' lang='lat' dir='ltr'><strong>non</strong></span> 
     </span>
     <span class='ocr_line' id='line_1_39' title="bbox 138 3493 1061 3573; baseline 0 -22"><span class='ocrx_word' id='word_1_272' title='bbox 138 3493 174 3553; x_wconf 94' lang='lat' dir='ltr'><strong>in</strong></span> <span class='ocrx_word' id='word_1_273' title='bbox 204 3494 398 3557; x_wconf 78' lang='lat' dir='ltr'><strong>efficacia</strong></span> <span class='ocrx_word' id='word_1_274' title='bbox 420 3515 491 3557; x_wconf 90' lang='lat' dir='ltr'><strong>sua</strong></span> <span class='ocrx_word' id='word_1_275' title='bbox 529 3504 566 3557; x_wconf 91' lang='lat' dir='ltr'><strong>et</strong></span> <span class='ocrx_word' id='word_1_276' title='bbox 595 3494 796 3556; x_wconf 87' lang='lat' dir='ltr'><strong>mirabilia</strong></span> <span class='ocrx_word' id='word_1_277' title='bbox 828 3498 1061 3573; x_wconf 89' lang='lat' dir='ltr'><strong>corrumpet,</strong></span> 
     </span>
     <span class='ocr_line' id='line_1_40' title="bbox 139 3578 1062 3660; baseline 0 -26"><span class='ocrx_word' id='word_1_278' title='bbox 139 3583 176 3635; x_wconf 92' lang='lat' dir='ltr'><strong>et</strong></span> <span class='ocrx_word' id='word_1_279' title='bbox 203 3578 506 3660; x_wconf 87' lang='lat' dir='ltr'><strong>prosperabitur</strong></span> <span class='ocrx_word' id='word_1_280' title='bbox 536 3587 572 3639; x_wconf 88' lang='lat' dir='ltr'><strong>et</strong></span> <span class='ocrx_word' id='word_1_281' title='bbox 600 3579 736 3656; x_wconf 81' lang='lat' dir='ltr'><strong>faciet,</strong></span> <span class='ocrx_word' id='word_1_282' title='bbox 769 3584 806 3637; x_wconf 91' lang='lat' dir='ltr'><strong>et</strong></span> <span class='ocrx_word' id='word_1_283' title='bbox 837 3580 1062 3655; x_wconf 89' lang='lat' dir='ltr'><strong>corrumpet</strong></span> 
     </span>
     <span class='ocr_line' id='line_1_41' title="bbox 137 3655 1061 3742; baseline -0.002 -24"><span class='ocrx_word' id='word_1_284' title='bbox 137 3659 324 3741; x_wconf 87' lang='lat' dir='ltr'><strong>robusta,</strong></span> <span class='ocrx_word' id='word_1_285' title='bbox 359 3667 394 3722; x_wconf 85' lang='lat' dir='ltr'><strong>et</strong></span> <span class='ocrx_word' id='word_1_286' title='bbox 427 3661 623 3742; x_wconf 91' lang='lat' dir='ltr'><strong>populum</strong></span> <span class='ocrx_word' id='word_1_287' title='bbox 658 3660 906 3736; x_wconf 84' lang='lat' dir='ltr'><strong>Sanctorum,</strong></span> <span class='ocrx_word' id='word_1_288' title='bbox 943 3665 982 3718; x_wconf 91' lang='lat' dir='ltr'><strong>et</strong></span> <span class='ocrx_word' id='word_1_289' title='bbox 1013 3655 1061 3717; x_wconf 89' lang='lat' dir='ltr'><strong>ad</strong></span> 
     </span>
     <span class='ocr_line' id='line_1_42' title="bbox 139 3739 1062 3827; baseline -0.001 -26"><span class='ocrx_word' id='word_1_290' title='bbox 139 3760 294 3806; x_wconf 91' lang='lat' dir='ltr'><strong>sensum</strong></span> <span class='ocrx_word' id='word_1_291' title='bbox 327 3763 434 3806; x_wconf 91' lang='lat' dir='ltr'><strong>suum</strong></span> <span class='ocrx_word' id='word_1_292' title='bbox 465 3745 549 3808; x_wconf 85' lang='lat' dir='ltr'><strong>erit.</strong></span> <span class='ocrx_word' id='word_1_293' title='bbox 591 3744 638 3806; x_wconf 78' lang='lat' dir='ltr'><strong>iot</strong></span> <span class='ocrx_word' id='word_1_294' title='bbox 666 3741 973 3827; x_wconf 77' lang='lat' dir='ltr'><strong>prosperabitur</strong></span> <span class='ocrx_word' id='word_1_295' title='bbox 994 3739 1062 3800; x_wconf 92' lang='lat' dir='ltr'><strong>do·</strong></span> 
     </span>
    </p>
   </div>
   <div class='ocr_carea' id='block_1_3' title="bbox 0 0 1202 4170">
    <p class='ocr_par' dir='ltr' id='par_1_5' title="bbox 0 0 1202 4170">
     <span class='ocr_line' id='line_1_43' title="bbox 0 0 1202 4170; baseline 0 0"><span class='ocrx_word' id='word_1_296' title='bbox 0 0 1202 4170; x_wconf 95' lang='lat' dir='ltr'><strong> </strong></span> 
     </span>
    </p>
   </div>
  </div>
 </body>
</html>
