2392 4170
211 244 253 314 22
468 245 511 302 De
529 246 606 317 (lapt.
623 245 722 316 Babyl.
741 247 885 303 Ecclesiae

213 404 306 464 sterio
335 400 499 464 meditatus
535 403 751 482 promoverim.
802 401 881 464 Nam
913 420 974 481 quo
998 407 1140 482 ternpore

214 505 388 548 sermonem
413 486 451 546 de
473 486 656 546 eucharistia
677 485 823 563 edebam,
852 486 882 546 in
905 505 962 546 usu
986 486 1143 545 communi

213 570 394 647 haerebam,
427 569 500 629 nihil
530 569 568 630 de
595 588 694 648 papae
730 571 795 630 sive
828 570 909 647 iure,
938 570 1003 629 sive
1031 570 1142 628 iniuria

215 653 373 715 sollicitus.
419 653 459 713 At
480 672 561 712 nune
582 661 767 732 provocatus
790 660 820 713 et
842 654 1048 730 exercitatus,
1079 655 1141 711 imo

214 756 267 817 per
288 738 349 796 vim
371 742 477 816 raptus
498 737 528 796 in
551 737 630 796 hanc
653 755 792 814 arenam,
822 734 902 796 debe
925 734 1036 812 libere,
1059 754 1141 814 quae

214 821 323 883 sentio.
368 819 499 880 Rideant
530 821 593 878 sive
614 819 734 899 plorent
763 821 903 899 papistas
931 818 980 880 vel
1010 819 1142 879 universi

216 905 245 965 in
269 923 373 964 uuum.

299 986 432 1046 Primum
457 986 565 1065 caph.
589 985 651 1045 loh.
675 987 825 1046 intutum
850 993 897 1045 est
918 983 1141 1064 seponendum,

215 1080 248 1130 ut
269 1069 351 1150 qnod
374 1088 431 1129 neo
453 1067 572 1149 syllaba
593 1067 714 1147 quidem
738 1068 776 1128 de
792 1077 985 1128 sacramento
998 1068 1142 1147 loquitur,

218 1173 278 1215 non
302 1152 410 1231 modo,
442 1152 524 1231 quod
546 1158 771 1212 sacramentum
793 1151 928 1212 nondum
951 1162 1033 1212 esset
1053 1152 1144 1211 insti·

216 1244 322 1313 tutum,
344 1236 398 1296 sed
422 1236 516 1296 multo
539 1236 647 1314 magis,
665 1235 748 1313 quod
770 1236 837 1314 ipsa
853 1236 1002 1296 sermonis
1023 1242 1053 1294 et
1076 1253 1144 1294 sen-

215 1321 377 1381 tentiarum
406 1320 625 1396 consequentia
654 1316 693 1377 de
718 1317 780 1377 fide
803 1324 855 1392 (ut
876 1319 955 1394 dixi)
991 1319 1142 1378 incarnati

216 1402 300 1462 verbi
323 1402 473 1463 Christum
503 1401 585 1480 loqui
613 1401 695 1461 olere
725 1401 898 1462 ostendunt.
941 1401 1023 1461 Dicit
1044 1402 1142 1465 enim:

216 1485 320 1548 Verba
341 1504 410 1549 mea
432 1486 554 1566 spiritus
587 1492 617 1545 et
650 1485 817 1561 vitasunt,
851 1483 1018 1545 ostendens
1047 1503 1081 1543 se
1102 1484 1142 1544 de

216 1568 453 1630 manducatione
474 1568 621 1649 spirituali
636 1568 730 1646 loqui,
754 1587 814 1647 qua
826 1569 876 1647 qui
891 1567 1035 1646 consedit,
1058 1568 1143 1644 vivit,

217 1673 285 1713 eum
313 1652 417 1713 ludaei
450 1651 486 1711 de
516 1650 629 1711 carnali
660 1670 728 1711 eum
759 1651 976 1732 intelligerent,
1010 1651 1144 1728 ideoque

215 1737 378 1815 litigarent.
422 1734 464 1795 At
484 1734 567 1794 nulle
589 1733 784 1795 mandueatio
808 1733 958 1813 vivificat,
980 1734 1038 1793 nisi
1060 1732 1142 1810 fidei,

216 1819 295 1880 haec
317 1819 398 1878 enim
422 1825 469 1878 est
491 1837 561 1877 vere
588 1817 752 1896 spiritualis
776 1824 805 1876 et
835 1819 905 1877 vive
932 1817 1145 1895 manducatio,

215 1905 294 1964 sicut
314 1907 347 1962 et
376 1901 564 1981 Augustinus
596 1899 682 1962 dieit:
706 1900 746 1961 Ut
775 1900 846 1978 quid
881 1920 971 1980 paras
1005 1905 1142 1959 ventrem

216 1993 246 2046 et
278 1983 421 2045 dentem?
456 1983 546 2044 crede
581 1989 613 2043 et
644 1982 845 2044 manducasti.
905 1982 1142 2047 sacramentalis

216 2070 298 2129 enim
320 2086 382 2128 non
406 2065 555 2144 vivificat,
588 2085 655 2126 curn
679 2066 764 2126 multi
794 2065 980 2126 manducent
1008 2066 1144 2146 indigne,

214 2158 248 2212 ut
280 2170 342 2211 non
376 2151 475 2230 possit
510 2150 549 2209 de
586 2155 779 2210 sacramento
810 2149 940 2229 intelligi
976 2149 1036 2210 boc
1072 2149 1143 2209 loco

215 2235 345 2295 loeutus.

282 2303 377 2378 ‘Sunt
397 2335 471 2376 saue
503 2314 624 2395 quidam
648 2316 693 2375 his
717 2315 817 2376 verbis
846 2313 885 2375 ad
914 2321 1140 2376 sacramentum

214 2399 387 2460 docendum
411 2399 513 2475 ebusi,
542 2405 626 2459 utet
647 2398 817 2459 Decretelis
841 2397 970 2477 dudum,
1001 2397 1140 2461 etmulti

215 2483 274 2544 alii.
319 2481 378 2543 Sed
400 2481 482 2543 aliud
505 2488 552 2543 est
568 2479 693 2542 abusive
705 2481 886 2561 Scripturas,
908 2480 989 2542 alind
1005 2480 1141 2560 legitime

214 2565 398 2644 intelligere,
430 2565 544 2645 alioqui
566 2583 633 2624 oum
665 2565 752 2626 dicit:
788 2565 853 2624 Nisi
881 2565 1137 2625 manducaveritis

216 2667 342 2710 carnem
364 2666 480 2726 meam,
513 2656 544 2709 et
572 2647 706 2708 biberitis
729 2649 912 2727 sanguinem
930 2667 1046 2722 meum,
1077 2666 1138 2708 non

214 2730 364 2793 habebitis
392 2732 502 2810 vitam,
534 2750 641 2792 omnes
670 2732 817 2808 infantes,
849 2749 956 2792 omnes
990 2729 1139 2810 infirmos,

216 2833 323 2876 omnes
360 2814 520 2893 absentes,
556 2822 610 2874 aut
643 2833 767 2895 quoquo
802 2812 895 2874 modo
928 2811 1092 2893 impeditos
1121 2832 1140 2874 a

215 2897 429 2958 sacramentali
471 2897 707 2959 manducatione
749 2897 923 2972 damnaret,
956 2914 1140 2975 quacunque

214 2980 274 3040 fide
296 2987 501 3059 praestarent,
535 2983 558 3041 si
588 2980 842 3042 sacramentalem
870 2978 1139 3040 manducationem

214 3063 256 3125 ibi
285 3065 502 3144 praecepisset.
558 3063 608 3124 Sic
643 3063 831 3144 Augustinus
872 3063 950 3124 libro
979 3065 1007 3127 2.
1032 3068 1140 3123 contrc

214 3143 299 3207 iulia.
316 3167 355 3207 ex
367 3148 545 3208 Innocentio
560 3145 680 3229 probat,
692 3147 783 3207 etiam
795 3146 925 3206 inientes
939 3146 1015 3206 oitra
1036 3164 1138 3206 sacra·

187 3231 351 3291 'mentum
380 3230 563 3291 manducare
593 3248 730 3307 earnem,
766 3235 797 3289 et
825 3227 928 3289 bibere
958 3230 1138 3309 sanguinem

215 3312 341 3382 Christi,
371 3314 401 3373 id
424 3321 486 3386 est,
509 3311 616 3372 eedem
645 3312 706 3373 fide
728 3311 878 3373 ecclesiae
900 3313 1137 3374 communicare.

122 3432 125 3436 -
214 3394 259 3455 Sit
281 3414 355 3475 ergo
385 3403 451 3457 reta
471 3395 551 3456 haee
579 3397 745 3473 sententie,
773 3414 840 3475 cap.
864 3399 892 3460 6.
916 3395 981 3457 loh.
1004 3395 1076 3454 nihil
1099 3395 1138 3454 ad

213 3497 278 3538 rem
298 3478 407 3543 facere.
452 3478 540 3539 Unde
569 3485 600 3538 et
628 3479 703 3540 alias
733 3479 858 3558 scripsi,
892 3478 1046 3539 Bohemos
1075 3497 1138 3538 non

213 3580 307 3705 pppistp
327 3580 384 3642 pro
406 3568 534 3641 utreque
558 3563 662 3641 specie
684 3561 797 3623 tuenda
823 3560 894 3622 huic
915 3561 985 3623 loco
1009 3560 1140 3623 fideliter
