2392 4170
146 248 210 315 432
370 246 476 303 mum
493 242 641 301 neumam
659 260 755 315 agn
771 242 901 314 Aaou

231 418 345 479 Verum
366 416 446 479 haee
465 435 549 478 nora
568 423 617 476 est
636 415 751 474 nusae
782 414 928 476 delinitio
950 434 1075 476 norum·

148 520 209 580 que
229 500 417 581 exemplum,
439 520 478 561 ne
502 518 540 561 oe
563 501 645 560 eninr
663 516 722 578 ego
746 498 796 558 ael
818 517 876 578 per
896 498 1007 559 lebuini
1028 498 1076 558 rel

150 603 204 663 per
211 584 375 663 phrenesin
387 583 479 643 siode
522 584 583 643 issa
594 584 733 662 nogion
746 600 882 660 unquam
894 583 1077 662 potuissem.

150 666 190 726 Et
211 668 305 726 miror
325 667 560 745 copiosissimos
581 665 758 725 ‘l'bomistas
787 684 850 724 uon
873 664 1078 725 oonlirmaase

150 749 231 808 bano
268 750 420 809 rationem
453 749 592 809 festivam
625 747 692 808 aliis
726 749 862 826 quinque
894 747 1077 809 rationibus.

151 830 228 891 Nam
251 832 278 891 si
300 850 483 892 oonseorare
505 839 553 891 est
574 832 677 907 blissa,
699 837 803 910 potest
824 832 919 890 etiam
932 830 1078 907 clamare,

150 924 295 988 eantare,
323 912 516 993 tburilloare,
545 914 687 974 oereolos
721 914 888 973 incendere
901 960 911 993 ,
947 911 1077 974 calicem

151 995 310 1073 mundare,
332 996 464 1056 bostiam
487 997 600 1071 levare,
623 998 702 1056 forte
723 1007 751 1055 et
774 1002 950 1056 sternutare
972 1006 1005 1079 et
1025 1014 1078 1055 ex·

151 1097 281 1151 oreore,
316 1087 347 1139 et
374 1080 445 1159 quid
476 1099 537 1138 non
568 1081 667 1159 possit
687 1079 745 1138 boo
765 1077 990 1139 Henrioissima
1011 1097 1077 1158 pru-

152 1160 256 1222 dentia
276 1161 371 1222 lliasa
392 1162 474 1222 dioi?
508 1161 588 1238 Quin
611 1161 810 1222 concedimus
831 1181 915 1222 novo
938 1163 990 1222 isti
1013 1180 1075 1221 ver-

153 1242 259 1305 borum
283 1251 314 1305 et
335 1264 435 1305 rerum
459 1246 629 1322 inventori,
650 1254 683 1304 ut
705 1252 798 1323 oaput
819 1246 898 1305 asini
920 1245 972 1304 vel
994 1245 1077 1325 poroi

154 1327 276 1387 Missam
301 1336 411 1407 vooet;
434 1328 505 1408 quid
528 1330 608 1388 enim
631 1329 737 1407 reiert,
765 1327 897 1407 quodvis
918 1328 999 1403 diui,
1028 1328 1078 1403 illi,

153 1411 201 1471 oui
224 1410 376 1472 voeabula
399 1418 431 1472 et
452 1431 501 1472 res
522 1419 666 1490 stantque
687 1411 862 1488 caduntque
875 1413 903 1485 ¹)
929 1410 970 1471 ad
989 1411 1077 1492 plaoi·

154 1502 228 1571 tuns,
251 1494 337 1553 iuxta
358 1514 446 1554 suurn
470 1494 675 1554 Aristotelem.

237 1574 425 1638 (lonlltemur
446 1580 548 1655 itaque
565 1578 625 1637 hoo
637 1577 741 1653 modo,
763 1576 888 1635 Missam
905 1596 978 1637 esse
992 1594 1077 1656 opus,

154 1665 185 1719 ot
205 1658 395 1739 palinodiam
419 1661 572 1738 canimus,
597 1662 795 1739 poenitetque
818 1677 875 1719 nos
899 1668 964 1720 tam
989 1660 1076 1738 insig-

154 1743 201 1803 nis
223 1742 344 1817 erroris,
367 1761 429 1821 quo
451 1743 670 1823 ignorabamus
691 1743 775 1818 iore,
798 1749 830 1802 ut
851 1741 881 1801 id
904 1742 975 1802 Rex
998 1742 1076 1821 Aug·

154 1821 215 1885 lias
236 1825 407 1904 appellaret
428 1826 565 1905 Missum,
589 1825 704 1905 alioqui
732 1844 792 1886 non
816 1824 966 1885 defuisset
990 1826 1075 1886 nobis

156 1913 240 1968 unta
263 1908 413 1981 eruditio,
442 1928 503 1988 qua
530 1909 610 1968 buno
642 1927 775 1968 errorem
814 1910 1007 1968 novissemus
1049 1916 1076 1968 et

155 2008 280 2051 oausam
304 1990 455 2052 scribendi
479 1993 554 2052 tanti
577 1990 670 2052 libelli
693 1989 961 2070 praecidissemue.

237 2072 297 2133 Sed
320 2074 380 2133 boo
403 2075 482 2134 male
515 2074 641 2135 vexabit
663 2083 863 2151 assertorem,
899 2073 985 2154 quod
1022 2074 1075 2135 hao

154 2157 273 2216 ratione
296 2156 388 2216 Missa
411 2178 471 2217 non
496 2159 551 2216 erit
574 2157 686 2216 bonum
709 2175 806 2236 opus,
835 2159 892 2217 nisi
917 2157 1018 2218 bonus
1040 2159 1075 2217 sit

155 2246 363 2299 consecrator.
436 2239 532 2300 Malus
579 2243 658 2299 enim
711 2241 790 2299 male
838 2241 911 2300 fuoit
970 2260 1071 2301 oonse·

156 2320 297 2400 orando,
341 2321 370 2381 id
432 2331 499 2400 est,
554 2322 728 2402 missaudo,
782 2329 814 2382 ut
874 2323 943 2383 Rex
998 2323 1073 2384 dioit.

156 2402 264 2482 ltaque
287 2423 347 2463 non
373 2405 475 2465 lioebit
505 2406 585 2465 malo
614 2405 766 2466 sacerdoti
790 2425 990 2481 oonseorare,
1017 2410 1074 2466 imo

157 2505 255 2565 neque
281 2489 402 2566 poterit,
426 2507 493 2547 oum
518 2488 639 2548 Missam
654 2488 748 2548 velint·
772 2491 947 2549 necessario
965 2491 1073 2550 bonum

157 2589 235 2649 opus
258 2589 336 2632 esse.
381 2571 552 2649 Peribitque
574 2571 663 2630 simul
686 2571 739 2630 illa
762 2570 925 2650 magnifica
948 2573 1075 2634 Theolo-

156 2654 223 2733 gia,
247 2672 307 2731 qua
331 2652 487 2713 delinitum
512 2660 577 2732 est,
601 2655 723 2713 Missam
760 2655 849 2713 etiam
880 2655 953 2715 muli
977 2674 1075 2715 saner·

157 2737 237 2796 dotis
261 2754 330 2796 essa
352 2755 473 2817 semper
498 2754 575 2817 opus
600 2737 724 2812 bonum,
747 2739 856 2796 virtute
880 2739 986 2816 operis
1009 2757 1074 2818 ope·

158 2819 224 2896 rati,
247 2818 318 2879 lioet
340 2841 400 2879 non
426 2821 535 2880 virtute
558 2821 660 2900 operis
684 2824 850 2899 operantis.
877 2819 956 2880 Nam
972 2819 1075 2882 Domi·

157 2920 213 2961 nus
236 2901 384 2962 Heurious
408 2921 485 2983 opus
502 2904 659 2981 operantis
683 2921 739 2980 pro
763 2902 855 2962 Missa
870 2904 996 2983 aooipit,
1018 2923 1076 2964 non

157 3004 234 3064 opus
258 2999 426 3063 operatum.
474 2983 535 3047 Sed
559 2986 638 3046 forte
662 2985 728 3044 Rex
760 2991 807 3045 est
830 2985 968 3065 pluribus
992 3006 1076 3047 ooou·

156 3076 261 3148 patus,
284 3087 374 3146 quam
399 3077 430 3127 ut
453 3069 499 3128 vel
524 3070 651 3128 disceret
686 3068 734 3127 vel
758 3067 970 3128 reeordaretur
995 3072 1078 3130 istius

157 3149 332 3230 theologius
354 3151 392 3210 de
415 3171 508 3230 opero
545 3151 663 3232 operati
692 3160 721 3209 et
744 3152 912 3230 operantis.
958 3152 1011 3213 Sio
1031 3152 1078 3212 de·

158 3231 230 3305 bont
252 3233 356 3294 bootes
373 3235 506 3293 veritatis
523 3254 557 3294 se
580 3237 666 3314 ipsos
680 3234 868 3294 confundere
892 3242 923 3296 et
944 3237 1078 3309 irridere,

157 3334 212 3393 pro
239 3316 378 3376 meroedo
402 3316 660 3396 blasphemiarum
683 3336 815 3378 suarum.

240 3397 310 3458 Alio
335 3399 442 3476 modo,
474 3400 567 3460 lllissa
598 3408 646 3459 est
675 3418 746 3460 vere
774 3406 805 3459 et
827 3403 972 3480 proprie,
1006 3405 1080 3464 siout

157 3496 215 3541 nos
236 3479 275 3539 de
297 3500 334 3540 ea
364 3482 537 3562 loquimur,
572 3483 670 3563 ipsum
705 3481 831 3544 verbum
866 3488 1080 3564 promissionis

28 3546 157 3904 W·
229 3736 257 3805 l)
276 3736 308 3791 ln
326 3736 370 3793 ad.
390 3737 478 3809 oripi
497 3739 666 3810 oadantqus
