2392 4170
34 299 42 311 ,
137 232 202 311 812
276 306 278 310 ,
447 238 490 297 De
507 240 583 297 voti!
599 234 762 298 monnone
831 310 836 319 Ι

138 410 311 493 ιρίήιιιιιΙοι
332 420 489 494 praestare
510 409 648 497 patribus
666 409 850 492 annualibus,
873 410 918 472 ita
939 416 971 471 et
991 408 1063 472 obe·

139 494 283 559 dientiam
317 495 438 559 illorum
467 495 699 578 praeferendam
725 495 834 558 horum
857 494 1063 558 obedientiae.

138 579 252 656 Tertio,
276 582 434 644 earitatenr
447 580 541 643 nihilo
564 582 663 644 minue
686 581 822 642 exerceri
839 578 919 640 inter
940 578 1064 641 Fratres

139 664 326 741 monasterii.
368 664 454 727 Haeo
475 664 527 730 ilii.
571 663 666 725 Videe
695 685 727 724 er
750 682 768 725 ο
798 662 1006 727 obedientiam
1032 669 1065 723 et

140 748 299 811 toritatem
332 748 478 829 peritton
502 768 519 809 e
541 747 664 830 publioo
700 684 766 809 initi
793 754 823 808 et
844 747 874 806 in
899 764 987 807 auum
1007 764 1064 807 an·

163 831 244 891 ulum
268 831 349 913 eogi.
382 831 550 893 Videamue
573 833 744 893 autemsstrin
766 832 825 892 iata
846 827 1064 912 perordinem.

139 851 273 976 §timum
295 914 384 977 iliud:
411 915 519 977 Melior
545 921 592 976 eet
614 913 790 978 obedientia
813 934 903 995 quam
927 914 1063 992 victime,

138 999 304 1081 praecipue
325 1004 357 1060 et
377 999 477 1060 nolum
500 1000 631 1080 pertinet
660 999 700 1061 ad
723 998 867 1059 mandata
890 997 1010 1073 divine,
1032 1004 1066 1059 et

138 1088 224 1145 reete
256 1083 373 1163 impetu
398 1082 473 1145 feeit
498 1089 606 1144 eontra
637 1084 850 1146 moneatioam.
898 1080 976 1144 Nam
1011 1081 1064 1160 qni

139 1171 233 1245 vovet
254 1166 454 1242 monastiea,
476 1184 546 1227 nese
567 1166 657 1229 offert
679 1162 923 1228 viotimam'Deo
948 1165 999 1243 (nt
1020 1163 1063 1226 di·

139 1254 241 1324 eont).
285 1247 346 1311 Sed
376 1250 457 1311 hano
498 1250 654 1312 vietimem
682 1249 852 1311 abominari
885 1267 955 1309 ease
989 1247 1065 1310 dinit

18 1356 22 1361 ’
138 1332 313 1414 Dominus,
341 1333 366 1394 ei
388 1332 441 1395 dat
471 1340 578 1395 eontra
600 1331 805 1396 obedientiam
842 1330 978 1403 mandeti
1006 1333 1063 1394 eui.

140 1414 180 1477 At
203 1415 380 1478 mandatum
404 1436 492 1478 auom
515 1423 572 1498 eet,
595 1416 720 1479 obedire
751 1415 926 1500 perentibus
949 1423 981 1476 et
1002 1433 1063 1477 eer-

139 1500 204 1561 vire
226 1501 387 1582 proximis,
409 1506 496 1561 estne
518 1501 610 1581 igliur
631 1500 709 1561 haee
728 1501 855 1582 insignis
868 1499 1063 1581 perversitas,

139 1583 200 1644 hoa
227 1582 384 1664 appetiere
412 1583 618 1646 obedientiam
651 1603 745 1664 supra
772 1585 949 1662 victimam,
979 1581 1062 1665 qnod

139 1663 225 1730 Deue
247 1667 383 1748 appellet
405 1668 558 1729 victimam
581 1667 728 1729 adversus
752 1666 984 1729 obedientiam?

222 1750 273 1812 flio
293 1750 464 1832 intelligere
486 1750 601 1812 dooent
622 1751 784 1813 monastiei
806 1750 925 1813 divinae
948 1749 1062 1830 literae,

139 1838 173 1896 ut
194 1852 241 1912 ea,
263 1852 342 1915 quae
365 1833 404 1896 de
425 1831 484 1897 Dei
508 1834 660 1895 mandatis
680 1833 831 1908 diduntur,
852 1839 959 1915 aptent
983 1852 1065 1895 rnen·

140 1916 219 1979 datie
241 1916 410 1999 hominum,
432 1924 464 1979 et
485 1935 565 1998 qnae
578 1916 725 1979 adversae
739 1917 888 1980 mandata·
906 1917 1063 1979 hominum

139 1999 288 2083 dieantur,
310 2008 417 2083 aptent
440 1999 587 2063 adversus
610 2000 753 2062 mandata
774 2001 841 2064 Dei.
885 2000 951 2064 Hae
972 2001 1065 2083 igitur

140 2082 316 2146 obedientia
341 2086 538 2166 pertinnoiter
564 2104 637 2146 neue
667 2085 810 2146 Minorita
841 2103 903 2145 non
936 2085 1065 2166 porrigit

139 2187 239 2247 neque
262 2173 365 2249 portet
387 2168 529 2249 proximo
561 2187 617 2230 suo
640 2168 824 2249 paeoniam,
859 2169 978 2229 etiamsi
1012 2166 1063 2229 ilie

137 2253 177 2312 eit
197 2251 304 2332 inopia
331 2252 575 2334 ooneumendue,
602 2257 642 2333 at,
672 2259 828 2333 quantun
843 2253 873 2313 in
896 2270 933 2311 eo
964 2251 1063 2328 fuerit,

137 2334 260 2397 fratrem
283 2334 488 2413 anonimo,
511 2334 659 2416 nuditate,
688 2336 794 2417 inopie
822 2334 961 2413 eonfieit,
1015 2341 1063 2395 oet

9 2444 14 2453 ·
138 2418 287 2499 gloriatur
309 2417 455 2481 advereue
479 2419 597 2498 Deum,
621 2417 778 2480 meliorem
803 2419 895 2479 fuieee
918 2416 978 2479 obe
1001 2418 1063 2478 ien-

136 2502 209 2563 tiam
232 2520 323 2582 quam
347 2503 512 2565 vietimam.
548 2501 673 2564 Soiiioet
694 2502 765 2584 quia
786 2503 815 2563 in
835 2502 988 2582 baptismo
1012 2520 1061 2561 vo·

138 2584 182 2647 vir
204 2584 411 2647 obedientiam
433 2586 500 2660 Dei,
523 2585 576 2646 ned
601 2604 692 2665 quam
714 2587 744 2647 in
769 2587 957 2647 monasterio
984 2604 1062 2646 nova

137 2667 314 2731 obedientia
334 2668 492 2730 hominum
517 2670 686 2731 evanuerit.

220 2752 337 2813 Eadem
361 2750 538 2813 obedientia
567 2751 694 2833 polohre
724 2769 794 2811 eeee
816 2758 1062 2812 exoneraverant

136 2834 282 2915 operibue
304 2835 364 2896 illie
378 2833 616 2912 misericordiae,
640 2853 720 2916 quae
732 2833 869 2894 Christos
893 2834 999 2897 Matth.
1013 2836 1060 2899 25.

135 2919 165 2979 in
195 2916 307 2979 iodiaio
336 2937 405 2978 eene
444 2923 624 2978 exacturum
663 2919 801 2979 minatur.
857 2917 969 2978 Videat
1000 2937 1060 2979 nro·

136 3000 450 3076 neehnefamelieum‚
472 2999 673 3078 sitibundum,
696 2999 821 3075 nudum,
843 3020 967 3081 vagum,
990 3020 1061 3083 enp-

135 3085 229 3146 tirum
253 3092 322 3163 ete,
345 3084 399 3144 eed
422 3093 541 3165 caveat,
574 3104 614 3144 ne
636 3083 811 3164 egrediatur
833 3085 1061 3161 monasterium,

134 3186 173 3228 ne
193 3169 297 3228 vieitet
318 3165 481 3242 infirmum,
503 3186 543 3227 ne
564 3167 743 3228 ooneoletor
755 3167 881 3242 tristem,
905 3167 959 3227 eed
984 3169 1062 3227 einat

135 3249 178 3309 ire
199 3257 230 3310 et
250 3253 360 3332 perire,
383 3249 529 3330 quidquid
552 3251 688 3330 perierit,
711 3248 835 3310 claudat
855 3251 975 3310 viscera
999 3269 1062 3322 eoa,

135 3331 255 3392 etiamei
280 3334 380 3413 poerit
400 3332 484 3392 iilum
508 3334 622 3396 iuvare.
652 3332 764 3394 Postea
784 3331 877 3411 dieat,
899 3333 971 3394 ideo
994 3352 1060 3394 aere

135 3414 278 3476 omieieee
301 3417 475 3490 anritetem‚
508 3417 579 3496 quia
607 3415 741 3478 noluerit
770 3416 923 3479 vietimarn
952 3416 1060 3478 offerre

133 3515 207 3578 prae
229 3497 414 3560 obedientia.
463 3498 544 3559 idem
573 3499 676 3578 faeiat,
706 3500 731 3559 ei
761 3507 848 3580 pater
878 3508 930 3559 aut
966 3506 1061 3561 meter

133 3598 229 3662 opera
252 3582 317 3643 eine
352 3584 511 3663 eoeperint
535 3592 612 3661 opus
640 3581 775 3662 habere,
810 3590 842 3643 ut
871 3584 919 3643 vel
943 3590 1056 3662 pareat,

133 3663 183 3725 vel
204 3665 318 3726 serviat
339 3665 393 3729 eie.
443 3664 630 3728 Oiurorem
665 3665 844 3731 inauditum.
890 3667 959 3748 Ego
987 3685 1058 3726 eene

131 3747 162 3813 io
186 3765 257 3815 meo
279 3746 476 3839 monaohatu,
499 3767 674 3837 quanquam
708 3749 803 3815 hebes
825 3768 893 3814 enm
916 3758 947 3813 et
968 3747 1057 3828 rudis,
