2392 4170
140 246 202 314 156
309 249 439 305 Assertio
459 267 534 306 omn.
565 253 642 306 artic.
660 250 693 305 D.
714 252 747 305 n.
768 252 794 304 L.
813 264 864 321 pon
958 250 964 265 '

141 405 321 485 originalem
339 405 661 488 Wittembergensem,
684 407 771 466 cuius
792 407 823 467 in
846 398 908 468 line
934 406 1061 489 legitur:

141 488 251 566 Τέλος,
273 506 354 568 quae
374 489 463 549 nobis
485 510 524 549 ex
548 489 733 551 bibliotheca
751 488 953 552 Schenrliana
973 508 1060 572 prae·

140 578 187 631 sto
210 581 284 632 erat.
830 598 834 603 ·
1028 590 1031 595 ·
1056 594 1059 633 :

225 655 331 715 Latine
354 655 462 735 legitur
484 655 535 715 hic
558 655 633 715 liber
652 656 682 714 in
706 654 754 717 ed.
775 647 855 736 Opp.
879 656 968 717 Lutb.
996 650 1060 721 led.-

139 736 171 812 ll,
192 756 223 817 p.
246 739 316 803 307.
340 738 496 800 Wittemb.
522 738 551 811 ll,
575 758 602 818 p.
617 741 665 814 94,
688 741 909 817 germanicsin
929 738 1060 801 odwin

139 821 230 880 temb.
254 821 304 880 Vll
328 841 357 901 p.
380 825 429 886 94.
456 823 522 883 lan.
546 822 570 895 I,
592 840 620 901 p.
644 824 714 886 367.
746 822 867 884 Altenb.
890 823 914 900 I,
936 842 967 904 p.
989 825 1059 905 alp.

140 902 222 982 Lips.
245 901 332 966 XVIl
355 924 384 985 p.
408 906 477 970 338.
502 904 619 965 Walch,
642 902 701 966 XV
724 924 753 985 p.
778 908 866 970 1752.
1048 938 1052 949 ·

496 1188 704 1197 Ἥ...

137 1436 275 1497 uuordo
304 1437 436 1499 omnium
466 1439 668 1502 articulorum
693 1434 822 1496 Martini
847 1430 978 1495 Luthari
1003 1428 1062 1511 por'

203 1539 325 1604 Bullam
346 1543 458 1606 Leonis
479 1544 517 1603 X.
540 1542 735 1605 novissimam
756 1543 983 1605 damnatorum·
1025 1574 1049 1601 .-

140 1713 414 1794 Viroimaginibus
437 1727 468 1774 et
490 1717 603 1795 pietate
633 1715 762 1794 insigni,
792 1712 928 1773 Fabiano
958 1708 1060 1789 Felici,-

136 1819 240 1899 Equiti
264 1819 432 1903 Germano,
454 1840 511 1881 suo
533 1822 562 1880 in
587 1820 721 1880 Domino
744 1820 889 1897 Patrono,
912 1816 1058 1876 Martinus

331 1926 479 1986 Lutherus
503 1928 534 1985 in
560 1926 683 1986 Christo
707 1925 847 1989 salutem.

218 2119 308 2194 Quod
331 2122 455 2202 saepius
477 2141 544 2183 sum
566 2128 661 2183 antea
683 2129 824 2198 testatus,
848 2117 985 2179 Fabiana
1006 2114 1059 2177 ns

137 2203 190 2282 lix,
212 2203 275 2262 imo
291 2203 485 2282 Felicissime,
509 2225 577 2265 esse
592 2213 621 2265 et
642 2206 672 2264 in
697 2205 782 2264 laicis
798 2204 935 2283 spiritum
955 2198 1058 2260 iudicii

135 2296 165 2346 et
188 2285 305 2346 ardoris
340 2293 391 2357 (ut
412 2307 480 2347 cum
510 2289 592 2349 Isaia
615 2289 753 2366 dicam),
778 2287 826 2347 vel
859 2293 890 2345 tu
923 2283 1059 2343 maxime

140 2369 256 2428 evincis
281 2377 309 2428 et
334 2369 484 2448 declaras,
507 2373 558 2450 qui
582 2373 619 2431 de
641 2391 673 2431 re
696 2370 879 2443 Christiana,
901 2386 993 2447 quam
1008 2383 1059 2425 va·

135 2452 200 2512 leas
222 2472 296 2532 pure
307 2498 314 2529 ,
325 2446 461 2533 ⁸argute,
484 2456 543 2534 pie,
565 2455 752 2532 feliciterque
765 2463 795 2513 et
808 2451 943 2512 iudicare
955 2456 986 2511 et
997 2446 1054 2509 dis-

136 2553 247 2610 serens,
270 2554 337 2594 cum
362 2556 508 2615 essemus,
531 2537 686 2617 Philippus
710 2556 795 2596 mens
816 2543 929 2614 elego,
952 2548 1057 2593 acram

136 2617 368 2699 Elylenbungac,
395 2639 486 2698 quam
515 2622 670 2700 egregium
700 2622 854 2699 specimen
885 2614 1058 2689 ostendisti,

134 2719 234 2780 neque
256 2701 360 2763 dubito
383 2703 413 2763 in
437 2703 495 2763 hac
522 2705 593 2764 aula
615 2723 683 2764 esse
716 2703 854 2763 aemulos
878 2699 929 2760 tibi
965 2714 1057 2779 quam

135 2783 299 2863 plurimos,
322 2787 364 2846 ita
390 2794 422 2845 ut
443 2788 594 2866 gaudeam
617 2788 725 2866 plane,
748 2785 855 2846 videns
877 2778 1058 2843 admirabile

135 2865 191 2926 Dei
216 2867 377 2928 consilium
402 2880 431 2930 et
454 2870 609 2946 iudicium,
634 2889 694 2949 quo
718 2889 786 2929 cnm
810 2867 962 2948 perversis
988 2881 1057 2945 per·

135 2951 277 3024 vertitur,
302 2961 421 3012 etcum
446 2953 550 3013 electis
574 2953 689 3013 electus
712 2951 753 3013 fit.
799 2951 862 3011 Nos
885 2952 984 3027 enim,
1006 2944 1057 3029 qui

135 3031 172 3091 de
195 3034 277 3093 clero
300 3034 424 3094 Domini
448 3055 561 3115 sumus,
591 3046 621 3095 et
643 3055 720 3114 quos
744 3035 889 3095 laicorum
922 3031 1059 3112 oportuit

134 3135 202 3176 esse
224 3118 398 3196 magistros,
420 3119 489 3179 dum
512 3121 611 3179 aversi
635 3120 757 3181 dorsum
781 3117 920 3177 dedimus
935 3115 1058 3177 Christo

133 3204 164 3259 et
187 3199 356 3280 Evangelio
380 3204 465 3280 eius,
496 3203 603 3263 eadem
639 3220 780 3262 mensura
810 3210 841 3260 et
867 3202 932 3279 ipse
968 3196 1058 3259 nobis

134 3280 257 3342 dorsum
281 3285 385 3360 vertit,
408 3295 440 3345 ut
462 3287 540 3345 sicut
563 3306 631 3347 eum
656 3305 712 3346 nos
726 3302 932 3364 provocamus
955 3283 985 3341 in
1008 3296 1059 3353 eo,

134 3363 216 3444 quod
239 3384 300 3425 non
324 3378 370 3426 ost
391 3368 490 3442 Deus,
516 3372 586 3428 etin
601 3369 713 3447 verbo,
736 3367 817 3446 quod
831 3385 892 3426 non
907 3373 955 3425 est
967 3382 1057 3425 evan·

133 3447 256 3528 galium,
280 3450 322 3510 ita
350 3471 453 3511 rursus
476 3453 543 3532 ipse
566 3472 622 3511 nos
645 3460 795 3532 provocat
816 3451 907 3528 iniis,
930 3449 1055 3528 quinon

133 3538 204 3591 sunt
227 3531 345 3613 clerici,
363 3543 394 3593 et
414 3536 445 3594 in
467 3535 521 3613 iis,
544 3537 595 3614 qui
617 3555 679 3595 non
703 3543 773 3594 sunt
794 3535 948 3612 magistri,
971 3530 1056 3591 laicis

131 3613 273 3676 videlicet
282 3634 388 3695 puram
403 3617 536 3677 tribuens
549 3620 597 3692 sui¹
610 3619 759 3692 notitiam,
782 3615 871 3677 nobis
882 3616 1056 3696 relinquens

132 3697 240 3759 stultas
262 3706 385 3761 nostras
407 3701 568 3783 olimpias
591 3702 763 3784 opiniones.
