2392 4170
406 267 486 326 Doct.
506 266 584 324 Mart.
606 262 683 324 huth.
949 258 1011 333 239

90 434 279 494 carissimum
303 439 333 494 et
354 433 505 512 optimum
529 438 613 491 tunm
636 429 771 492 offerres.
816 429 934 491 interim
948 430 1011 493 Do·

91 519 190 577 minus
218 518 247 576 in
281 524 348 577 tuas
382 516 584 595 cogitationes
617 513 690 573 ittud
725 513 835 573 Psalmi
870 513 1011 595 sonabat,
1047 514 1053 523 '

92 600 145 660 sed
169 599 278 662 surdo:
315 597 400 661 Deus
423 600 480 658 scit
498 599 702 679 cogitationes
730 596 918 678 hominum,
938 614 1011 676 quc·

90 685 172 744 niam
197 703 295 743 vanae
316 691 396 744 sunt.

174 765 312 826 Tandem
336 765 454 826 cessisti
477 771 508 824 et
529 764 718 824 voluntatem
741 762 807 822 Deo
836 763 1012 845 submisisti,

92 849 145 909 sed
181 868 375 929 nequaquam
408 849 511 928 posito
535 849 594 908 mei
617 848 736 908 timore.
780 846 902 907 Memini
932 850 1011 907 enim

93 934 181 992 nimis
205 941 367 1011 praesente
391 933 548 1009 memoria,
572 948 639 989 cum
664 931 723 989 iam
740 930 878 1008 placatus
895 950 1012 991 mecum

95 1017 272 1095 loquereris,
296 1025 327 1076 et
349 1034 407 1097 ego
431 1015 469 1074 de
493 1014 581 1075 coelo
604 1011 770 1073 terroribus
794 1033 843 1074 me
870 1021 1012 1074 vocatum

93 1118 278 1178 assererem,
312 1099 513 1178 nequeenim
550 1096 647 1157 libens
680 1105 710 1155 et
743 1099 868 1178 cupiens
903 1098 1013 1158 flebam
1090 1124 1093 1129 >

94 1182 278 1259 monachus,
313 1183 407 1241 multo
436 1183 534 1240 minus
556 1199 631 1240 vern
667 1181 779 1239 ventris
812 1183 927 1260 gratia,
960 1180 1014 1241 sed

49 1264 56 1275 '
94 1272 210 1326 terrore
233 1272 263 1325 et
286 1284 388 1345 agone
410 1265 515 1324 mortis
538 1263 656 1323 subitae
675 1264 920 1324 circumvallatus
945 1265 1014 1324 vovi

93 1356 233 1409 coactum
256 1357 285 1408 et
307 1350 511 1408 necessarium
538 1358 652 1411 votum.
702 1345 826 1407 Utinam
852 1346 1013 1429 (dicebas)

93 1451 155 1492 non
179 1435 218 1492 sit
239 1431 340 1492 illusio
363 1441 394 1492 et
416 1431 621 1511 praestigium.
648 1428 684 1490 Id
707 1430 801 1504 verbi,
823 1432 909 1508 qnasi
932 1428 1015 1492 Deus

95 1535 149 1595 per
171 1535 206 1575 os
229 1523 312 1575 tuum
327 1525 460 1595 sonaret,
483 1514 655 1594 penetravit
677 1520 707 1573 et
718 1513 829 1573 insedit
850 1517 879 1574 in
902 1516 1015 1574 intimis

96 1600 180 1672 meis,
203 1599 255 1658 sed
278 1597 477 1658 obfirmabam
501 1615 560 1676 ego
583 1616 646 1673 cor,
680 1605 824 1675 quantum
849 1599 944 1677 potui,
966 1596 1016 1658 ad·

95 1701 199 1741 versus
222 1689 251 1741 te
274 1692 304 1742 et
328 1682 450 1741 verbum
468 1690 562 1741 tuum.
607 1681 751 1740 Addebas
774 1688 805 1741 et
832 1681 924 1757 ahud,
947 1699 1015 1740 cum

94 1766 146 1825 tibi
169 1767 228 1824 iam
252 1765 469 1845 opprobrarem
505 1763 588 1823 filiali
621 1763 734 1823 fiducia
763 1763 1016 1845 indignationem,

93 1857 219 1928 repente
244 1859 274 1908 tu
298 1869 345 1908 me
369 1847 544 1908 reverberas
568 1855 598 1906 et
613 1846 747 1906 retundis
770 1855 831 1907 tam
844 1855 1017 1928 opportune

95 1939 126 1992 et
148 1939 230 2011 apte,
253 1941 284 1991 nt
306 1933 336 1991 in
360 1939 423 1993 tota
447 1933 508 1991 vita
522 1949 591 1990 mea
612 1949 652 1990 ex
667 1931 791 1990 homine
805 1932 855 1991 rix
869 1932 1015 1992 audierim

94 2014 230 2093 verbum,
253 2014 335 2093 quod
358 2016 513 2096 potentius
535 2016 564 2074 in
589 2033 637 2074 me
659 2017 794 2079 sonuerit
816 2022 846 2075 et
875 2015 1016 2075 haeserit

93 2097 133 2158 Et
155 2118 215 2158 non
240 2101 331 2158 etiam
359 2097 518 2176 (dicebas)
544 2098 654 2157 audisti
685 2103 714 2156 tu
750 2099 926 2176 parentibus
949 2117 1018 2157 esse

95 2180 320 2240 obediendum?
344 2182 456 2241 Verum
480 2202 538 2262 ego
562 2200 686 2240 securus
709 2184 738 2241 in
761 2183 873 2242 iustitia
898 2190 1018 2242 mente

95 2265 178 2322 vetut
199 2262 353 2322 bominem
377 2264 477 2323 audivi
502 2277 531 2324 et
552 2263 668 2323 fortiter
680 2267 859 2345 contempsi,
884 2285 952 2324 nam
977 2261 1035 2324 ex'

95 2349 198 2406 auimo
220 2345 250 2404 id
273 2347 356 2404 verbi
379 2355 576 2406 contemnere
599 2366 659 2407 non
683 2349 777 2426 potui.

179 2429 235 2488 Hic
258 2428 335 2507 vide,
359 2449 397 2488 au
421 2448 482 2488 nou
506 2439 536 2486 et
557 2436 589 2489 tu
606 2431 767 2509 ignoraris,
790 2432 935 2491 mandata
957 2428 1017 2493 Dei

96 2511 297 2593 praeferenda
325 2531 392 2571 esse
425 2511 577 2575 omnibus.
620 2512 730 2572 Nonne
764 2515 789 2571 si
814 2516 938 2593 scisses,
968 2533 1017 2573 me

96 2595 196 2656 adhuc
219 2603 281 2655 tum
305 2595 398 2654 fuisse
420 2596 450 2654 in
475 2613 564 2653 manu
589 2603 650 2674 tua,
674 2594 766 2674 piane
789 2596 939 2655 ecucullo
963 2615 1016 2654 au·

97 2683 219 2739 toritate
232 2686 359 2758 paterna
374 2677 593 2738 extraxisses?
612 2677 671 2738 Sed
696 2697 753 2736 nec
775 2697 845 2757 ego,
867 2679 891 2738 si
913 2679 1017 2738 sciris·

96 2784 171 2841 sem,
197 2770 227 2822 te
249 2764 412 2842 ignorante
434 2770 465 2821 et
492 2762 588 2820 invito
621 2761 649 2820 id
681 2769 865 2835 tentassem,
899 2761 1018 2822 etiarnsi

98 2845 201 2906 multis
212 2846 358 2906 mortibus
368 2844 555 2924 pereundum
567 2845 682 2909 fuisset.
703 2841 814 2927 Neque
824 2846 904 2905 enirn
919 2863 1018 2907 meuru

57 2966 59 2970 -
98 2939 203 2989 votum
228 2928 350 2988 valebat
371 2928 451 2987 hunc
472 2926 614 3004 floccum,
648 2948 708 3010 quo
732 2948 781 2988 me
803 2928 1018 2991 subtrahebam

96 3012 231 3092 parentis
255 3013 407 3072 autoritati
439 3017 469 3071 et
492 3010 640 3072 voluntati
675 3011 817 3073 divinitus
845 3010 1019 3090 mandatae,

96 3099 158 3155 imo
181 3096 305 3175 impium
341 3102 415 3172 erat,
450 3102 481 3154 et
516 3115 555 3153 ex
579 3095 645 3154 Deo
679 3114 739 3155 non
777 3100 846 3155 es'se
868 3093 1020 3175 probabat

96 3197 158 3239 non
185 3177 265 3237 nrodi
289 3178 329 3254 id,
353 3177 433 3258 quod
468 3179 618 3257 peccabat
646 3180 674 3237 in
705 3186 787 3238 tuam
811 3179 1018 3258 autoritatem,

96 3261 150 3320 sed
182 3263 273 3321 etiam
312 3263 394 3340 quod
423 3271 626 3341 spontaneum
660 3268 687 3320 et
720 3260 925 3321 voluntarium
957 3281 1017 3323 non

98 3351 172 3408 erat.
219 3344 336 3404 Deinde
365 3346 394 3403 in
419 3344 573 3404 doctrinas
601 3344 757 3404 hominum
782 3352 813 3403 et
835 3346 1020 3424 superstitio·

98 3447 166 3487 uem
189 3426 417 3507 hypocritarum
441 3426 543 3507 fiebat,
566 3446 642 3507 quas
663 3427 746 3488 Deus
769 3446 830 3486 non
854 3429 1019 3508 praecepit.

180 3506 293 3571 Verum
319 3511 416 3587 Deus,
445 3513 531 3570 cuius
562 3509 789 3570 misericordiae
812 3530 874 3571 nou
898 3519 944 3572 est
966 3533 1019 3571 nu·

99 3614 210 3674 merus,
232 3604 262 3653 et
283 3595 453 3673 sapientiae
476 3594 540 3653 eius
563 3614 624 3654 non
649 3602 695 3653 est
717 3593 795 3671 finis,
820 3613 859 3654 ex
878 3595 1040 3672 omnibus,

97 3677 144 3736 his
168 3677 320 3738 erroribus
354 3684 385 3736 et
406 3678 552 3758 peccatis,
592 3686 706 3756 quanta
728 3677 820 3756 bona,
845 3697 928 3756 ecce,
952 3696 1020 3758 pro·
