2392 4170
406 242 444 302 D.
462 244 496 299 ll.
515 244 597 302 Lnth.
616 244 801 302 Praeiudium.
1028 244 1072 315 69

96 404 98 417 “
158 405 193 461 ost
212 399 417 480 evangelium,
440 405 473 460 ut
494 418 604 462 vonam
619 400 729 463 Christi
742 408 888 463 sonarent
898 401 1070 484 pontifloes,

157 491 181 546 at
197 483 252 564 ipsi
280 503 353 544 suas
386 502 482 544 voees
512 493 639 562 sonant,
672 484 768 545 audiri
803 485 934 566 denique
955 486 1070 553 volunt.

157 567 315 647 Apostolus
338 585 462 646 quoqne
485 566 567 644 dioit,
590 587 658 629 sese
681 571 806 629 missum
829 589 898 630 esse
918 588 980 632 non
999 570 1071 651 bap-

156 651 242 724 lisura,
266 652 321 710 sed
344 650 573 729 evangelisare,
604 653 706 731 itaque
734 672 825 713 nemo
848 659 895 713 est
917 653 1069 715 obnoxius

154 732 289 813 pontilicis
314 733 540 805 traditionibus,
564 754 620 794 neo
642 742 765 816 oportet
789 756 858 796 eum
881 737 989 812 audiri,
1011 739 1070 797 nisi

154 816 209 876 dum
229 816 426 897 evangelium
456 824 487 877 et
509 817 659 878 Christum
683 819 790 898 docet,
813 838 869 879 neo
898 820 981 880 alind
1003 822 1070 901 ipse

154 898 250 960 dooere
273 900 375 976 debet,
400 919 492 979 quam
515 900 607 961 fidem
630 902 825 965 liberrimam.
870 903 945 963 Cum
965 910 1067 965 autem

153 982 271 1043 Christus
296 983 394 1044 dioat:
425 983 485 1059 Qui
507 1004 563 1044 vos
585 985 684 1063 audit,
717 1006 765 1046 ma
786 984 888 1057 audit,
923 1006 976 1046 our
1005 1005 1077 1048 non.

154 1065 223 1149 Papa
243 1084 369 1145 quoque
392 1067 478 1127 audit
499 1068 600 1128 alios?
621 1068 692 1130 Nou
705 1070 785 1129 enim
798 1068 854 1130 soli
867 1069 957 1130 Petro
981 1068 1068 1131 dioit:

153 1148 197 1223 Qui
216 1155 246 1209 te
269 1149 365 1212 audit.
419 1150 559 1229 Denique
591 1150 642 1210 uhi
670 1160 716 1212 ast
745 1173 817 1212 vera
844 1151 939 1230 fides,
972 1153 1014 1214 ibi
1038 1159 1069 1214 et

153 1231 261 1292 verbum
284 1232 356 1292 fidei
379 1251 447 1293 esse
469 1236 676 1294 necessarium
699 1241 755 1296 est.
805 1234 866 1295 Gur
887 1254 962 1315 ergo
984 1256 1066 1316 papa

152 1313 265 1375 infidelis
290 1334 353 1375 non
376 1315 461 1377 audit
478 1318 664 1396 quandoque
688 1338 808 1378 servum
833 1337 921 1379 suum
935 1318 1067 1399 fidelem,

152 1395 300 1459 lahantem
325 1398 451 1459 verbnm
475 1398 568 1460 fidei?
591 1399 743 1478 Caecitas,
767 1401 900 1462 oaeoitas
922 1402 953 1461 in
968 1405 1066 1481 ponti·
1134 1452 1140 1468 i

151 1478 242 1541 finibus
265 1489 386 1560 regnat.

215 1564 276 1625 Alii
301 1583 375 1624 vero
395 1566 489 1625 multo
502 1567 755 1646 impudentiores,
778 1586 818 1627 ex
832 1566 885 1627 illo
897 1565 1003 1629 Matth.
1018 1571 1067 1645 16,

150 1665 236 1728 papae
272 1654 421 1728 arrogant
455 1655 640 1729 potestatem
677 1650 779 1730 legum
818 1648 1065 1710 condendarum:

148 1727 349 1810 Quodcunque
373 1731 516 1812 ligaveris
540 1740 607 1810 ato.,
631 1752 700 1793 oum
722 1732 763 1792 ihi
777 1731 915 1793 Christus
940 1731 1065 1813 depae

146 1815 208 1874 atis
230 1814 365 1895 ligandis
396 1821 426 1875 et
449 1816 637 1875 remittendis
661 1822 748 1896 agat,
781 1834 844 1875 non
873 1816 912 1875 da
934 1816 1065 1876 ecelesia

146 1900 198 1957 tota
220 1897 408 1977 captivanda
430 1906 458 1957 et
484 1898 601 1977 legibus
631 1899 842 1979 opprimenda.
885 1899 931 1959 lta
960 1900 1064 1959 omnia

144 1980 196 2058 agit
217 1983 278 2040 ista
300 1982 437 2060 tyrannis
460 1981 537 2041 fietis
566 1986 629 2041 suis
651 1981 769 2060 verbis,
797 1983 884 2042 tortis
913 2000 969 2061 per
1001 1982 1063 2041 vim
1157 1979 1160 1986 ’

142 2081 170 2122 so
189 2061 365 2143 depravatis
388 2063 488 2123 verbis
513 2065 576 2127 Dei.
621 2065 690 2125 Hos
712 2083 787 2124 sane
809 2063 969 2142 confiteor,
993 2083 1062 2124 essa

142 2145 325 2225 tyrannidem
355 2148 445 2206 istam
476 2148 669 2207 maledictam
691 2147 847 2207 ferendam
873 2147 1062 2228 Christianis,

140 2230 209 2290 siout
230 2229 403 2312 quamlibet
425 2231 514 2290 aliam
532 2231 709 2291 violentiam
732 2230 821 2290 huius
839 2231 954 2305 mundi,
977 2231 1063 2290 iuxta

138 2311 201 2372 illud
246 2312 420 2390 Christi:*)
458 2313 516 2388 Qui
550 2321 579 2373 te
612 2316 795 2393 percusserit
829 2315 859 2372 in
904 2312 1062 2373 maxillam

139 2393 307 2475 dexteram,
340 2395 452 2476 praebe
484 2399 564 2456 siet
587 2396 732 2474 alteram,
769 2396 823 2456 sed
852 2396 913 2456 hoe
940 2415 1063 2476 queror,

139 2477 212 2556 qood
248 2480 335 2557 impii
365 2478 525 2559 pontifices
556 2499 591 2539 se
618 2478 648 2538 id
677 2480 743 2539 iure
771 2498 865 2559 posse
900 2485 930 2539 et
960 2479 1063 2540 faeere

137 2561 265 2640 iactant,
323 2570 353 2621 et
386 2564 428 2622 rei
468 2562 659 2623 Christianae
698 2581 769 2622 sesa
800 2562 971 2627 ‘consulere
1006 2563 1065 2621 han

136 2643 294 2725 Babylone
323 2664 380 2704 sua
420 2652 635 2726 praesumunt,
679 2645 761 2704 hane
803 2646 901 2724 ipsam
947 2645 1065 2724 opinio·

134 2747 199 2788 nem
237 2729 383 2789 omnihus
419 2729 649 2807 persuadentes.
701 2727 732 2789 Si
762 2729 843 2787 enim
876 2727 1066 2787 conscientia

131 2811 298 2891 impietatis
322 2816 352 2871 et
374 2811 543 2892 tyrannidis
566 2831 603 2872 ea
624 2811 771 2888 lacerent,
793 2817 924 2870 autnon
947 2816 1065 2889 patere-

132 2913 198 2954 mur
220 2896 283 2953 vim
305 2913 427 2972 eorum,
449 2896 566 2954 interea
588 2895 687 2955 seouri
710 2911 955 2972 numeraremus,
985 2909 1066 2970 quaa

131 2976 167 3036 ad
193 2976 439 3038 mortifioandam
461 2980 555 3037 vitam
577 2977 658 3037 hane
689 2984 720 3037 et
740 2976 928 3056 implendum
952 2974 1065 3054 baptis-

130 3078 215 3119 mum
239 3061 358 3136 valent,
380 3062 499 3140 integra
521 3060 611 3121 nobis
633 3060 740 3121 reliota
762 3059 953 3120 oonseientia
974 3056 1065 3136 glori-

130 3142 203 3202 andi
227 3143 266 3202 de
288 3143 397 3202 iniuria
419 3143 513 3203 illata.
556 3144 598 3204 At
620 3143 822 3204 nunovolnnt
843 3143 888 3201 sie
907 3139 1066 3198 oonsoien·

131 3226 204 3285 tiam
228 3226 378 3285 libertatis
400 3234 525 3286 nostrae
546 3227 722 3304 illaqueari,
748 3231 780 3284 ut
802 3223 963 3284 eradamus
986 3220 1065 3279 bene

131 3327 151 3367 a
171 3327 206 3368 se
228 3309 311 3387 geri,
347 3326 426 3386 quae
455 3318 580 3388 gerunt,
613 3328 671 3369 nee
697 3308 790 3368 linere
817 3325 855 3366 ea
883 3300 1065 3384 reprehendi

131 3398 185 3451 ant
206 3393 312 3470 inique
335 3400 423 3471 gesta
445 3392 608 3472 querulari,
631 3400 661 3451 et
685 3410 754 3449 eum
776 3391 837 3449 sint
858 3388 938 3467 lupi,
969 3382 1065 3444 videri

131 3475 242 3534 volunt
263 3481 415 3555 pastores,
439 3494 508 3535 enm
532 3476 593 3534 sint
603 3473 781 3551 antiohristi‚
804 3470 910 3531 volunt
920 3466 1065 3529 honorari

189 3748 222 3817 ⁸)
244 3745 340 3806 tisun.
361 3747 386 3804 5.
