2392 4170
409 223 495 282 lilssa
512 224 623 296 privata
639 226 676 283 D.
694 225 728 283 ll.
748 226 778 282 L.
997 224 1060 297 m

133 396 202 461 dius
231 402 262 460 et
285 402 379 480 osput
402 399 560 479 purgatius
583 406 614 462 st
633 399 748 462 balitus
768 401 990 483 interruptim,
1011 403 1061 465 to*

132 489 259 561 tumque
280 500 334 544 eor
357 500 392 543 us
412 480 533 562 dignius
549 484 599 562 sit,
622 502 713 564 quam
729 485 839 547 ieiunis
855 492 886 547 et
908 504 927 548 a
948 502 1060 547 somno

132 566 240 629 neseio
269 567 321 645 qui
373 565 548 646 gravedinis
585 574 616 629 et
646 569 827 649 impuritatis
857 568 1059 631 referentibus

133 669 203 711 esse
225 668 359 730 unquam
380 651 489 730 possit.
1048 704 1051 709 .

215 732 316 809 Tales,
337 733 474 813 inquam,
496 734 662 815 religiones
682 736 867 812 arbitrariae,
889 735 1062 815 quaestus

134 816 247 880 Christi
269 813 492 878 institutionem
516 836 571 894 per
583 818 724 881 homines
740 821 883 881 inventae
906 826 938 880 et
958 818 1059 881 adies

134 907 185 963 tae
206 907 287 975 eunt,
309 901 551 979 contemnimus,
575 921 636 964 non
660 903 743 983 qnod
765 904 897 966 nolimus
920 922 973 963 eae
998 922 1061 967 seru

134 984 209 1065 veri,
232 985 258 1044 si
281 983 332 1063 qni
354 982 478 1062 volent,
507 985 559 1046 sed
583 995 718 1066 peecata·
733 1007 789 1069 per
818 1005 871 1049 eas
902 986 993 1047 statui
1027 991 1061 1057 et

134 1067 332 1130 eonscientiis
345 1066 475 1147 laqueos
498 1076 530 1129 et
549 1067 696 1131 seandala
713 1072 819 1152 parari·
831 1090 892 1133 non
916 1069 1056 1150 patimur.

134 1150 242 1215 Servet
263 1151 315 1231 qui
338 1150 438 1230 volet,
469 1151 525 1212 sed
554 1152 664 1234 libere,
687 1155 789 1215 soieus
818 1173 853 1217 se
874 1172 938 1215 non
965 1172 1060 1234 posse

134 1253 265 1316 psooara
296 1234 326 1294 in
355 1253 393 1295 eo
429 1235 614 1310 omittendo,
654 1256 716 1316 quo
748 1237 830 1307 videt
853 1237 1005 1301 Christum
1028 1242 1060 1299 et

135 1318 296 1399 apostolos
320 1335 382 1378 nou
395 1337 563 1395 peooasse.
603 1318 640 1382 In
651 1321 689 1381 iis
711 1322 792 1383 enim
810 1319 884 1382 solis
901 1326 1059 1400 pausatur,

135 1420 215 1482 quae
241 1406 349 1463 eontra
371 1400 482 1463 Christi
510 1408 656 1465 statutum
684 1403 772 1467 liunt:
814 1403 902 1480 Quae
929 1409 1065 1483 psooatu

133 1485 219 1566 impii
239 1486 290 1545 isti
323 1485 415 1545 etiam
437 1488 546 1546 summi
569 1489 674 1549 meriti
695 1488 766 1550 loeo
789 1486 918 1563 duount,
941 1486 1064 1547 soiliuet·

135 1567 206 1629 dum
227 1567 382 1629 horrendo
417 1567 513 1630 abusu
538 1569 728 1632 &aeramenti
761 1571 850 1636 huius
876 1566 1062 1633 seorifioium'

135 1657 265 1732 etopus
288 1670 329 1712 ex
352 1653 420 1732 ipso
442 1652 569 1734 iaciunt,
591 1653 683 1716 fidem
701 1661 732 1716 et
753 1674 858 1716 verum
882 1673 970 1715 usum
993 1647 1076 1716 aius

134 1740 202 1797 toto
225 1733 300 1797 orbe
323 1734 503 1797 damnantes
523 1744 553 1798 et
572 1744 738 1816 vastantes,
751 1744 784 1799 ut
804 1736 953 1817 impleant
972 1736 1059 1816 impi·
1154 1800 1157 1806 ,

136 1838 223 1880 orum
260 1816 334 1880 illud
367 1820 559 1881 verissimum
585 1819 788 1902 >elogium⁶):
815 1819 1062 1901 Trepidaverunt

136 1902 255 1981 timore,
279 1900 329 1962 nbi
352 1921 414 1964 non
433 1905 499 1965 erat
515 1905 615 1986 timor,
640 1906 765 1967 utiusto
788 1903 970 1967 indiuioDei
992 1914 1061 1981 peo-

135 1993 207 2046 eata
228 1990 259 2051 et
279 1985 415 2046 infernos
437 1986 581 2064 habeant,
603 1988 654 2049 ubi
676 1989 793 2049 iustitia
814 1994 845 2048 et
866 1987 949 2049 salus
972 1985 1061 2049 liber*

138 2069 216 2129 rimu
238 2071 295 2146 est,
318 2069 370 2149 qni
391 2070 521 2131 iustitias
545 2076 575 2132 et
597 2072 726 2133 salutem
749 2071 887 2149 laniunt,
916 2069 966 2131 ubi
988 2087 1062 2150 pee-

140 2157 251 2213 oataet
272 2152 430 2214 damnatio
452 2173 572 2216 summa
585 2162 642 2216 est.
664 2156 716 2217 Sia
737 2174 805 2216 eum
828 2172 973 2235 perverso
996 2171 1062 2233 per·

138 2236 268 2296 vertitur
289 2235 385 2315 Deus,
407 2235 521 2299 Pselm.
545 2238 633 2312 181).

103 2388 106 2393 ¹
219 2317 305 2379 Haeo
338 2337 410 2379 vero
442 2339 482 2379 ex
514 2321 616 2382 multis
645 2321 751 2401 retuli,
788 2327 820 2382 ut
860 2322 964 2382 animo
998 2324 1064 2395 tuo,

136 2400 309 2463 Christiane
331 2401 446 2476 lector,
471 2403 673 2484 persuadeas,
697 2404 771 2464 nihil
795 2404 903 2464 mirum
926 2421 1014 2480 esse,
1037 2402 1064 2461 si

137 2484 319 2546 saorifioium
351 2505 391 2545 ex
413 2486 508 2546 Missa
540 2487 643 2548 lasere
664 2487 725 2548 sint
746 2487 833 2565 ausi,
858 2487 909 2567 qui
944 2484 1063 2562 videas,

137 2575 200 2630 tam
223 2567 322 2629 stultis
346 2575 376 2629 et
403 2570 505 2649 impiis
535 2569 732 2651 opinionibus
759 2587 813 2630 eos
842 2568 950 2648 agitari
973 2568 1004 2628 in
1026 2586 1066 2631 ee

137 2672 181 2731 re,
203 2658 236 2712 ut
258 2652 363 2712 omnia
383 2661 468 2713 reeta
488 2659 681 2733 pervertant,
712 2659 744 2713 et
766 2650 840 2712 nihil
862 2650 986 2730 dignum
1009 2647 1068 2713 Sas

139 2741 296 2797 eramento
319 2735 378 2796 isto
400 2736 535 2796 sentiant
556 2736 733 2813 etfaciam,
762 2741 794 2796 ut
816 2753 877 2796 non
901 2731 995 2794 modo
1017 2751 1065 2793 su-

138 2825 288 2899 spectum,
311 2817 365 2879 sed
387 2818 478 2898 plane
500 2818 677 2900 fugiendum
708 2816 895 2890 maserias,
918 2813 1066 2896 quidquid

140 2921 245 2963 eorum
269 2921 341 2962 usus
368 2908 398 2962 et
420 2902 613 2964 eonsuetudo
640 2899 829 2983 praeseribit.
874 2897 954 2976 Quid
983 2898 1065 2959 enim

138 2985 290 3065 reliquum
312 2985 386 3047 boni
406 2984 521 3047 iaciant
547 2987 578 3046 in
600 2987 710 3065 Missa,
738 2983 863 3066 quando
885 2982 1083 3050 memoriam‘

141 3068 253 3131 christi
276 3073 307 3128 et
328 3067 419 3129 fidem
443 3071 652 3152 exstinguunt,
675 3075 707 3130 et
730 3088 810 3150 opus
831 3068 904 3130 loeo
921 3067 986 3130 eius
1009 3064 1071 3127 eris

140 3150 246 3234 gunt?
266 3150 449 3214 -Veniamus
471 3154 576 3234 itaque
597 3153 637 3214 ad
658 3153 726 3233 ipsu
750 3151 845 3215 verba
866 3148 1065 3231 Euangeliou,

141 3240 171 3297 at
192 3254 248 3315 per
269 3233 408 3297 ordinem
431 3255 469 3297 ea
491 3236 744 3318 contemplemur,
767 3233 839 3315 quid
860 3253 919 3296 nos
933 3232 1071 3297 dooeant

139 3319 172 3380 in
194 3318 288 3379 Missa
309 3325 462 3397 spectare.

518 3483 691 3546 Primum.

224 3611 355 3673 Abunde
387 3613 461 3672 satis
491 3631 558 3672 esse
580 3611 669 3673 nobie
696 3610 802 3677 debuit
829 3611 929 3691 ipsum
967 3620 1068 3672 exem·
1108 3703 1110 3706 Ι

95 3826 100 3838 ἰ
145 3719 153 3727 ’
217 3748 248 3819 ·)
268 3747 371 3804 esaim.
392 3749 434 3804 ιι.
472 3750 500 3816 1)
519 3746 716 3818 neuma:
737 3747 779 3804 17.
878 3798 882 3805 ,
