2392 4170
146 1076 207 1170 De
264 1058 545 1173 instituendis
603 1075 820 1173 ministris
864 1073 1072 1171 ecclesiae

147 1191 202 1285 ad
246 1191 534 1288 clarissimum
564 1193 768 1297 Senatum
799 1191 1070 1310 Pragensen

269 1307 494 1406 Bohemiae
523 1308 739 1405 Martinus
768 1307 949 1403 Luther.

556 1520 661 1596 1523.

30 1912 32 1917 ·
148 1898 217 1976 qui,
253 1899 335 1978 quod
360 1919 490 1961 coenam
513 1920 633 1963 sacrum
657 1901 714 1960 nisi
736 1898 792 1960 sub
815 1904 946 1978 utraque
969 1898 1070 1979 specie

32 3532 35 3536 Ι
88 3484 111 3523 0

148 2001 269 2042 sumere
291 1983 452 2061 nolebant,
484 1976 622 2046 aeolice
651 1983 743 2063 vulgo
767 1982 912 2043 Calixtini
936 1981 1070 2063 appella·

147 2064 257 2125 bantur
288 2072 318 2126 et
350 2067 379 2126 in
415 2069 524 2128 ceteris
558 2068 648 2129 rebus
683 2064 864 2128 Pontificem
896 2065 1070 2125 Romanum

44 2168 58 2181 ’
148 2148 373 2228 agnoscebant,
409 2150 452 2210 ita
484 2157 516 2210 ut
545 2151 795 2212 consecrationes
819 2140 979 2228 pasterum
1003 2165 1069 2207 suo·

146 2250 232 2307 rum,
271 2250 346 2310 quas
383 2234 473 2293 vicini
497 2235 635 2314 episcopi
658 2231 918 2313 aspernabantur,
956 2248 1066 2310 magno
1170 2282 1173 2305 ,

148 2320 248 2373 sumtu
261 2314 379 2376 Romae
402 2325 550 2396 peterent,
572 2312 653 2377 hunc
674 2322 834 2377 tractatum
854 2315 1068 2395 gravissimum
1171 2372 1175 2393 ‚

148 2399 338 2476 conscripsit.
382 2397 418 2459 In
448 2420 486 2460 eo
523 2421 560 2460 ex
593 2401 747 2480 principiis
779 2417 873 2478 saepe
901 2399 963 2458 iam
997 2415 1069 2458 ase

1077 877 1087 919 i

112 1875 114 1878 ,
230 1814 378 1877 Lutherus
401 1834 483 1879 anno
508 1816 633 1892 15231]
660 1816 697 1878 ad
722 1814 1071 1898 BohemosPragenses‚
1158 1794 1162 1803 ⁵

148 2482 315 2560 propositis
339 2481 464 2543 cuilibet
486 2485 587 2545 coetui
602 2483 773 2544 Christiano
797 2487 984 2561 potestatem
1006 2481 1069 2540 vin·
1170 2508 1174 2565 ;

149 2563 230 2623 dieat
251 2564 448 2643 presbyteros
477 2567 534 2627 sibi
557 2569 622 2627 sive
645 2573 783 2646 pastores
806 2563 948 2642 aliosque
972 2564 1067 2623 eccle·

149 2647 260 2705 siarum
284 2648 439 2708 ministros
462 2649 595 2728 eligendi
619 2657 649 2710 et
673 2646 843 2708 ordinandi.
887 2647 1067 2709 Primarium
1170 2662 1174 2677 ·

147 2736 248 2789 autem
271 2739 483 2809 argumentum
507 2733 579 2793 inde
602 2733 710 2811 sumit,
743 2729 824 2809 quod
855 2748 965 2789 omnes
987 2729 1069 2790 Cbri·
1170 2728 1174 2775 l

148 2813 238 2872 atiani
260 2817 430 2893 generatim
454 2822 485 2876 et
511 2816 685 2897 singulatim
716 2811 881 2893 spiritualis
905 2811 1070 2873 sacerdotii

148 2894 325 2975 dignitatem
349 2905 380 2958 et
401 2918 510 2959 munus
532 2899 681 2977 habeant,
715 2896 847 2974 ideoque
880 2914 943 2967 uon
970 2895 1068 2955 solum
1171 2930 1176 2937 ·

148 2977 279 3054 licitum,
301 2979 354 3040 sed
379 2983 470 3042 etiam
494 2981 583 3042 facile
605 2987 636 3042 et
657 2981 730 3040 utile
752 2980 800 3055 sit,
824 2985 926 3037 certos
950 2997 991 3037 eur
1014 2996 1069 3037 suo
1174 3058 1177 3063 .

202 3171 233 3239 1)
254 3173 335 3227 Hunc
353 3177 502 3227 tractatum
527 3173 659 3242 seriptum
685 3170 771 3225 fuisse
789 3172 854 3223 ante
874 3182 997 3222 mensem
1019 3169 1071 3221 No·

147 3242 285 3297 vembrem
305 3245 369 3298 anni
391 3243 460 3301 1523
481 3245 616 3300 conlisere
644 3245 708 3298 licet
732 3259 766 3296 ex
785 3239 887 3295 ultimis
906 3237 990 3294 huius
1010 3239 1071 3292 libri

147 3312 248 3379 verbis,
269 3315 368 3383 quuibus
382 3316 518 3371 Lutherus
538 3317 573 3370 de
593 3315 758 3384 corrigenda
776 3312 862 3367 missa
881 3315 909 3365 et
930 3311 1009 3365 cultu
1022 3310 1071 3365 Dei

147 3384 327 3441 instaurando
356 3388 412 3442 alio
443 3394 567 3457 tempore
603 3403 633 3442 se
663 3388 798 3442 dicturum
828 3397 891 3436 esse
921 3378 1072 3453 significat.

147 3455 214 3510 Cum
234 3458 304 3511 enim
334 3459 378 3513 ille
406 3475 500 3515 mense
520 3459 668 3515 Novembri
696 3457 848 3513 anni1523
878 3453 997 3519 librum,
1028 3455 1073 3524 qul

144 3526 302 3583 inscribitur
329 3530 494 3585 Formula
519 3532 662 3598 missae,
693 3525 888 3596 conscripserit
921 3525 975 3593 (cf.
998 3527 1074 3581 Luth.

143 3600 214 3668 Epp.
234 3600 277 3656 ed.
296 3601 387 3656 Auris.
406 3605 440 3667 ΙΙ,
460 3606 520 3661 169.
540 3604 575 3658 de
593 3606 683 3660 Wette
695 3604 729 3670 ΙΙ,
748 3619 774 3671 p.
787 3598 866 3665 434),
885 3613 1005 3655 necesse
1024 3609 1067 3655 est

145 3671 219 3728 hunc
237 3678 386 3730 tractatum
405 3675 442 3731 ad
462 3677 618 3748 Pragenses
637 3681 720 3731 antea
736 3688 798 3728 esse
817 3671 1016 3740 compositum.
