2392 4170
156 246 159 251 '
183 241 248 311 238
448 294 454 301 .
495 242 538 303 De
551 240 808 301 -vuttrmouutieis
857 264 860 268 ·

184 407 314 490 expulit,
335 409 367 469 et
388 406 476 469 sedet
496 403 687 490 inmedi01)
708 406 886 471 Ieruseiem.
921 400 1043 468 'Verum
1055 404 1111 487 pii,

184 494 236 573 qni
259 492 287 553 ei
310 496 543 571 ouussuseruut,
565 489 864 553 uuneonssnserirnt
884 489 1109 551 inhorruisse»

183 579 277 637 nium.
319 572 358 637 Et
381 581 415 637 ut
444 574 523 635 ulios
545 576 699 641 omittunt.
738 572 780 637 ds
800 571 979 637 Bernhardo
1004 580 1111 634 serm

183 678 268 735 sum,
288 657 419 719 similem
442 677 512 719 eum
534 656 628 719 inisse
649 657 708 719 iilis
726 658 866 719 ducentis
901 657 988 732 viris,
1023 654 1111 736 quod

185 740 344 807 evidenter
366 743 497 823 ipsemet
509 739 702 821 monstravit,
724 761 793 803 euro
811 738 979 820 aliquando
1001 757 1112 821 negro-

23 846 29 859 ·
75 836 79 841 '
185 830 282 885 tosset
301 823 341 886 ud
367 835 512 900 mortem,
541 825 614 887 nihii
642 822 724 886 uliud
747 825 963 904 sonuitqnsm
986 822 1112 885 nonies·

186 909 305 975 sionern
341 907 530 973 huiusmodi:
572 906 708 989 Tempus
743 921 843 969 meunt
867 905 1003 988 perdidi,
1037 907 1114 987 quie

184 991 303 1073 perdite
324 992 404 1070 vixi,
437 991 490 1053 sed
514 1011 607 1052 nnutn
630 1011 679 1052 me
700 992 832 1070 sotatur,
851 989 946 1071 qnod
968 991 1111 1069 spiritum

88 1136 91 1143 ,
187 1076 350 1151 enutritum
386 1082 418 1135 et
443 1074 632 1135 humitiatum
662 1081 724 1136 non
754 1074 913 1155 despicies.
957 1073 998 1135 Et
1018 1073 1113 1134 stibi:

187 1158 308 1239 Duplici
336 1158 404 1218 iure
425 1157 563 1221 Christus
584 1177 711 1239 reguum
734 1157 888 1240 possidet,
915 1156 1012 1217 semel
1037 1157 1114 1236 quis

187 1240 298 1320 Filius,
312 1241 449 1303 seeundo
471 1243 542 1321 quis
564 1260 685 1322 pessus,
709 1249 802 1322 etque
816 1241 877 1303 hoe
897 1238 1036 1302 seeundo
1049 1258 1113 1301 me·

186 1325 244 1387 rito
267 1324 342 1387 nihii
364 1325 391 1385 ei
415 1324 471 1387 fuit
492 1343 581 1406 opus,
604 1324 688 1387 dedit
702 1332 805 1387 entem
819 1324 891 1385 mihi
914 1331 944 1385 et
967 1323 1113 1385 omnibus

187 1407 393 1471 credentibus.
791 1426 794 1431 ·

271 1491 364 1555 Vides
386 1490 464 1551 huss
485 1509 555 1551 esse
577 1490 671 1553 verbu
692 1490 942 1553 christianissimi
963 1491 1114 1570 pectoris,

187 1573 270 1655 qnod
302 1582 397 1635 toturn
430 1572 572 1635 tidueisnr
600 1575 631 1635 iu
662 1574 815 1637 Christum
842 1574 946 1655 ponit,
979 1573 1019 1634 de
1046 1574 1113 1635 ruis

186 1658 331 1739 operibus
353 1676 477 1738 prorsus
500 1657 678 1737 desperans.
720 1657 801 1723 Nihii
824 1656 863 1719 de
886 1663 958 1719 voto
981 1675 1113 1738 pauper-

186 1741 267 1815 tatis,
290 1740 495 1819 obedientiae,
519 1741 667 1801 uastitatis
684 1740 842 1820 glorietur,
862 1741 935 1820 quin
959 1739 1112 1819 porditum

188 1824 279 1885 vitum
303 1833 403 1901 voest,
427 1831 518 1904 atque
541 1825 600 1885 huo
620 1823 681 1885 fide
704 1834 734 1885 et
755 1832 894 1887 servatus
914 1833 945 1884 et
966 1823 1112 1885 turonus·

186 1917 304 1969 tus-eet
326 1926 394 1977 eunt
417 1908 560 1969 ornnibus
581 1906 715 1970 Sunotis.
759 1907 910 1989 duputns
932 1907 1113 1968 suminisse

186 1991 346 2053 mentitum
369 2002 421 2052 sut
441 1993 513 2053 iouo
534 1990 661 2068 dixisse,
684 1990 835 2073 perditem
858 2009 927 2053 esse
949 2008 1036 2051 sunm
1065 1991 1113 2052 vi·

188 2072 274 2137 tomi
316 2073 466 2137 Iudieiuvn
488 2073 546 2135 Dei
569 2076 683 2154 sensit,
718 2092 823 2136 eornm
852 2092 914 2154 qun
944 2074 1001 2133 nisi
1023 2072 1113 2135 solus

187 2157 324 2219 Christus
348 2165 378 2219 et
398 2177 454 2218 sus
476 2159 590 2219 iustitie
623 2177 715 2219 nemo
737 2158 885 2235 subsistit,
907 2156 978 2218 ideo
1002 2176 1036 2216 se
1059 2157 1112 2217 de·

187 2249 271 2301 serto
294 2241 332 2301 ed
356 2241 441 2301 iilum
465 2260 499 2302 se
523 2243 685 2317 transtulit,
709 2241 928 2322 perditussuas
951 2238 1112 2301 affirmans

187 2324 327 2386 iustitias.
371 2321 436 2386 lam
461 2327 486 2385 ui
509 2325 679 2404 praedicuri
701 2324 825 2400 nudius,
859 2331 932 2402 vote
966 2331 997 2382 et
1033 2325 1113 2383 vites

187 2407 400 2488 religiosorum
425 2407 560 2487 perditus
581 2427 660 2485 esse,
683 2415 714 2469 st
735 2407 847 2469 nullius
871 2426 942 2468 usus
965 2405 1003 2468 sd
1025 2407 1113 2466 iusti·

190 2486 263 2551 tium
285 2499 315 2553 et
338 2491 479 2569 ssiutem,
504 2493 569 2572 quis
594 2490 738 2554 vovebit?
769 2492 836 2572 quis
859 2493 890 2551 in
912 2497 986 2550 voto
1010 2508 1114 2550 mune·

188 2573 254 2637 bit?
313 2575 354 2636 At
382 2576 441 2636 nisi
462 2575 597 2656 perditas
620 2575 748 2652 dixeris,
790 2594 861 2637 vere
884 2572 1018 2654 perditus
1041 2574 1113 2651 eris,

187 2677 245 2719 usu
266 2665 442 2720 sunetornm
456 2658 578 2721 Petrum
602 2668 674 2720 vote
695 2658 758 2720 uile
781 2678 819 2718 ex
835 2666 921 2738 parte
935 2656 1113 2717 imitaberis.

190 2740 297 2819 Qualis
320 2752 421 2813 nutem
445 2742 637 2804 Bernhardns
659 2743 731 2818 init,
767 2741 845 2801 tutes
867 2741 960 2801 fnisse
984 2758 1114 2800 neeesse

187 2833 235 2885 est
249 2844 357 2887 omnes
381 2827 542 2905 religiosos
564 2834 688 2888 sanetus
705 2835 736 2886 et
748 2826 826 2905 pios,
849 2831 883 2884 ut
897 2822 1003 2884 videns
1017 2823 1114 2902 triers,

187 2927 296 2970 omnes
320 2911 503 2971 mireouiose
526 2910 620 2971 tuisse
644 2916 783 2970 servatos
806 2915 838 2968 et
859 2925 897 2967 eo
920 2906 1044 2968 tandem
1061 2926 1114 2967 ne-

187 2994 320 3054 cessario
344 2992 481 3067 rediisse,
505 3001 538 3054 ut
558 3003 633 3054 vote
656 2991 730 3055 nihil
753 2998 784 3052 et
805 2989 925 3070 perdite
947 3008 1115 3051 esseusse·

186 3085 302 3152 terent,
333 3095 394 3156 qno
416 3077 485 3138 sole
512 3076 574 3138 fide
596 3075 835 3138 iusdfiosrentur
856 3081 887 3133 et
908 3081 1113 3137 servarentur.

187 3156 225 3216 Et
247 3158 329 3238 impii
352 3159 492 3221 haedde
515 3161 637 3221 Petrum
667 3164 845 3238 contempte
873 3157 996 3236 erigunt
1017 3163 1049 3216 et
1071 3157 1115 3216 in·

187 3237 263 3299 flunt
285 3261 390 3321 opere,
413 3261 492 3323 quse
515 3244 558 3305 itti
582 3243 807 3303 damnaverunt
829 3245 860 3300 et
882 3245 1045 3320 praetextu
1062 3259 1114 3299 ex-

184 3321 277 3401 empli
309 3323 491 3387 Senatorum
526 3327 642 3390 donent
680 3323 901 3385 dispersionem
936 3342 955 3384 u
986 3321 1048 3382 tide
1084 3329 1116 3383 st

184 3415 291 3465 eontra
328 3411 503 3490 exemplum
526 3412 650 3475 Parrum
688 3407 796 3468 foilnut
823 3405 991 3467 menduuiis
1015 3414 1114 3467 totum

184 3485 300 3551 orbern.
343 3490 426 3555 noes
457 3494 519 3556 hoo
541 3503 603 3574 est,
638 3489 741 3566 Deum
777 3507 847 3552 esse
881 3487 1060 3552 mirabilem
1079 3490 1111 3550 iu

182 3566 307 3633 Senotis
324 3575 398 3637 suis.

253 3753 281 3822 1)
300 3751 424 3817 Ibidem:
441 3757 547 3827 medis,
