2392 4170
410 246 463 305 Per
482 244 632 320 Magistros
651 247 832 307 Parisiame's.
1046 240 1089 315 49

248 417 285 494 3)
325 416 416 493 Quod
451 438 513 480 non
545 421 628 481 omni
658 426 797 501 tempore
825 421 1021 502 poenitemus
1056 430 1086 482 et

164 500 383 582 resipiscimus,
406 502 511 562 vitium
535 511 591 566 est.

247 582 333 645 Haeo
361 584 550 665 Propositio,
585 593 617 647 ut
644 587 748 647 vitium
778 587 851 648 dioit
877 586 1013 667 eulpam,
1045 587 1084 648 ad

162 684 288 728 sensum
311 665 480 730 Soribentis
503 677 550 729 est
571 669 665 749 falsa,
695 667 960 746 irrationabiliter,
993 677 1024 734 at
1047 690 1085 731 ex

161 768 294 812 erroneo
316 749 491 832 Soripturae
512 752 667 813 intellectu
691 761 818 815 asserta.

244 831 280 916 4)
304 830 432 895 Hooest
455 834 626 896 mortalium
652 837 911 915 mortalissiruum,
934 855 996 897 uon
1020 835 1098 899 ore·x

162 916 234 977 ders
256 934 381 1060 sanasse
397 916 563 980 damnabili
578 924 607 980 et
624 918 746 980 mortali
760 926 890 1000 peooato
915 917 1083 982 obnoxium

161 1018 265 1062 eoram
322 1019 371 1063 eo.
408 1060 410 1064 .

242 1082 328 1145 Haeo
350 1083 524 1166 Propositio
548 1084 710 1164 ostfaloa,
731 1087 835 1167 impia,
858 1085 1082 1168 desperationis

159 1166 333 1246 inductiva,
356 1174 387 1228 et
409 1169 533 1248 sopiens
555 1167 717 1232 haeresim.

238 1251 275 1331 6)
291 1251 443 1331 Theologi
457 1251 604 1312 dooentes
615 1251 722 1332 regula
733 1271 798 1328 sua,
812 1250 944 1312 venialia
953 1259 1084 1333 peooata

159 1351 229 1394 essa
247 1333 390 1395 distinata
408 1353 428 1394 a
446 1332 636 1414 mortalibus,
658 1334 696 1396 ad
709 1336 860 1396 insaniam
878 1333 1083 1417 perditissime

162 1417 299 1477 nituntur
320 1417 440 1478 trahere
461 1417 618 1479 hominum
642 1419 858 1480 oonsoientias.

242 1499 327 1561 Haeo
355 1500 529 1581 Propositio
560 1508 607 1562 est
639 1500 731 1564 stulte
764 1507 796 1563 et
825 1506 1081 1583 praesumptuose

159 1589 293 1663 asserto,
326 1585 421 1644 saeris
444 1584 629 1646 Dootoribus
657 1585 782 1664 iniuria,
817 1589 848 1645 et
875 1586 904 1645 iu
934 1591 1080 1664 quantum

157 1665 345 1746 praetendit,
369 1666 500 1729 venialia
524 1686 586 1729 non
609 1666 752 1749 distingui
774 1687 793 1729 a
815 1666 1010 1746 mortalibus,
1033 1673 1082 1728 est

162 1749 326 1813 haeretios.

458 1925 512 1989 De
533 1923 779 2008 praeseptis.

242 2081 278 2154 l)
303 2078 362 2154 Qui
390 2087 482 2161 negat
504 2079 602 2141 Deum
637 2098 693 2141 nos
727 2077 918 2161 impossibile
945 2080 1078 2156 iussisse,

160 2164 296 2243 pessime
317 2162 406 2243 faoit,
445 2170 476 2224 et
506 2165 556 2243 qui
581 2163 643 2225 boo
664 2162 775 2226 falsum
799 2182 868 2224 esse
891 2163 978 2243 dioit,
1011 2162 1080 2243 plus

158 2263 250 2325 quarn
273 2247 406 2326 pessime
427 2246 508 2311 iooit.

242 2327 327 2390 Haeo
349 2331 522 2410 Propositio
547 2337 593 2390 est
622 2327 823 2407 scandaloso,
855 2331 966 2410 impia,
1001 2328 1078 2410 legis

158 2411 349 2475 Christianae
361 2413 548 2491 infamativs,
566 2432 603 2474 ao
619 2418 726 2474 autore
741 2413 912 2491 Augustino
931 2415 960 2473 in
981 2413 1077 2474 Deum

161 2495 228 2557 blas
252 2496 352 2559 berna.

232 2516 283 2659 pit)
298 2578 373 2641 Sola
400 2580 460 2641 duo
491 2579 597 2640 ultima
625 2578 775 2657 Deoalogi
806 2586 971 2658 praesepta
999 2587 1078 2647 sunt,

114 2724 130 2745 ,
159 2682 240 2743 quae
262 2682 280 2723 a
302 2663 386 2725 nullo
406 2662 630 2743 quantumlibet
651 2671 759 2722 saneto
782 2660 885 2741 aliquo
909 2659 1002 2721 nrodo
1024 2662 1077 2720 im-

158 2745 293 2828 plentur,
321 2757 427 2808 oetera
449 2746 551 2809 omnia
573 2745 711 2826 implent.
754 2742 816 2806 Sed
838 2746 869 2804 in
890 2743 937 2805 his
958 2742 1078 2805 duobus

160 2839 286 2892 manent
308 2832 352 2891 rei
374 2838 405 2891 et
423 2835 614 2911 pensatores,
636 2829 708 2908 quia
721 2826 795 2888 nihil
807 2826 846 2888 de
858 2827 923 2889 istis
940 2825 1077 2906 implent.

242 2911 327 2974 Haeo
348 2913 521 2994 Propositio
545 2919 592 2972 ast
613 2929 756 2989 errones,
785 2910 894 2992 impia,
924 2911 953 2970 in
977 2910 1077 2989 legem

158 3006 189 3058 et
213 2996 418 3079 legislatorem
443 2995 640 3077 blasphema,
661 3002 692 3056 et
713 2995 743 3056 io
766 2991 899 3058 Sanotos
921 2999 1077 3055 sontume-

152 3080 247 3146 lissa.
1029 3136 1032 3142 .

242 3166 275 3236 3)
299 3162 399 3226 Ornos
426 3170 622 3244 praeseptum
645 3161 702 3222 Dei
733 3160 830 3240 magis
857 3161 989 3241 positum
1020 3168 1076 3242 est,

159 3256 192 3309 ut
214 3246 356 3309 ostendat
371 3248 568 3327 praeteritum
584 3252 614 3306 et
630 3263 776 3325 praesens
792 3252 963 3324 peecatum,
985 3261 1076 3323 quam

159 3341 192 3393 ut
213 3333 344 3392 futurum
372 3329 548 3411 probibeat,
578 3326 744 3407 siquidem,
773 3328 858 3387 iuxta
880 3326 1076 3408 Apostolum,

158 3435 213 3498 per
237 3415 336 3495 legem
359 3412 434 3473 nibil
456 3413 513 3474 nisi
536 3413 673 3493 eognitio
694 3411 824 3491 passati.

242 3497 338 3559 Huius
352 3496 573 3576 Propositionis
597 3495 694 3575 prima
715 3513 786 3575 pars
809 3498 856 3561 est
876 3491 962 3572 falsa,
984 3501 1077 3552 teme-

159 3583 239 3644 rarie
261 3589 291 3642 et
314 3582 382 3641 sins
401 3581 521 3641 ratione
550 3585 682 3658 asserto,
714 3576 847 3638 secunda
870 3594 960 3655 vero,
994 3574 1076 3655 quod

157 3667 244 3728 iuxta
267 3663 451 3746 Apostolum
477 3661 653 3761 perlegam
677 3667 736 3724 eto.
766 3665 813 3736 est
831 3675 980 3737 erronea,
1016 3659 1076 3740 legi

158 3749 381 3828 intentionique
401 3745 488 3808 Pauli
511 3745 673 3809 eontraria.

187 3861 277 3905 nunes
290 3870 342 3914 opp.
357 3861 383 3903 v.
397 3860 425 3902 s.
439 3860 468 3903 su
488 3859 529 3902 rer.
542 3856 594 3900 rot.
609 3860 624 3902 s
637 3869 660 3910 p.
675 3857 725 3901 ver.
740 3855 778 3901 va
960 3825 983 3890 A
