2340 4162
198 262 266 331 430
402 262 928 335 (mmmm

199 434 384 517 probaturus
410 440 478 495 erst
504 438 651 507 esssms,
680 432 707 491 si
736 430 903 495 dedissent
932 432 1018 494 hisi
1047 452 1120 495 suns

199 538 277 600 opes
297 519 428 599 perdere
451 518 603 593 (tribuere
623 518 768 595 iuquam)
798 535 856 597 pro
876 514 997 594 ffissisn
1022 522 1057 577 st
1076 514 1121 577 iro

200 608 312 678 turum,
332 600 472 661 utllisss
480 597 579 675 deret,
599 597 747 679 quidquid
767 599 993 660 nunnsvellst.
1025 598 1122 661 Recte

200 692 233 745 et
253 683 450 765 optimeltex
469 681 530 742 bae
549 683 671 741 rstioue
681 681 769 759 dixit,
788 691 822 742 et
833 681 1017 763 dignissim
1034 690 1122 743 tauto

201 772 356 828 assertme
375 766 496 826 ratione
517 765 643 825 lissam
664 765 805 824 ssseruit
846 765 955 845 ltsqse
973 766 1006 826 in
1028 764 1123 847 largi·

200 852 286 911 tione
306 848 468 909 laicorum
501 857 533 908 et
554 846 681 907 arbitrio
709 850 862 928 pecuniae
898 856 948 909 cst
996 849 1122 910 dlissunr

200 950 271 993 esse
291 950 382 1012 opus,
402 938 434 991 et
446 929 594 1010 quidquid
615 949 687 991 esse
705 931 1003 992 ssssrdotibnsuu'le
1023 933 1123 995 inerit

200 1015 357 1076 ilemento
377 1016 491 1093 itsqne,
512 1013 626 1090 lector,
648 1014 689 1073 sb
715 1022 869 1074 msemore
891 1014 978 1094 Rege
1004 1015 1122 1077 unbem

201 1099 293 1159 sliam
314 1096 417 1158 slfsrri
438 1097 589 1157 rstiooenr
615 1115 673 1176 pro
695 1096 789 1157 lists
808 1102 880 1173 sn's,
907 1117 1000 1178 quem
1021 1100 1123 1161 istam.

283 1178 330 1242 'l'u
351 1197 435 1241 nnnc
453 1178 574 1256 indies,
591 1179 730 1258 quisquis
750 1188 819 1256 est,
840 1180 953 1260 lector,
974 1180 1122 1261 qnidnsn

203 1265 297 1347 digne
318 1261 497 1344 responderi
519 1263 619 1343 possit
639 1269 702 1323 tam
724 1261 847 1324 furiosis
866 1308 875 1333 ,
894 1264 1073 1326 sinentibus
1094 1273 1123 1327 st

201 1346 383 1428 deploratus
410 1345 619 1427 perversitatis
648 1344 815 1407 monstris?
861 1345 951 1423 Quae
978 1349 1122 1411 meretrix

201 1438 264 1493 tum
285 1429 480 1510 impudenter
499 1447 572 1489 suas
592 1430 779 1510 ignominias
800 1432 979 1492 suutuerit
998 1434 1122 1508 iactsrs,

202 1524 295 1595 atquo
317 1513 379 1574 boo
397 1510 694 1593 impudentissimum
716 1512 812 1593 Regis
838 1532 875 1573 os
902 1514 1006 1595 pelam
1030 1516 1122 1576 avari·

201 1599 261 1658 tiss
280 1604 312 1658 et
331 1597 518 1677 imposturas
539 1595 735 1656 mserdotom
756 1598 860 1676 inctst,
881 1604 976 1677 atque
996 1616 1054 1659 eas
1072 1618 1121 1661 uo·

201 1680 249 1741 bis
270 1699 327 1760 pro
350 1681 471 1740 ratione
493 1686 599 1738 tautae
620 1698 696 1739 sese
717 1677 790 1739 fldei
810 1679 957 1746 obiectet.

284 1760 345 1824 sed
371 1763 463 1822 toties
492 1779 549 1820 nos
568 1767 664 1823 terret
689 1762 783 1823 divini
810 1763 913 1822 iudicii
941 1763 1046 1844 lurcr,
1076 1763 1122 1845 qni

202 1844 249 1906 liis
271 1843 432 1906 horrendis
453 1845 517 1904 irus
538 1845 690 1925 exemplis
712 1852 819 1905 mouet
838 1844 994 1906 humiliter
1016 1864 1121 1928 sapere

201 1930 237 1988 in·
256 1928 346 1988 rebus
367 1929 475 2003 sacris,
497 1925 569 1986 dum
583 1934 645 1987 tam
668 1929 884 2008 praesentibus
896 1929 1041 1991 insenise
1055 1948 1120 2010 poe

201 2013 250 2072 nis
271 2012 404 2091 percutit
425 2028 497 2085 eos,
518 2010 570 2089 qui
591 2011 739 2071 adversus
761 2028 868 2072 seuam
894 2012 1069 2074 doctrinam
1095 2018 1123 2072 et

200 2105 338 2174 opertam
362 2094 519 2153 veritatem
540 2092 685 2154 feruntur.
729 2093 835 2173 Neque
867 2097 949 2154 enim
984 2096 1121 2176 sgolla

200 2197 271 2257 gem
301 2176 382 2235 hunc
416 2174 619 2235 miserabilem
655 2177 797 2236 omnibus
836 2178 949 2237 viribus
983 2187 1120 2258 poteram

201 2261 257 2320 toti
291 2259 357 2319 orbi
380 2266 441 2317 tam
464 2258 586 2317 foedum
618 2268 648 2317 et
677 2259 883 2320 abominabile
911 2262 1120 2339 spectaculum

202 2341 315 2420 iacere,
338 2360 429 2420 quam
452 2342 517 2419 ipse
539 2340 611 2401 facit
634 2360 704 2401 sese
725 2342 784 2401 bac
805 2345 925 2403 insania
947 2363 1015 2406 soa.
1060 2345 1120 2403 Dis

204 2425 275 2500 cite,
298 2428 439 2501 obsecro,
463 2425 563 2482 miseri
587 2424 741 2504 Papistae,
762 2426 811 2485 vel
833 2427 941 2486 vestris
964 2425 1119 2506 turpitudi-

201 2508 290 2566 nibus
325 2507 400 2566 moti
425 2506 591 2585 aliquando
621 2509 727 2566 timere
761 2508 903 2567 iudicium
928 2507 997 2569 Dei.
1046 2507 1120 2584 Quid

203 2590 258 2648 erit
278 2591 309 2648 in
332 2588 443 2665 futuro,
467 2592 491 2647 si
515 2592 545 2651 in
580 2590 640 2649 hoo
661 2597 799 2670 tempore
822 2600 883 2649 tam
894 2594 1047 2652 severiter
1069 2609 1120 2651 vos

203 2671 384 2732 contundit?

284 2754 353 2813 Non
384 2755 482 2814 minor
510 2760 541 2814 et
569 2756 725 2830 amantia,
761 2774 840 2833 quae
869 2757 1028 2835 sequitur,
1065 2755 1120 2832 ubi,

203 2856 272 2896 oum
295 2836 396 2895 multis
418 2834 517 2896 verbis
539 2856 589 2896 me
611 2840 850 2919 contempsisset
877 2836 955 2920 (boc
989 2840 1120 2899 enimin

201 2919 354 2980 rhetorica
386 2920 577 2998 potissimam
601 2919 735 2999 didicit),
770 2920 892 2981 tendem
927 2929 1120 3001 protestetur,

202 2998 272 3061 s'ese
293 3002 467 3062 relicturum
488 3003 636 3062 intactum
659 3002 699 3078 id,
722 3002 805 3082 qnod
830 3005 963 3063 maxime
987 3006 1119 3065 omnium

202 3082 421 3144 confutandum
446 3085 473 3143 ci
499 3086 612 3161 luerat,
635 3105 747 3165 nempe
775 3086 867 3145 robur
890 3106 993 3146 meum
1019 3087 1121 3166 princi·

203 3167 273 3246 psle
298 3173 328 3226 et
350 3173 560 3246 argumentum
586 3169 727 3248 capitale,
750 3169 800 3228 ubi
823 3188 863 3227 ex
885 3168 987 3229 verbis
1012 3169 1120 3230 christi

202 3249 341 3328 probavi,
362 3249 485 3308 Missam
510 3268 578 3308 esse
593 3256 807 3310 testamentum
831 3259 861 3310 et
873 3253 1120 3332 promissionem,

202 3331 272 3391 ideo
296 3351 356 3392 noo
385 3350 478 3411 posse
501 3352 579 3411 opus
608 3341 661 3392 aut
682 3333 863 3392 sacrificium
886 3334 957 3394 dici.
1002 3335 1119 3395 Hicin·

202 3413 275 3473 lelix
297 3423 438 3490 assertor,
461 3417 559 3474 victus
581 3415 758 3476 fortitudine
779 3416 868 3475 buius
897 3416 1039 3496 roboris,
1069 3417 1120 3476 mi·

202 3515 269 3556 sere
291 3495 482 3557 dissimulata
504 3499 702 3576 conscientia,
725 3516 786 3559 nou
804 3497 904 3558 solum
928 3501 1051 3578 transit,
1071 3497 1120 3559 sed

201 3584 390 3658 protestatur
412 3581 502 3640 etiem
525 3599 595 3641 sese
622 3583 842 3660 transiturum,
870 3586 902 3642 et
930 3580 1001 3643 sliis
1023 3582 1120 3643 dimis-

203 3679 317 3725 surum.
378 3714 387 3727 ,

285 3742 313 3804 Ο
341 3751 524 3805 assertorem
558 3708 848 3824 sacramentorum,
880 3764 900 3807 o
930 3746 1119 3810 Msusorem
