2392 4170
399 231 621 305 Parltagistros
640 238 819 295 Paristansss.
1012 236 1058 304 ὅδ’

215 402 254 488 ὁ)
279 403 417 468 Liberum
442 406 596 469 arbitrium
612 410 692 477 ,sine
721 410 819 490 gratia
846 416 932 472 tanto
956 410 1052 491 magis

133 489 365 570 appropinquat
398 490 565 571 iniquitati,
603 499 717 573 quanto
752 491 859 554 fortius
890 494 1054 555 intenderit

136 573 260 648 actioni,
284 593 323 632 ex
345 572 521 636 Ambrosio.

216 655 302 717 Haec
322 655 515 737 Propositio,
549 657 730 738 accipiendo
754 660 882 740 gratiam
907 669 939 720 ut
960 661 1054 740 prius,

136 744 183 800 est
204 739 290 818 falsa,
314 741 430 821 piarum
455 743 571 801 aurium
596 741 745 803 offensiva
767 762 786 804 a
808 742 897 804 bouis
910 742 1052 824 operibus

133 823 302 903 retrahens,
325 824 428 903 inique
452 833 481 884 et
494 825 632 885 mutilate
655 844 695 886 ex
716 825 882 887 Ambrosio
896 835 1052 906 excerpta.

135 972 187 1037 De
216 971 472 1057 philosophia
493 979 530 1038 et
554 972 762 1056 theologia
784 974 1052 1042 scholastica.
1124 952 1131 961 ’

218 1095 253 1164 ll
277 1091 477 1173 Philosophia
505 1093 678 1156 Aristotelis
714 1094 753 1155 de
786 1097 897 1157 virtute
936 1095 1054 1172 morali,

133 1175 171 1236 de
193 1173 327 1249 oblecto,
350 1176 388 1236 de
410 1184 490 1255 actu,
515 1177 552 1238 de
575 1184 644 1239 actu
667 1177 781 1252 elicito,
805 1179 952 1256 telis-est,
975 1199 1058 1259 quae

132 1277 191 1320 uec
212 1260 242 1319 iu
266 1260 382 1339 populo
407 1259 511 1321 doceri
534 1263 647 1341 possit,
669 1280 728 1322 nac
748 1267 798 1322 est
817 1261 855 1322 ad
879 1263 1055 1343 Scripturas

132 1342 366 1423 intelligentiam
383 1342 476 1419 utilis,
500 1346 571 1423 quia
593 1344 729 1404 continet
745 1342 895 1406 duntaxat
912 1352 1054 1425 portenta

132 1425 305 1506 verborum,
328 1445 391 1486 nou
414 1427 472 1486 nisi
495 1427 533 1488 ad
557 1429 772 1488 contentiones
796 1429 961 1489 verborum
981 1447 1052 1490 con-

132 1509 214 1574 lictu.

216 1592 301 1653 llaec
322 1592 506 1672 Propo'sitio,
529 1599 676 1672 quantum
699 1593 737 1655 ad
760 1613 868 1656 omnes
891 1614 961 1656 suas
985 1614 1051 1674 par-

135 1683 198 1754 tes,
233 1675 390 1756 loquendo
429 1675 468 1736 de
500 1676 697 1756 philosophia
732 1677 905 1739 Aristotelis
943 1679 972 1738 in
1006 1676 1056 1738 his

135 1761 287 1836 maxime,
319 1761 350 1819 in
374 1760 483 1839 quibus
507 1780 525 1818 a
550 1759 612 1820 fide
634 1779 696 1821 non
719 1759 864 1840 discedit,
898 1769 945 1822 cst
966 1762 1055 1837 falsa,

92 1853 95 1858 '
133 1851 165 1905 et
202 1850 358 1923 tanquam.
386 1841 425 1904 ab
460 1843 586 1903 inimico
624 1843 771 1904 scientiae
804 1852 985 1924 arroganter
1017 1863 1055 1903 ac

131 1927 312 2009 insipienter
332 1933 459 1992 asserta.
1086 1942 1089 1947 ·

215 2007 255 2091 2)
269 2007 384 2073 Omnes
404 2010 529 2069 virtutes
544 2009 674 2070 morales
688 2015 719 2069 st
732 2010 879 2070 scientiae
892 2010 1056 2089 speculati·-

132 2113 191 2154 vae
215 2111 277 2153 non
306 2100 376 2153 sunt
398 2112 489 2153 verae
511 2093 637 2152 virtutes
665 2100 696 2153 et
717 2093 878 2173 scientiae,
911 2093 963 2154 sed
987 2104 1058 2173 pec}

135 2185 205 2238 cata
227 2179 259 2238 et
281 2195 408 2237 errores.
999 2192 1012 2215 ο

219 2260 303 2319 Haec
323 2259 514 2338 Propositio,
543 2265 689 2337 quantum
713 2259 751 2319 ad
774 2261 901 2339 primam
924 2267 1052 2338 partem,

136 2341 219 2424 quod
254 2342 382 2402 virtutes
415 2340 548 2400 morales
581 2347 651 2400 sunt
687 2348 830 2421 peccata,
867 2351 915 2403 est
946 2341 1054 2401 eodem

135 2425 231 2488 modo
254 2422 477 2506 qualificanda,
510 2425 589 2482 sicut
609 2424 692 2503 prius
713 2425 771 2486 fuit
790 2425 842 2486 illa
863 2424 1064 2505 qualificatat

135 2511 240 2591 Opera
278 2526 479 2588 quaecuuque
513 2513 585 2566 ante
618 2508 774 2567 caritatem
815 2515 885 2568 sunt
912 2513 1056 2587 peccata,

136 2599 284 2673 quantum
308 2599 409 2657 autem
434 2589 639 2665 adulteram,
664 2589 747 2668 quod
769 2590 887 2651 scilicet
908 2590 1057 2649 scientiae

136 2675 346 2758 speculativae
369 2679 440 2734 sunt
463 2691 592 2748 errores,
614 2679 662 2732 est
683 2672 843 2733 manifeste
866 2672 952 2734 falsa.

220 2761 256 2829 3]
280 2758 454 2837 Theologia
483 2755 668 2816 scholastica
699 2759 748 2817 est
781 2755 860 2816 falsa
881 2755 1058 2834 Scripturas

136 2848 168 2903 ct
200 2847 462 2902 sacramentorum
491 2838 708 2919 intelligentia,
742 2845 773 2899 et
801 2839 937 2899 exsulem
968 2836 1059 2897 nobis

136 2926 210 2986 fecit
231 2944 335 2985 veram
360 2931 390 2983 et
412 2924 564 2982 sinceram
586 2921 785 3002 theologiam.

219 3007 306 3068 Haec
321 3006 496 3086 Propositio
520 3012 567 3064 est
588 3005 674 3084 falsa,
697 3006 859 3067 temerarie
881 3013 911 3064 et
926 3002 1056 3083 superbe

137 3097 267 3167 asserta,
288 3109 326 3150 ac
347 3108 443 3150 sanae
465 3088 624 3149 doctrinae
644 3088 777 3150 inimica.

221 3175 258 3242 4)
296 3174 327 3234 lu
368 3171 560 3233 sermonibus
596 3171 739 3232 lohannis
772 3170 911 3238 Tauleri,
952 3168 1058 3248 lingua

137 3254 337 3325 teutonicalt
361 3255 554 3335 conscriptis,
576 3255 644 3335 plus
660 3256 790 3335 reperio,
814 3254 887 3315 dicit
900 3249 1057 3329 Luther2),

137 3339 315 3420 theologiae
343 3338 462 3398 solidae
489 3345 520 3398 et
542 3339 696 3414 sincerae,
730 3357 821 3417 quam
849 3337 879 3396 in
910 3336 1060 3395 universis

139 3424 275 3484 omnium
289 3421 528 3483 Universitatum
550 3420 742 3481 scholasticis
755 3418 941 3483 Ductoribus
958 3437 1057 3498 reper-

138 3513 202 3567 tum
225 3512 288 3585 est,
321 3512 374 3565 aut
395 3505 520 3585 reperiri
543 3505 642 3586 possit
669 3505 699 3563 iu
723 3504 866 3567 omuibus
898 3502 960 3562 suis
984 3500 1057 3560 ¹sen-

138 3589 252 3652 tentiis.

210 3760 238 3828 1)
258 3759 290 3813 In
305 3757 349 3814 sti
367 3707 636 3826 ‚lanisgcimanica
674 3754 703 3822 2)
723 3750 808 3808 lbld.:
828 3749 970 3807 lutherus.
