2392 4170
139 248 203 314 414
430 246 590 305 connisos
608 249 777 306 tmtherm
801 278 805 287 ·

142 407 299 467 damnarit
320 413 499 486 peccatum,
535 413 568 465 ut
588 405 766 467 iustificatio
786 407 866 486 tagis
884 405 1066 486 impterstur

140 491 170 549 in
193 489 292 550 nobis.
337 489 393 548 Hic
414 489 516 565 odes,
538 494 570 548 ut
592 496 699 568 aperto
722 504 775 551 ore
796 488 946 568 affirmet,
967 488 1064 548 noas

140 572 202 652 lagi
223 571 430 652 impossibiie,
463 581 497 631 ut
518 571 696 652 impleretur
722 574 752 631 in
774 572 865 632 nobis
886 570 1064 632 iustificatior

140 654 228 735 legis,
240 656 296 713 nisi
309 662 341 715 st
351 654 400 714 hio
411 653 658 714 iustificatiooem
673 655 748 734 tegis
760 656 961 717 intentionem
973 672 1062 734 prus·

140 739 281 818 cipientis
310 755 379 797 esse
413 755 519 818 cogas.
576 736 666 812 Quod
704 739 729 797 si
766 738 825 818 tegi
869 735 1061 818 impossibiie

139 819 211 900 istit,
244 839 324 900 quas
359 822 391 880 in
423 821 607 880 adiutorium
630 821 702 881 data
723 831 785 895 est,
821 830 939 900 quanto
962 820 1061 901 Μὴ

140 904 216 964 citra
237 903 421 964 adiutorium
444 903 522 982 tegis
536 903 736 983 impossibiie,
758 904 821 965 imo
843 903 922 964 sdes
943 905 1062 984 impos-

139 987 227 1058 sibiie
265 985 338 1062 fuit,
381 993 414 1046 ut
455 986 638 1046 adiutorium
673 987 749 1064 tegis
788 987 886 1066 magis
919 986 1060 1049 obruent.

139 1070 221 1129 Dicit
242 1070 322 1129 enim
344 1070 375 1127 in
408 1088 447 1129 eo
468 1069 649 1148 impossibili
677 1069 777 1149 iugem
798 1069 1001 1149 infirmatam,
1027 1068 1059 1129 id

139 1162 196 1227 est,
217 1171 280 1212 non
300 1153 474 1232 impletam,
497 1159 623 1232 propter
645 1170 769 1212 carnem
793 1153 929 1232 peccati,
950 1160 1058 1212 autst

142 1235 192 1295 bic
214 1252 275 1296 non
289 1234 446 1315 impletum
458 1234 561 1295 dicent
576 1235 743 1295 secundum
755 1236 957 1295 intentionem
969 1250 1059 1315 pruc-

139 1319 297 1399 eipientis‚
319 1326 352 1378 at
373 1326 436 1378 tum
459 1336 521 1378 non
545 1319 635 1398 culpa
655 1320 773 1393 camis,
794 1338 850 1398 per
871 1332 971 1398 qucrn-
986 1316 1060 1378 dicit

138 1420 201 1462 uon
221 1400 378 1481 impletam
403 1402 518 1481 tegern,
550 1401 603 1462 sed
625 1402 682 1462 Dei
703 1402 888 1462 intendentis
911 1409 975 1478 est,
1006 1401 1058 1479 qui

138 1504 198 1546 nun
221 1488 383 1545 contentus
406 1485 561 1564 impletum
584 1502 653 1544 esse
677 1487 773 1564 exigit
795 1486 936 1565 gratiam,
957 1491 990 1543 et
1010 1485 1058 1547 sio

136 1584 193 1649 per
212 1584 336 1629 cumam
360 1567 409 1627 lex
433 1569 512 1628 bene
533 1567 679 1644 firmatur,
702 1568 755 1627 sed
778 1586 833 1648 per
853 1568 1057 1628 intentionem

137 1651 354 1732 praecipientis
375 1649 552 1711 infirmatur.
1019 1680 1023 1693 ·

219 1733 246 1794 0
268 1733 465 1814 blasphemus
487 1752 580 1794 voces
601 1741 632 1794 et
653 1733 785 1793 rabidas.
828 1732 900 1808 Sed,
924 1739 964 1792 ut·
980 1732 1056 1808 dixi,

136 1817 218 1878 hanc
237 1817 372 1878 divinam
395 1835 503 1878 vocem
528 1816 611 1876 Pauti
634 1817 770 1895 oportuit
790 1817 870 1876 inter
891 1814 1057 1876 blattas«

137 1901 249 1961 canem
264 1901 484 1976 conticescere,
505 1917 544 1959 ne
567 1917 629 1960 noo
648 1909 789 1978 regnsret
802 1899 966 1958 Decretum
978 1898 1055 1958 titud

137 1985 319 2067 principium
341 1982 422 2046 iidei.
465 1982 517 2044 sic
538 1983 605 2042 Act.
633 1981 733 2057 13¹J:
766 1981 824 2040 Per
856 1981 937 2041 iruuc
964 1980 1056 2042 robis

135 2068 275 2127 remissio
291 2070 487 2145 peccatorum
504 2064 922 2143 annunciatursbonrniirus‚
944 2064 1055 2142 quibus

135 2169 196 2210 non
220 2150 361 2230 potuistis
383 2150 413 2208 in
436 2149 504 2228 iege
517 2149 593 2208 Masi
616 2147 783 2226 iustificari,
806 2149 835 2206 in
860 2147 921 2206 hoo
941 2148 1055 2223 omnis,

134 2235 185 2312 qui
200 2232 305 2309 credit,
327 2230 516 2292 iustificetur.
546 2232 614 2293 Non
633 2229 908 2310 imbuitapostoius
922 2247 1054 2308 graecae

137 2316 260 2396 linguas
282 2316 420 2395 peritiam
443 2321 570 2392 tentam,
594 2323 627 2374 ut
649 2314 773 2390 diceret,
797 2313 906 2392 quibus
928 2311 1054 2373 difficile

135 2399 192 2460 fuit
212 2397 379 2475 iustificari,
400 2406 432 2458 ut
454 2398 643 2478 impossibiie
665 2413 805 2458 asserere
826 2405 1000 2475 cogeretur.

217 2482 292 2543 Item
323 2481 411 2543 Acto.
436 2485 473 2546 to
503 2481 609 2541 Petrus
650 2481 736 2540 dicit:
771 2481 839 2540 Hoc
874 2487 922 2540 est
962 2494 1052 2558 onus,

134 2565 217 2646 quod
241 2583 299 2625 nec
319 2583 376 2625 nos
398 2583 456 2624 nec
477 2564 581 2624 Patres
603 2567 699 2624 nostri
730 2575 853 2643 portare
879 2571 1052 2644 potuerunt.

134 2647 212 2725 Quid
238 2649 323 2727 dicis,
346 2647 457 2709 Pctrc?
487 2648 556 2708 Nou
580 2655 746 2728 potuerunt
768 2646 912 2727 portare?
940 2645 1054 2706 Nouos

133 2741 333 2813 portaverunt
365 2730 532 2792 secundum
571 2731 772 2790 substantiam
803 2729 898 2790 iacti?
940 2728 1055 2790 Nonne

133 2817 303 2877 circumcisi
326 2823 406 2891 sunt,
429 2813 687 2890 sacrificaverunt,
708 2821 742 2872 et
763 2813 930 2873 omniailta
951 2831 1054 2873 servs·

134 2899 266 2961 rerunt?
286 2899 342 2975 Tu,
365 2897 466 2976 rideo,
488 2898 613 2977 ignoras
635 2897 785 2977 principia
803 2896 872 2956 fidei
896 2903 926 2954 et
948 2896 1053 2956 moitis

133 2983 233 3043 modis
265 2981 375 3042 deiiras
407 3001 426 3041 a
464 2981 648 3043 Lovaniensi
687 2979 851 3059 theologis.
896 2981 938 3039 As
970 2978 1054 3040 dicet

132 3067 182 3126 iric
203 3066 362 3126 latomus:
392 3064 439 3124 De
461 3065 692 3125 circumcisione
717 3064 849 3142 loquitur
871 3063 994 3137 Petrus,
1019 3071 1052 3123 ut

132 3170 172 3211 ex
194 3150 305 3229 capitis
326 3149 474 3230 principio
498 3155 591 3228 putet.
636 3147 676 3207 At
702 3165 763 3206 rron
794 3154 959 3226 potuerunt
980 3163 1047 3224 por·

131 3241 196 3294 tare
224 3231 510 3292 circumcisionem?
539 3231 606 3292 imo
637 3230 675 3290 de
705 3230 774 3309 iege
801 3230 878 3289 Most
907 3229 1052 3307 toquitur.

132 3315 184 3378 Sic
205 3317 285 3376 enim
308 3314 400 3396 panio
429 3323 499 3374 ante
521 3313 675 3374 scribitur:
711 3312 914 3374 surrexerunt
946 3320 1052 3372 autam

132 3398 255 3480 quidam
280 3397 319 3458 de
340 3398 458 3458 haeresi
482 3398 733 3475 Pharisaeorum,
763 3397 813 3474 qui
847 3394 1052 3471 crediderant,

131 3481 284 3543 dicantes:
307 3482 438 3562 Oportet
460 3480 635 3541 circumcidi
658 3497 722 3556 sos,
748 3480 1053 3559 praecipuaquoquc

133 3664 550 3683 mnu-mm

184 3772 496 3847 1)1nss.0og.=1s.
616 3760 619 3767 '
