2392 4170
132 247 197 312 448
231 311 235 318 ,
431 248 590 302 Oonsntatio
606 248 771 302 [anthericus

135 410 234 462 tecum
264 402 408 481 disputat
451 404 515 463 lam
537 401 745 483 Hieronymus
773 421 811 462 eo
839 401 913 465 loon
943 420 983 463 iic
1006 419 1070 462 cn

134 489 211 564 gitst
230 484 352 563 quidem
376 485 414 545 dc
435 487 494 545 isto
517 484 587 545 loco
610 485 796 562 Satomonis,
819 492 953 545 tantuin
959 484 1060 582 cheat,

136 575 168 628 ιιι
187 567 310 648 probet,
331 569 395 628 eius
417 557 541 628 sensum
562 587 640 646 esse,
663 586 752 646 quem
769 568 914 628 Latonius
935 569 1061 648 exipso

134 648 229 713 affert.
278 651 483 711 insulsissime
504 660 550 711 est
572 654 807 729 consequentior
850 651 1062 730 Hieronymus

137 734 219 809 dicit,
242 732 326 812 qnod
348 735 453 794 Sancti
476 734 641 812 aliquando
676 744 808 814 peccant
841 746 869 794 et
906 752 968 795 nou
992 752 1060 814 per·

133 825 227 896 petuo
239 825 345 877 carent
358 826 503 897 peccato,
526 835 601 896 ergo
616 816 763 878 Salomon
776 816 856 878 idem
871 816 946 894 vnit,
963 835 1060 895 qnan-

135 898 175 959 do
197 898 287 960 dicit:
309 900 378 962 Non
401 909 449 960 est
469 902 565 960 iustus
587 902 617 959 iii
640 907 730 976 teria,
753 902 803 979 qni
826 900 920 960 facist
942 901 1059 961 honn-

134 990 166 1043 et
187 1001 248 1043 non
271 992 390 1063 peccet.
435 983 494 1044 Gur
516 1001 577 1043 non
601 984 692 1043 etiam
712 982 808 1043 dicis?
831 982 943 1043 Paulus
965 981 1059 1045 dicit:

137 1065 230 1145 Virgo
254 1083 315 1126 non
335 1076 462 1147 peccet,
484 1068 509 1126 si
531 1065 633 1142 nubit,
671 1086 745 1145 crgo
770 1066 849 1126 idem
874 1075 938 1142 est,
971 1065 1058 1146 quod

135 1148 240 1210 Petrus
262 1150 350 1210 dicit:
374 1150 510 1228 Fratres,
534 1150 657 1228 vigilate
680 1159 710 1208 ct
730 1149 824 1210 sobrii
842 1158 952 1210 estote.
975 1147 1061 1211 Ocn-

135 1234 310 1310 ssquentias
356 1233 468 1308 trahis,
501 1242 531 1292 et
566 1251 626 1294 non
667 1232 780 1312 probes
828 1240 901 1308 eas,
946 1231 1060 1293 deindo

11 1318 19 1341 ’
135 1334 257 1375 sensum
286 1318 373 1377 nnius
403 1316 462 1377 loci
500 1316 545 1375 vis
566 1317 597 1374 in
619 1316 713 1375 alium
753 1315 854 1375 locuni
886 1315 1060 1394 intrudere,

133 1400 299 1459 autoritate
310 1401 444 1480 propria,
466 1400 553 1476 quasi
577 1397 630 1458 tibi
643 1398 725 1459 orbis
747 1397 873 1458 credere
894 1407 926 1458 et
947 1397 1061 1459 cedere

134 1481 254 1560 debeat,
277 1483 343 1543 sine
361 1482 424 1543 nilo
441 1483 626 1541 testimonio.
670 1480 831 1561 Oompoue
841 1489 996 1560 quotquot
1008 1501 1059 1542 ro·

134 1564 179 1624 les
202 1564 292 1642 loca,
320 1566 374 1626 sed
398 1575 620 1639 memoresto,
644 1573 677 1623 ιιι
699 1564 810 1644 probes
834 1564 953 1625 iliorum
978 1582 1059 1640 csse,

47 1720 50 1725 .
135 1647 224 1707 sicuti
246 1648 291 1707 vis
315 1648 430 1726 videri,
467 1646 597 1708 esndein
631 1650 825 1709 sententiam.
871 1647 938 1707 Hoc
973 1648 1057 1709 enim

134 1728 285 1808 officinm,
316 1729 458 1808 Latome,
492 1731 674 1810 suscepisti,
715 1729 798 1810 qnod
832 1731 889 1789 nisi
933 1729 1058 1805 feceris,
1096 1740 1099 1745 '

135 1813 207 1874 nihii
240 1813 358 1878 seceris.
401 1813 505 1874 Manet
538 1813 610 1873 mihi
643 1815 795 1873 sententia
836 1820 868 1872 et
906 1811 1057 1875 Salomon

135 1914 220 1956 mens
242 1895 364 1976 firmus,
397 1906 428 1958 et
458 1914 514 1956 vos
536 1894 714 1957 incendiarii
750 1902 781 1956 et
807 1896 948 1975 sacrilegi
986 1914 1059 1959 con·

135 1997 306 2043 vincemini.

216 2108 265 2167 An
303 2113 404 2168 sutem
438 2105 641 2188 Hieronymus
676 2114 758 2167 recte
797 2109 932 2167 tractarit
964 2107 1056 2170 iilud:

134 2189 235 2250 David
257 2189 330 2250 fecit
363 2208 470 2250 omnes
501 2191 674 2250 voluntates
699 2191 774 2267 Dei,
807 2203 837 2250 et
867 2199 968 2249 tamen
1005 2190 1056 2252 ah·

133 2273 257 2352 qnando
279 2274 429 2353 pensavit,
452 2292 506 2353 per
528 2272 587 2333 hoc
603 2273 685 2352 qnod
706 2274 788 2350 dicit,
813 2273 927 2334 Omnes
951 2274 1056 2334 voiun-

133 2363 211 2416 tates
234 2355 348 2416 dixisse
370 2356 484 2434 Deum,
521 2356 574 2416 sed
598 2376 659 2418 non
691 2356 861 2436 addidisse,
895 2365 1056 2438 perpetuo,

133 2441 164 2500 in
187 2437 288 2498 medio
311 2439 461 2518 relinquo,
484 2441 615 2500 alienum
632 2439 670 2499 ab
688 2441 825 2501 instituto
839 2403 955 2501 dostro
991 2439 1055 2501 Nos

134 2520 272 2603 dicimus,
298 2541 405 2584 omnes
423 2523 595 2583 voluntates
615 2523 672 2582 Dei
694 2521 836 2596 herisio
859 2531 891 2583 nt
913 2524 1054 2602 ignoscat

134 2607 217 2666 omni
241 2607 327 2686 operi
349 2613 465 2685 nostin,
488 2608 566 2666 sicut
589 2607 777 2685 Augustinus
800 2606 887 2666 dicit:
910 2606 1055 2668 Mandata

133 2687 190 2749 Dei
204 2688 376 2769 implentur,
399 2652 535 2768 qushdo,
558 2690 703 2768 quidquid
722 2708 784 2748 non
807 2687 850 2766 fit,
873 2691 1053 2768 ignoscitur.

133 2771 213 2832 Nihil
236 2771 285 2833 hic
309 2772 348 2832 de
369 2772 501 2831 robustis
524 2771 583 2832 illis
608 2774 744 2852 peccatis
767 2735 968 2852 dispdtamus,
991 2775 1052 2854 qni·

134 2854 190 2915 bus
213 2854 378 2935 aliqnando
402 2853 505 2916 Sancti
534 2863 679 2952 peccant,
712 2855 766 2915 sed
801 2855 839 2915 de
873 2855 1053 2935 quotidiano

132 2939 320 3015 inhaerente,
342 2939 421 2998 sicut
443 2939 501 2998 et
493 2940 552 3019 ipsi
575 2938 613 2998 de
636 2938 748 2999 veniali
771 2939 944 3018 loquuntur.
974 2938 1053 3001 Satis

133 3023 209 3083 dura
232 3020 303 3081 mihi
318 3018 504 3102 Hieronymi
526 3023 736 3118 interpretatio
760 3022 894 3100 videtur,
927 3021 1054 3101 Omnes,

133 3105 251 3184 idest,
280 3103 991 3185 aliqnandovelpromaioritempore,non
1014 3114 1053 3168 ta·

133 3206 203 3248 men
226 3186 355 3265 damno,
380 3194 505 3269 propter
527 3187 656 3268 figuram
679 3188 761 3248 illam
785 3189 1014 3270 synecdochen

217 3305 336 3367 Deinde
355 3306 515 3366 manifeste
528 3316 617 3384 erret,
641 3306 724 3385 qnod
738 3306 864 3368 Panium
888 3309 1053 3380 insimulat,

133 3393 220 3470 quasi
243 3389 293 3450 vel
309 3389 454 3468 peccarit,
478 3388 526 3449 vel
543 3409 605 3451 nnn
621 3389 735 3451 bonnm
752 3409 830 3471 opus
843 3392 958 3469 fecerit,
981 3392 1052 3455 dnm

133 3476 254 3554 scripsit
276 3474 319 3539 cd¹
328 3472 522 3534 Timotheum
541 3474 580 3533 de
602 3474 797 3546 membranis,
820 3493 857 3535 ac
879 3475 1000 3552 quoties
1015 3476 1052 3537 de

132 3557 314 3619 necessariis
335 3555 425 3616 huius
451 3558 532 3617 vitae
554 3557 707 3638 cogitarit.
751 3555 808 3617 Ubi
842 3565 889 3617 est
919 3558 969 3618 hic
1002 3558 1052 3620 ihc

132 3640 254 3718 thraso,
275 3639 378 3720 quise
400 3639 589 3719 ponderare,
612 3658 853 3701 connumerare
875 3641 1051 3703 testimonis

133 3723 232 3789 dixit?
262 3721 357 3785 Error
378 3731 440 3802 ιιι,
462 3724 602 3804 inqusm,
625 3742 781 3803 asserere,
802 3723 930 3787 Panium
953 3725 983 3784 in
1006 3724 1052 3787 his
