2392 4170
370 224 520 287 Anemuri
540 227 693 283 Cathena
713 227 793 284 1521.
993 224 1055 291 353

135 375 332 459 mysterium,
354 380 384 440 id
408 389 470 458 est,
493 399 618 459 prorsus
642 381 731 441 nullis
761 398 861 459 neque
883 381 1055 443 viventibus

134 481 235 542 neque
257 465 393 526 mortuis.
438 464 464 525 0
488 464 569 522 luror
593 462 649 523 Dei
673 462 887 544 incogitabilis,
910 464 1056 527 enesboo

134 545 430 627 volueruntspiritus
450 545 492 607 illi
516 564 659 624 nequam,
682 547 734 625 qui
757 547 865 610 Missus
882 534 1056 626 postulave-¹

131 635 216 707 runt,
246 636 278 688 et
299 648 368 690 sese
388 628 495 691 redimi
517 626 678 692 linxerunt.
722 627 844 690 Infinita
874 639 945 690 sunt
967 629 1055 696 buius

132 712 259 772 monstri
270 712 440 808 exempla,
463 713 493 771 in
517 730 596 790 quae
618 730 675 772 nos
697 712 772 774 rude
794 712 904 792 vulgus
926 713 992 772 sine
1014 714 1055 774 iu·

133 791 228 871 dieio,
252 795 319 854 sine
341 795 465 874 spiritu,
488 795 566 855 sieut
588 794 795 875 imprudentes
825 794 969 855 ιιιιιιι
962 815 992 855 m
1015 795 1056 858 la.-

131 895 243 956 queum
264 878 416 953 irruimus,
437 897 562 957 prorsus
584 877 698 938 nullum
714 877 905 939 mendesium
929 888 1057 943 satanas

131 960 333 1057 snspipantes,
357 979 425 1021 oum
440 961 521 1021 Deus
543 979 605 1021 non
629 961 766 1050 ιιιιιιιι,
771 979 828 1022 nos
853 961 1056 1041 dereliquerit,

131 1060 204 1122 qum
215 1059 246 1103 tn
272 1043 373 1105 multis
397 1044 472 1103 loeis
485 1038 654 1103 illusiones'
656 1045 731 1104 istas
746 1045 952 1108 manifestarit
995 1043 1055 1107 Sed

133 1123 285 1187 iaoiebant
306 1124 384 1187 haee
407 1125 445 1186 ad
458 1145 583 1206 regnum
598 1126 747 1186 facierum
764 1135 795 1186 ιι
810 1128 1055 1207 propositionum

133 1207 360 1284 stabiliendum,
380 1208 451 1271 ideo
474 1207 618 1271 roborata
639 1216 718 1270 sunt.
1067 1240 1069 1242 v

213 1287 285 1354 Non
309 1301 409 1352 nutem
434 1311 529 1372 nego,
552 1310 609 1371 pro
632 1291 781 1353 deiunotis
803 1291 952 1354 orandum
969 1313 1054 1367 esse,

132 1373 185 1435 sed
207 1393 321 1455 papam
344 1375 373 1436 in
402 1375 529 1434 mortuis
557 1394 687 1455 regnare
716 1382 746 1434 et
767 1383 991 1437 sacramentum
1014 1378 1055 1437 sl-

133 1459 208 1524 taris
227 1456 389 1518 ludibrium
412 1459 476 1517 eius
498 1455 564 1518 fleri
593 1477 633 1517 ex
655 1457 748 1519 eorde
770 1457 905 1524 detestor
926 1463 959 1520 et
978 1459 1054 1536 abo-

135 1541 247 1617 minor,
282 1549 375 1620 atque
408 1542 522 1600 utinam
553 1539 644 1619 digne
676 1539 749 1615 flere
772 1559 904 1621 possam.
948 1533 1054 1620 Neque
1100 1606 1105 1615 ,

134 1625 214 1683 enim
239 1622 285 1683 bis
309 1624 403 1704 signis
432 1622 501 1684 fidei
532 1628 562 1683 et
582 1622 743 1703 Evangelii
771 1642 864 1684 eausa
892 1625 1055 1704 quaeritur

136 1707 196 1766 iuro
227 1714 336 1766 eontra
364 1705 455 1767 fidem
485 1712 516 1766 et
538 1705 741 1785 Evangelium
772 1707 827 1773 sub
857 1706 1001 1767 iaoierum
1025 1719 1055 1769 at

135 1791 378 1868 propositionum
415 1788 613 1869 praetextu1)
660 1789 815 1869 tyrannis
820 1789 893 1859 ιιιι
911 1788 1054 1858 fiduciam

133 1890 260 1952 operum
283 1870 458 1951 erigendam
471 1880 639 1934 exercetur
670 1871 782 1932 Verum
806 1871 859 1943 ἰιι
856 1867 1055 1942 sagramento

134 1963 164 2014 et
184 1953 244 2014 lide
269 1953 332 2014 dixi
354 1955 430 2015 alies
452 1953 584 2016 abunde.
627 1954 708 2016 luter
730 1955 806 2017 baso
828 1946 935 2023 autem
952 1964 1055 2017 nume·

135 2036 231 2098 tanda
253 2043 376 2098 suntet
396 2037 465 2114 ιιιι,
497 2055 576 2116 quae
598 2038 628 2098 in
652 2038 893 2114 visitationibus,
924 2041 1055 2119 peregri·

137 2119 322 2198 nationibus,
345 2129 377 2181 et
388 2083 635 2181 venerationibus
649 2119 830 2184 Sanctorum
844 2119 929 2199 ιιιιιιι,
954 2122 1055 2201 qualia

77 2260 79 2264 ,
138 2203 231 2264 multa
253 2201 353 2270 bodie,
367 2202 479 2283 ubique
501 2203 672 2280 abundent,
695 2221 775 2283 quae
798 2224 881 2284 papa
903 2206 965 2268 suis
988 2205 1055 2265 Bul·

129 2285 171 2346 'lis
193 2284 366 2358 eonlirrnat,
389 2288 479 2347 etiam
510 2288 670 2347 canonisat
702 2287 887 2368 quandoque
915 2286 1056 2361 Sanatos,

82 2376 84 2382 ’
137 2387 214 2448 quos
236 2371 368 2466 ignorat.
411 2369 500 2430 Nune
522 2368 601 2449 vide,
624 2369 695 2466 quid
719 2371 911 2449 sitopsratio
930 2379 1057 2432 satanae
1156 2436 1164 2453 ι

136 2453 165 2511 in
187 2452 283 2549 signis
305 2451 515 2529 mendaeibus,
539 2464 569 2512 ιι
584 2453 746 2548 energiam
769 2452 913 2514 facierum
937 2462 967 2514 et
990 2474 1056 2534 pro

136 2535 324 2615 positionum
348 2554 408 2595 non
433 2536 461 2596 in
469 2535 612 2614 energia
634 2555 690 2595 sua
710 2534 858 2598 roborari.

218 2618 342 2679 Praeter
363 2619 440 2680 baso
463 2603 621 2678 mendacis
643 2620 746 2698 signa,
777 2621 900 2699 proprio
930 2625 1057 2680 satanae

137 2702 302 2762 ministerio
326 2700 498 2763 roborantis
521 2700 689 2761 ellioaaiam
712 2700 873 2776 facierum,
897 2711 943 2761 est
965 2710 995 2762 et
1015 2704 1057 2762 al-

136 2791 200 2845 tere
221 2784 360 2845 elfioaeia
381 2785 548 2844 ministerio
576 2783 704 2845 aliorum
729 2783 856 2862 efficax,
883 2803 981 2864 eaque
1008 2807 1058 2867 ge·

137 2868 229 2949 mina,
254 2887 313 2928 una
335 2867 529 2963 olorinorum,
552 2865 647 2927 altera
670 2866 826 2930 laieorum
869 2867 1056 2930 Glerieorum

136 2951 291 3028 aethaeo,
315 2950 427 3046 quod
418 2970 448 3010 m
474 2948 609 3011 faciebus
632 2956 663 3009 ιι
685 2950 946 3046 propositionibus
968 2951 1056 3012 robo-

137 3033 240 3101 randis
276 3035 401 3129 ingenio
435 3041 464 3093 ιι
492 3034 594 3113 lingua
623 3052 723 3130 papae
756 3031 936 3096 ministrent
991 3033 1058 3115 lpse

135 3118 216 3177 enim
240 3117 466 3196 propositiones
489 3135 560 3183 suas
574 3115 715 3177 effutit
692 3135 757 3176 sine
773 3117 892 3196 timore,
913 3127 943 3178 ιι
965 3116 1058 3179 lanies

134 3199 226 3280 plena
247 3201 410 3261 securitate
433 3200 577 3279 disponit,
600 3201 723 3279 saepius
736 3199 793 3260 sibi
806 3201 863 3279 ipsi
877 3201 1059 3280 turpissime,

135 3281 203 3344 Deo
232 3292 334 3343 autem
363 3283 541 3363 impiissime
568 3283 792 3344 eontradinens.
841 3282 948 3362 Neque
978 3286 1059 3346 enim

135 3364 184 3426 vel
207 3367 274 3445 ipse
297 3365 344 3425 vel
367 3367 413 3425 sui
436 3365 465 3425 id
489 3367 641 3445 cogitant,
673 3373 706 3426 ιιι
735 3385 840 3430 verum
870 3377 922 3428 aut
944 3368 1058 3429 bonum

134 3448 249 3527 aliquid
273 3448 389 3527 dinoot,
418 3448 471 3544 sed
495 3455 611 3509 tantum
635 3456 666 3509 ut
688 3448 807 3526 dicant,
829 3447 894 3509 freti
918 3460 948 3511 et
969 3452 1057 3519 abusi

696 3549 709 3581 ι
736 3565 740 3571 ,
1072 3551 1074 3555 .

190 3640 220 3702 1)
239 3638 279 3694 In
289 3639 331 3693 ed.
351 3601 421 3709 orig.
439 3638 717 3697 ιιιιιι.1557(ιιιιι
737 3649 891 3708 praetextu,
912 3645 1058 3712 repetitum

136 3719 179 3766 est
197 3712 251 3766 boe
270 3712 435 3766 vocabulum
455 3729 491 3765 ex
509 3712 563 3768 ed:
559 3710 634 3766 ·.Jen
654 3726 679 3764 a.
700 3711 777 3767 1566

162 3815 772 3869 ι,ιιιιιιιιιιι...,..,ιἰιιιιιιιιιιιιιιοιιι.Ι
854 3786 895 3850 23
