2392 4170
391 288 519 342 Retlonla
540 288 717 342 latomianoe
736 293 785 342 etc.
989 280 1051 351 459

132 448 268 523 Pharao,
301 444 382 528 qnod
413 447 452 507 cit
479 446 629 508 eiusmodi
658 446 764 532 populi
786 466 857 526 rex,
892 449 943 531 qui
977 446 1051 509 otio·

129 538 189 596 'ene
212 533 252 597 ult
272 531 310 596 eb
327 528 476 613 'operibus
499 529 566 607 Dei,
590 534 653 596 euic
675 533 806 616 propriis
829 548 989 614 operosus.

202 616 328 679 'Adhuc
351 634 454 688 unum,
476 614 555 679 Peel.
580 616 649 682 119.
662 617 692 696 ¹)
706 617 830 699 saepius
847 619 972 680 iteretur
993 614 1054 676 hoc

132 702 271 780 verbnm,
294 699 442 779 meditari,
465 708 511 761 ut:
533 697 724 764 Testimonic
745 709 798 762 tua
811 701 969 763 meditatio
985 712 1055 759 mec

133 793 195 864 eet3
224 792 254 845 et
283 783 454 845 Meditobor
484 785 514 843 in
537 782 803 847 iustificationibus
835 787 894 847 tuis
917 798 1052 864 temper,

133 875 163 930 et
185 884 253 930 cum
277 868 369 928 variis
391 866 491 928 modis
504 875 648 945 vertatur,
671 876 775 931 tumen
797 866 886 929 facile
908 869 937 928 in
961 884 1052 927 unam

132 949 277 1031 colligam
311 947 567 1030 significationem
603 967 727 1028 omnes,
764 968 844 1032 quae
875 958 938 1029 est,
971 948 1053 1030 quod

133 1034 227 1116 vulgo
250 1032 369 1109 dicitur,
391 1034 594 1096 amicabiliter
615 1034 782 1115 applicare,
804 1053 873 1097 ecee
889 1034 1054 1107 insincere,

133 1119 290 1180 teutonice
304 1117 352 1186 Ι);
389 1118 537 1189 lreunblici
571 1139 604 1190 eu
635 1119 692 1196 lim
723 1118 809 1195 ilco,
843 1119 898 1192 lein
930 1136 963 1196 8²1
998 1115 1072 1193 iiim·

134 1200 242 1274 teto,
278 1200 361 1281 quod
395 1201 473 1263 Gen.
497 1203 526 1265 4.
561 1202 684 1263 dicitnr:
715 1200 873 1283 ‘Respexit
899 1200 983 1262 Deus
1016 1198 1054 1259 ad

133 1282 231 1346 Hebel
265 1291 296 1345 et
317 1280 356 1345 od
380 1300 506 1346 munere
528 1287 609 1359 eice,
644 1284 683 1346 ed
708 1285 783 1348 Cain
815 1292 916 1347 autern
940 1291 971 1344 et
992 1302 1054 1343 mu·

132 1384 207 1429 nera
230 1369 294 1429 eice
318 1386 381 1428 non
404 1370 550 1445 respexit.
592 1366 738 1431 Proverb.
761 1371 781 1434 8
802 1367 905 1430 aliter:
944 1366 984 1427 Et
1006 1364 1055 1426 de·
1139 1440 1141 1444 .

134 1449 273 1513 lectcbor
293 1468 348 1530 per
365 1452 502 1532 singulos
525 1449 607 1524 diee3
630 1453 796 1515 etiterum:
818 1451 956 1513 Deliciae
968 1466 1056 1510 meae

134 1532 175 1596 etl
196 1533 277 1595 filios
298 1534 473 1614 hominum,
495 1534 553 1597 lec.
576 1536 632 1598 17:
661 1532 770 1596 inille
793 1534 841 1596 die
863 1532 1057 1596 inclinabitur

134 1617 181 1678 vir
201 1617 240 1677 ed
262 1617 361 1678 Deum
384 1636 490 1688 suum,
525 1626 555 1679 et
586 1634 648 1680 uon
680 1618 877 1680 inclinabitur
905 1615 943 1677 ed
973 1614 1058 1676 idolo

134 1696 197 1760 ane.
243 1697 309 1762 lam
327 1700 386 1765 ise.
409 1701 465 1766 66:
488 1698 527 1761 Ill
551 1720 644 1781 nuper
664 1714 766 1782 genua
786 1699 981 1763 blandientur
1004 1716 1056 1759 vo·

133 1783 199 1860 bie,
230 1802 334 1844 rursus
365 1782 434 1846 lsei.
458 1783 496 1848 6:
531 1783 570 1844 ut
598 1783 706 1847 oculos
735 1786 800 1846 eius
829 1783 947 1846 claude.
997 1777 1056 1843 Ob-

136 1883 237 1934 eecro,
258 1867 318 1927 sint
340 1869 399 1933 ieta
422 1869 526 1929 omnia
547 1886 637 1939 vera,
660 1873 694 1928 ut
713 1866 794 1928 idern
817 1866 944 1928 verbnm
964 1856 1056 1924 rnedi-

135 1951 203 2025 tari,
226 1948 385 2026 inclinari,
408 1949 571 2027 delectari,
593 1949 720 2012 deliciae
742 1950 871 2027 hebere,
893 1949 1058 2028 respicere,

118 2030 276 2108 *blandiri
300 2032 455 2106 claudere,
476 2041 507 2093 et
530 2035 555 2093 ei
577 2032 688 2094 luerint
708 2033 806 2116 plura,
829 2030 989 2114 significet.
1012 2028 1056 2092 lu-

135 2121 215 2176 ctum
250 2122 395 2177 eutemne
422 2122 468 2176 eet
496 2123 542 2178 tot
570 2116 723 2178 vocabula
750 2138 790 2179 ex
820 2135 883 2178 uno
917 2110 1058 2194 multipli-

135 2214 221 2272 care,
257 2217 325 2259 cum
357 2201 458 2279 poesie
487 2199 535 2260 vel
558 2201 662 2261 omnia
685 2198 734 2261 vel
755 2246 757 2251 .
777 2200 888 2262 lurime
909 2200 941 2260 in
963 2212 1056 2258 unum

136 2278 339 2362 significatum
364 2280 519 2358 colligere,
543 2286 573 2341 et
594 2282 699 2363 figuris
722 2221 796 2347 eolis
818 2278 959 2345 variare?
1001 2276 1058 2341 Ite-

134 2364 237 2444 epexit
260 2361 343 2425 Deus
366 2364 406 2426 ed
427 2364 541 2441 Habel,
563 2365 594 2424 id
616 2373 678 2442 eet,
701 2365 761 2427 boc
784 2367 900 2427 faciens
922 2366 1057 2425 animum

136 2446 255 2527 appulit
278 2445 316 2508 ed
339 2467 419 2508 eum.
463 2446 622 2528 Sapientia
644 2448 813 2510 delectatur
839 2468 894 2530 per
920 2446 1059 2526 singulos

136 2528 212 2608 cres,
235 2528 307 2590 dum
328 2530 508 2611 hocagene
537 2531 665 2611 appellit
695 2532 829 2592 animum
852 2550 939 2591 suum
963 2531 1058 2591 omni-

133 2610 209 2687 bus,
238 2619 270 2674 et
289 2615 424 2674 insinuat
447 2632 481 2673 se
502 2610 674 2693 benigniter
701 2613 770 2675 liliis
794 2614 963 2675 bominum.
1007 2607 1058 2674 Sic

133 2695 230 2757 bomo
260 2695 396 2775 applicat
424 2714 494 2757 eeee
522 2692 652 2758 dulciter
679 2696 718 2758 ad
741 2693 858 2774 Deum,
889 2697 933 2757 sic
961 2701 1058 2757 meter

100 2821 106 2828 -
135 2776 274 2840 blandite
291 2775 357 2840 fllio
377 2780 409 2840 in
432 2779 552 2859 gremio
574 2779 639 2860 ligii
653 2780 769 2841 vultum
785 2800 873 2841 suum
896 2780 926 2840 iu
941 2778 1056 2838 vultum

134 2861 226 2933 illiue,
249 2869 280 2922 et
300 2860 413 2922 blande
435 2862 473 2923 ed
496 2881 565 2922 eum
589 2862 690 2944 gestit.
733 2861 786 2925 sie
806 2862 915 2925 oculos
936 2861 1057 2923 illorum
1111 2862 1116 2869 ”

135 2943 260 3018 claudit,
282 2943 408 3017 iaciens,
431 2953 465 3006 ut
485 2951 597 3026 sponte
619 2944 688 3006 illos
709 2940 806 3027 figant
826 2947 856 3006 in
880 2963 936 3006 suc
957 2944 1058 3005 studia
1141 2939 1150 2958 '

134 3036 165 3087 ct
188 3027 234 3086 sic
256 3025 454 3102 claudentem
477 3028 522 3090 sic
543 3028 721 3090 testimonia
738 3035 790 3090 tua
804 3028 962 3092 meditatio
986 3042 1058 3090 mee

135 3119 192 3187 eet,
216 3109 286 3170 dum
311 3106 420 3170 celeris
436 3112 621 3190 contemptis
644 3111 682 3171 ed
705 3112 773 3191 ipse
795 3131 844 3173 me
866 3117 963 3173 verto.
986 3106 1056 3171 Bre-

134 3193 211 3253 viter
234 3209 357 3254 omnem
380 3191 462 3255 illum
486 3194 664 3273 varietatem
686 3192 800 3278 colligo
824 3197 853 3255 in
876 3194 954 3271 boo,
975 3193 1057 3273 quod

134 3281 239 3419 vgrtifi,
273 3275 431 3356 applico,
454 3284 527 3357 apto'
566 3293 616 3337 me
648 3278 782 3356 gratuito
815 3285 845 3336 et
878 3296 918 3337 ex
953 3279 1056 3338 animo

135 3374 152 3418 a
195 3375 257 3420 ro.

217 3440 304 3501 Heec
325 3457 363 3501 eo
378 3440 459 3501 dicte
471 3416 623 3521 putebtur,
647 3449 679 3502 ut
691 3441 846 3524 probetur,
869 3439 1056 3524 scripturam

135 3613 345 3620 —-——-.--

178 3778 184 3792 ,
207 3710 237 3767 ll
255 3706 285 3761 ln
306 3706 477 3792 editoriga
497 3706 558 3766 118.
595 3706 625 3769 ll
645 3710 681 3791 lu*
695 3707 758 3762 odit.
777 3709 837 3764 Jen.
856 3708 974 3779 legitur:
994 3707 1056 3776 eiu

135 3779 256 3852 pureum,
276 3779 410 3849 lreunbirti
430 3795 461 3850 gu
481 3777 533 3848 lini
552 3779 632 3848 tlon,
651 3780 703 3848 lan
721 3793 752 3851 pu
771 3778 825 3850 ilici
844 3778 931 3847 licien.
