2392 4170
140 246 205 316 494
486 246 530 307 De
547 244 724 313 instituendis

641 414 696 433 '⁸0

143 417 204 511 De
256 413 537 510 instituendis
723 413 811 510 tris
860 413 1068 511 ecelesiae
1164 410 1167 469 ³

143 534 183 595 ad
206 534 406 595 clarissimum
430 541 570 596 senatum
593 535 779 614 Prageusem
793 532 963 594 Bohemiae
986 533 1065 594 Mar·
1163 518 1168 629 Ι

496 620 576 679 tinus
598 617 719 682 Luther.
982 636 985 640 ·

144 778 378 852 Clarissimo
421 793 572 852 senatui
610 791 837 871 populoque
876 790 1067 869 Pragensi
1163 802 1167 823 ¹

142 874 289 934 Martinus
325 874 494 956 Lutherus,
534 875 731 935 eeclesiastes
760 872 1067 954 Vuittembergensis,
1163 872 1166 939 l

143 959 271 1039 gratiam
300 964 332 1018 et
353 977 460 1039 paoem
489 959 595 1019 aDeo
619 958 709 1018 Patre
740 964 846 1018 nostro
877 961 909 1017 et
931 957 1066 1018 Domino
1163 960 1166 981 '

148 1080 151 1085 ·
493 1041 565 1103 Iesu
588 1040 719 1103 Christe.

226 1189 273 1250 De
295 1192 414 1253 ratione
425 1193 555 1254 voeandi
569 1192 808 1270 instituendique
821 1191 958 1271 pastoris
971 1188 1066 1250 eoele-

143 1274 258 1334 siastiei
296 1293 520 1356 saepenumero
562 1278 789 1357 multorumque
808 1275 918 1334 'literis
940 1280 1065 1353 rogatus
1162 1332 1166 1343 ,

144 1376 227 1437 sum,
261 1364 294 1417 ut
315 1358 354 1419 ad
376 1379 434 1420 vos
457 1360 638 1441 scriberem,
662 1359 821 1420 clarissimi
843 1358 918 1439 viri,
943 1355 1066 1417 tandem

142 1441 211 1521 ipsa
233 1441 368 1501 caritatis
404 1442 474 1523 lege
501 1452 629 1524 urgente
657 1462 772 1524 negare
802 1459 863 1502 non
888 1442 988 1521 potui.
1031 1439 1068 1500 at

144 1524 283 1602 quamvis
306 1526 418 1603 seiam,
440 1526 470 1586 id
493 1546 585 1607 supra
607 1529 687 1589 vires
710 1544 794 1587 meas
817 1543 896 1602 esse,
920 1523 1066 1584 habeam·
1163 1572 1166 1577 .

144 1625 204 1686 que
227 1607 309 1667 domi
332 1608 400 1687 plus
424 1609 534 1687 offleii,
558 1630 648 1690 quam
672 1617 705 1671 ut
726 1627 803 1672 unus
825 1627 882 1689 par
903 1626 976 1668 esse
999 1624 1066 1686 poa·

144 1690 213 1769 sim,
235 1685 338 1752 tamen
360 1691 483 1770 quando
506 1694 551 1753 sio
571 1713 621 1754 res
643 1699 745 1754 vestra
766 1692 868 1773 posuit
889 1696 922 1751 et
937 1690 1067 1753 necessi·

144 1778 191 1834 tas
223 1775 322 1855 augit,
358 1775 433 1835 nihil
464 1795 529 1836 non
561 1777 654 1838 audet
684 1777 811 1855 sanitas,
851 1780 954 1852 serta,
986 1772 1066 1854 quod
1163 1816 1167 1845 r

143 1858 250 2000 qmtqita
281 1859 396 1942 possit,
432 1858 525 1921 modo
547 1857 600 1921 ille
627 1867 785 1942 operetur,
819 1859 869 1938 qui
903 1877 974 1918 eam
999 1875 1068 1918 oon·
1164 1862 1167 1887 ¹

157 1958 192 2000 or
240 1987 247 2001 .
824 1969 830 1984 ·

230 2024 320 2101 Quod
342 2027 433 2106 igitur
454 2024 570 2105 habeo,
592 2026 653 2087 hoa
674 2024 762 2086 vobis
784 2022 840 2104 do,
863 2023 919 2084 sed
944 2024 1006 2105 sie,
1038 2028 1068 2082 ut
1165 2024 1168 2031 '

145 2107 330 2170 liberrimum
353 2118 487 2169 vestrum
511 2111 551 2170 sit
562 2114 592 2170 et
607 2109 741 2170 omnium
755 2107 909 2171 iudicium.
936 2106 1066 2184 Quando
1166 2142 1169 2165 ς

146 2192 226 2251 enim
261 2212 361 2252 meum
397 2194 595 2254 ministerium
623 2193 714 2253 latius
750 2192 795 2252 ire
817 2210 866 2251 me
892 2210 958 2252 non
989 2192 1066 2270 sinit,

145 2292 236 2352 quam
274 2294 333 2354 quo
356 2275 457 2336 aliena
479 2296 528 2337 me
550 2281 643 2337 voest
671 2276 833 2355 autoritas,
870 2293 1066 2355 nequaquam

145 2376 214 2416 esse
249 2377 376 2437 possum
412 2366 500 2420 autor
533 2360 698 2439 quidquam
727 2356 880 2436 tentandi,
921 2359 980 2418 nisi
1015 2377 1066 2439 per

145 2440 308 2501 eonsilium
333 2448 365 2502 et
385 2443 642 2507 exhortationem.
942 2486 945 2491 -

228 2526 377 2586 Dominus
400 2534 519 2605 autem,
552 2529 604 2605 qui
636 2528 666 2586 in
689 2525 776 2587 vobis
799 2524 913 2604 eoepit,
938 2530 977 2584 et*
991 2523 1066 2584 hasa

145 2609 303 2687 postulare
325 2615 355 2669 et
377 2609 521 2670 affectare
544 2610 641 2686 dedit,
674 2610 741 2689 ipse
769 2609 926 2687 compleat
949 2612 980 2667 et
1002 2627 1065 2687 per·
1168 2610 1172 2623 '

145 2691 228 2753 ficiat
250 2693 382 2752 studium
405 2701 435 2754 et
457 2700 561 2753 votum
585 2699 737 2769 vestrum,
766 2710 861 2771 opere
883 2690 1065 2769 plenissimo

145 2782 175 2835 et
197 2778 423 2858 copiosissimo,
445 2779 474 2838 in
497 2776 619 2837 laudem
643 2776 758 2852 gratiae
781 2781 812 2834 et
826 2772 992 2853 Evangelii
1012 2774 1066 2852 sui,
1170 2818 1173 2825 .

145 2860 194 2919 aui
216 2860 304 2939 asel)
329 2861 428 2942 gloria
449 2862 478 2921 in
502 2861 607 2922 omniu
628 2859 734 2921 secula
754 2857 940 2919 seculorum.

475 3034 727 3100 Protestatio.

226 3188 365 3267 Inprimis
394 3187 489 3247 libere
517 3186 683 3263 eonfiteor,
716 3186 739 3244 si
763 3184 814 3263 qui
838 3188 927 3261 sunt,
951 3185 1003 3262 qui
1028 3203 1066 3244 ex

144 3288 193 3330 me
216 3277 341 3349 sperant
360 3272 449 3332 ritum
474 3288 511 3330 ae
543 3289 659 3330 morem
683 3269 831 3329 hactenus
854 3273 1014 3327 servatum
1037 3268 1066 3326 in

143 3351 287 3413 radendis
320 3360 351 3413 et
378 3354 529 3443 ungendis
563 3352 772 3412 sacerdotibus
802 3350 987 3410 traditurum
1017 3359 1068 3411 aut

143 3436 373 3496 emendaturum
396 3457 464 3498 esse
477 3435 528 3515 ²),
550 3436 626 3497 nibil
647 3435 687 3497 ad
708 3453 762 3496 eos
784 3435 961 3514 pertinere,
989 3453 1068 3515 quae

140 3519 202 3580 hoe
223 3518 326 3581 libello
351 3520 486 3582 dicturus
509 3540 592 3602 sum3
615 3520 712 3581 sinam
734 3518 803 3578 illos
826 3537 884 3578 sua
905 3517 967 3580 frui
991 3520 1065 3580 reli-

195 3698 223 3765 1)
243 3696 274 3751 ln
293 3697 337 3753 ed.
357 3699 426 3756 len:
446 3697 490 3756 sit.
528 3702 560 3769 2)
581 3699 699 3758 ibidem:
718 3697 886 3757 tradendum
906 3706 960 3759 aut
978 3717 1069 3760 emen·
1157 3660 1174 3717 '.

141 3768 264 3829 dandum
283 3785 353 3830 essa
