2392 4170
360 302 364 309 .
400 262 542 331 Ambrosii
561 261 672 329 Μαι.
683 289 717 327 :a
736 268 817 331 itan
1006 271 1068 338 301

144 430 242 510 portis
263 429 349 489 interi
371 449 433 491 non
456 429 640 507 subiectum,
659 429 731 489 sine
751 434 897 509 peccato,
919 428 1068 508 probare

144 515 195 592 ris,
219 520 252 572 ut
273 531 313 572 ex
336 513 498 593 praedictis
522 513 663 573 didicisti.
705 512 815 572 Donec
836 513 897 572 boc
915 529 977 572 uon
1000 530 1068 592 pro·

145 595 290 674 beveris,
311 597 541 657 conclusionem
567 613 674 677 urgere
696 614 759 655 non
778 595 910 676 poteris,
938 595 993 654 sed
1014 614 1068 673 po-

143 681 204 740 tius
226 697 286 739 nos
306 676 435 739 liberum
457 679 612 741 arbitrium
635 679 793 757 habemus,
815 677 945 756 statuta,
968 678 1067 740 Cunc-

143 781 197 822 ues
235 773 266 822 et
287 763 391 823 omnia
413 781 515 843 papae
546 762 696 822 refutandi
729 775 759 822 et
790 760 963 838 iudicandi,
996 764 1068 841 quis

143 854 288 926 suspecta
319 848 570 921 interimerunt,
604 865 643 905 cn
659 864 718 915 sex
747 855 855 905 satane
884 844 931 903 vel
953 844 1068 925 Spiritu

143 938 251 990 sancto
274 929 434 1008 prodeant.
478 928 641 1007 Noloshic
662 947 749 989 usum
772 930 914 1006 longum,
938 929 1068 989 multitu·

144 1013 244 1072 dinem
268 1021 369 1072 tecum
391 1013 585 1072 sentientium
614 1015 749 1072 invoces.
791 1010 924 1070 Verbum
956 1012 1068 1081 Christi

143 1095 192 1155 lric
214 1112 264 1154 me
285 1104 384 1177 urget,
408 1096 479 1154 huic
491 1095 676 1154 credendum
698 1097 807 1154 estnm
828 1113 903 1174 prae
925 1096 1067 1156 omnibns

144 1178 281 1256 Sanctis,
313 1180 405 1239 etiam
440 1180 580 1258 angelis(
611 1177 657 1238 Dc
687 1196 750 1256 qno
784 1179 864 1237 enirn
886 1178 1066 1256 angelornm
1170 1227 1178 1252 ,

142 1262 309 1341 aliquando
335 1258 429 1321 dixit:
465 1263 552 1321 Hune
574 1260 699 1320 audite?
736 1260 806 1321 Non
829 1260 908 1319 facio
931 1261 983 1320 tibi
1015 1273 1067 1322 sut

143 1345 264 1407 Sanctis
287 1346 359 1404 tuisv
378 1346 537 1420 iniuriam,
569 1347 595 1403 si
624 1345 775 1404 Christum
811 1361 890 1403 voce
911 1343 1008 1403 Patris
1037 1356 1068 1406 et

143 1429 320 1488 testimonio
343 1427 473 1507 Spiritus
504 1428 603 1487 sancti
630 1427 790 1487 doctorem
816 1445 889 1486 vare
909 1428 1067 1506 irrefraga-

143 1512 232 1572 bilem
251 1511 444 1590 designatum
467 1529 655 1591 opposuero.
697 1509 856 1586 Necmihi,
880 1510 1066 1572 sedGhristo

143 1595 242 1673 cedis,
275 1595 425 1671 si'cedis,
454 1611 513 1654 nec
543 1596 631 1675 mihi,
665 1593 720 1653 sed
741 1591 863 1653 Christo
884 1595 1018 1671 resistis,
1040 1595 1067 1654 si

142 1679 267 1757 resistis,
289 1678 315 1736 si
339 1685 440 1737 sutem
463 1677 585 1738 christo
608 1677 734 1756 resistis,
756 1677 838 1737 Patri
860 1677 926 1735 eius
941 1694 1067 1756 promo-

141 1764 197 1821 tori
220 1762 347 1822 resistis.

224 1844 400 1904 Gloriamur
422 1861 497 1923 ergo
517 1843 569 1901 hic
590 1844 620 1901 in
644 1842 795 1919 Domino,
817 1849 848 1900 et
869 1844 981 1921 gratias
1003 1845 1068 1924 sgi-

142 1947 226 2008 mus,
259 1930 331 2006 quie
352 1927 432 1986 hanc
466 1928 660 1986 autoritatem
683 1926 787 1985 Matth.
815 1928 862 1989 16.
892 1925 981 1985 vobis
1011 1929 1066 1987 eri·

139 2014 273 2092 puimns.
317 2009 411 2086 Haeo,
433 2012 567 2088 inquam,
590 2011 747 2086 sutoritas,
769 2009 1065 2071 etiamsitabescatis

140 2103 171 2156 et
192 2094 335 2154 dentibus
348 2088 484 2152 lrematis
507 2110 615 2152 omues
629 2094 769 2172 papistae
792 2094 822 2151 in
839 2111 943 2172 unum,
965 2095 1066 2156 eviotn

142 2177 393 2257 triumphatoque
415 2182 471 2236 est.
515 2173 583 2250 Qun
607 2176 830 2256 triumphante,
860 2187 992 2257 papatus
1016 2197 1065 2238 ve·

138 2271 203 2322 ster
232 2260 366 2320 funditus
398 2260 526 2335 corruit,
542 2260 700 2319 inventus
737 2262 810 2319 nihil
843 2260 924 2320 aliud
961 2261 1064 2345 fuisse,

137 2363 232 2424 qaam
257 2362 373 2402 merum
396 2343 590 2402 mendacium
618 2349 647 2401 el
677 2342 839 2402 ludibrium
869 2343 950 2403 orbis
973 2353 1066 2405 terra·

135 2448 221 2509 rum,
255 2445 311 2486 vos
334 2434 436 2485 autern
464 2425 605 2485 illusores
627 2426 735 2505 populi
763 2427 834 2503 Dei,
868 2443 1064 2505 perversores

138 2512 226 2572 uerbi
248 2510 306 2569 Dei
329 2510 520 2593 traducimini
541 2509 654 2588 palum.
699 2508 740 2568 Et
767 2509 889 2580 decreta
916 2531 1064 2590 paparum

136 2593 294 2655 >scelerato
316 2592 463 2673 dogmate
478 2592 646 2651 antichristi
668 2602 834 2672 arguuntur
856 2596 1024 2657 manileste.

222 2677 249 2738 Ο
273 2695 352 2755 quae
375 2693 478 2751 voces,
500 2693 519 2734 o
543 2692 622 2754 quae
644 2674 767 2752 literae,
796 2678 889 2753 oqui
910 2681 1064 2756 cogitatus

133 2768 257 2842 «queant
278 2768 378 2820 vestra
400 2759 504 2819 omnio
525 2766 668 2838 portenta
684 2777 861 2835 numerare,
893 2778 972 2838 quae
994 2761 1066 2823 hino

132 2843 313 2905 ducuntur?
354 2843 423 2903 Hoc
455 2843 535 2902 enirn
569 2843 720 2902 velamine
754 2843 908 2920 nequitiae
942 2854 1064 2906 vestrae

131 2932 288 3005 revelato,
311 2926 414 2986 ridere
436 2924 646 3005 estqneudam
665 2933 809 2985 tartarum
824 2925 1063 3008 mendaciorum,

131 3028 287 3088 errorum,
308 3009 463 3087 fraudum,
486 3009 706 3088 nequitiarum,
729 3018 760 3067 et
780 3027 904 3089 prorsus
927 3015 1064 3072 omnium

137 3097 300 3172 scelernm,
322 3111 403 3172 quae
424 3091 480 3151 sub
496 3094 555 3152 istc
578 3093 660 3151 tenui
683 3092 771 3152 huius
793 3091 956 3153 iutilissimi
969 3114 1062 3176 pnpc·

139 3187 187 3239 tus
208 3178 283 3238 tolio
306 3175 527 3252 abscondistis,
564 3187 596 3234 ut
626 3195 698 3235 vere
731 3185 861 3256 papatus
890 3178 1063 3240 aliudesse

140 3280 202 3322 non
226 3261 333 3341 possit,
356 3277 447 3338 quarn
469 3277 647 3339 germanum
663 3259 744 3318 -illud
765 3260 874 3319 famosi
895 3263 1062 3324 antichristi

139 3363 277 3425 regnum.
319 3342 398 3402 Nam
421 3342 482 3401 hoc
503 3353 565 3420 est,
594 3343 677 3421 quod
698 3342 781 3402 multi
802 3342 884 3402 hanc
905 3344 1062 3407 abomina-

139 3424 254 3490 tionem
277 3429 308 3486 in
330 3426 401 3486 loco
423 3434 693 3486 consternantem
715 3425 853 3505 odorati,
881 3430 1064 3490 mirarentur

139 3520 186 3573 tct
207 3519 344 3572 monstra
365 3509 404 3570 ab
427 3511 485 3569 ista
506 3507 587 3571 Sede
608 3509 741 3591 prodire,
763 3529 843 3589 qnae
860 3509 1061 3586 Sanctissimis

138 3600 260 3688 regnari
288 3595 468 3658 iactabatur.
520 3595 547 3656 Ο
574 3595 681 3655 infelix
707 3606 854 3676 papatus,
887 3596 937 3656 hic
968 3599 1061 3676 iaces,

136 3687 232 3766 iaces,
253 3685 389 3767 inquam,
411 3684 461 3745 hic
483 3684 545 3746 Leo
561 3690 709 3763 mortuns,
730 3685 782 3762 qui
796 3678 1060 3745 totnmmnuduai

522 3792 536 3803 .-
740 3774 785 3802 ·.:
862 3792 864 3799 .
943 3790 946 3797 .
1028 3774 1063 3809 '1¹¹
