2392 4170
142 233 207 301 tto
447 246 454 252 ·
496 231 725 305 nsssmgnsa

143 407 361 471 observatores
382 408 547 488 opiniones
573 407 694 486 aliquas
728 406 859 487 gignant
885 412 939 466 ant
960 403 1071 466 condr-

143 499 229 553 meut
242 493 304 565 (uti
315 490 416 550 solent
425 489 709 573 sophistaeruper
717 488 1071 567 transsubstantiatione,

143 575 302 653 etnescio
324 575 434 654 quibus
470 575 559 654 nugis
589 574 842 634 consecrationis.
884 571 946 633 Sed
968 572 1071 633 ostam

142 657 225 718 idem
246 677 316 719 esse
338 658 454 739 gratiss
475 676 587 739 agere,
624 658 707 738 quod
737 655 932 719 benedicere.
974 653 1070 731 Quod

141 742 223 801 enim
252 741 425 802 Matthaeus
456 749 488 802 et
514 740 614 802 lum
643 737 913 828 εὐχαριστήσας,
943 736 1070 801 Marcus

141 825 237 886 semei
261 820 445 908 εὐλογήσας
466 825 553 886 dixit.

224 908 384 969 Secundus
423 917 471 968 est
510 908 632 968 Marcus
666 909 768 988 eapite
801 908 854 971 td:
897 905 1070 967 Edsntibns

140 991 325 1053 autemillis
347 991 469 1071 occepit
488 990 574 1053 Iesus
598 1009 721 1071 panem,
743 997 773 1051 et
797 990 984 1051 benedicens
1005 989 1067 1051 ire·

141 1074 202 1155 git,
223 1082 254 1134 et
276 1073 441 1135 dedititiis
474 1082 506 1135 et
527 1074 618 1135 dixit:
658 1075 797 1155 Accipite
818 1082 850 1135 et
871 1071 1068 1156 manducate,

140 1160 202 1219 hoc
222 1167 270 1218 est
291 1177 404 1238 corpus
428 1177 539 1236 meum,
562 1164 593 1218 et
614 1158 769 1238 accipiens
789 1157 927 1235 calicem,
950 1157 1068 1236 gratias

139 1242 204 1322 egit
234 1249 266 1302 et
295 1241 380 1301 dedit
409 1240 491 1318 iltis,
520 1249 551 1301 et
579 1240 722 1302 biberunt
742 1260 783 1301 ex
804 1240 859 1302 illo
882 1258 1015 1317 omnes,
1035 1246 1069 1301 et

140 1323 218 1385 dixit
239 1325 299 1386 eis:
329 1324 387 1385 Hic
407 1331 455 1384 eat
492 1326 618 1405 sanguis
645 1344 732 1386 mens
764 1326 837 1385 novi
864 1324 1068 1403 Testamenti,

141 1409 191 1488 qui
214 1426 271 1488 pro
290 1408 393 1468 moitis
415 1407 596 1469 effundetur.

184 1496 187 1501 '
222 1490 345 1552 Tertius
377 1491 475 1552 Lucas
501 1493 602 1572 capite
625 1493 681 1554 22:
704 1491 743 1550 Et
764 1491 920 1571 accipiens
942 1508 1068 1571 panem,

141 1575 257 1655 gratias
279 1577 352 1653 egit,
374 1575 515 1654 etfregit
549 1582 579 1634 et
604 1574 690 1635 dedit
711 1575 756 1635 eis
778 1573 900 1635 diceus:
929 1572 1000 1634 Hoc
1020 1582 1069 1634 est

140 1676 253 1738 corpus
277 1677 389 1735 meum,
412 1657 495 1737 quod
518 1677 574 1738 pro
593 1658 680 1719 vobis
704 1657 807 1735 datur,
829 1656 889 1717 hoo
921 1657 1015 1718 tacite
1035 1657 1066 1717 iu

139 1742 198 1801 mei
221 1742 557 1802 commemorationem.
594 1740 740 1802 Similiter
761 1749 792 1800 et
813 1739 960 1817 calicem,
982 1747 1068 1821 post-

139 1841 229 1903 quam
254 1825 409 1900 coenavit,
431 1824 559 1884 dicens:
581 1823 639 1885 Hic
660 1832 707 1884 est
730 1823 811 1884 calix
833 1842 948 1885 novum
959 1820 1082 1884 Teste·-

140 1913 277 1968 meutnm
299 1909 330 1968 in
353 1927 423 1969 meo
444 1910 611 1988 sanguine,
633 1909 684 1987 qui
716 1926 774 1988 pro
802 1907 889 1967 vobis
909 1907 1065 1970 fundetur.

220 1989 353 2067 Quartus
365 1990 489 2072 Paulus,
508 1995 536 2054 1.
554 1991 691 2052 Corinth.
705 1995 759 2053 11:
774 1990 842 2071 Ego
860 1991 940 2050 euim
954 1992 1064 2071 accepi

136 2093 155 2134 s
178 2072 325 2155 Domino,
370 2074 431 2135 uod
454 2083 485 2134 et
500 2074 610 2134 tradidi
633 2073 731 2151 vobis,
752 2076 898 2152 quonism
910 2072 1064 2135 Dominus

139 2153 227 2217 Iesus
242 2165 333 2219 nocte
341 2093 382 2237 ἦ,
400 2176 460 2238 qus
477 2158 663 2237 tradebatur,
687 2159 808 2238 occepit
823 2177 935 2237 ponem
948 2165 980 2218 et
997 2176 1064 2239 gra-

140 2241 196 2300 tias
218 2259 314 2320 ngens
335 2241 425 2321 fregit
447 2248 477 2302 et
499 2241 590 2302 dixit:
614 2242 763 2322 Accipite,
785 2239 980 2321 manducate,
1002 2241 1064 2302 hoc

139 2329 187 2385 ost
214 2341 326 2404 corpus
363 2345 488 2402 meum,
521 2325 603 2404 quod
632 2344 687 2406 pro
717 2324 804 2385 vobis
826 2324 973 2403 traditur,
1003 2323 1063 2386 hoo

137 2406 228 2467 facite
250 2408 279 2469 in
305 2409 363 2469 mei
392 2410 726 2472 commemorationem.
771 2407 916 2470 Similiter
937 2415 968 2469 et
992 2409 1062 2470 osii-

138 2507 216 2570 cem,
238 2498 401 2573 postquam
424 2494 583 2573 coenavit,
607 2492 729 2552 dicens:
757 2491 814 2552 Hic
841 2491 923 2552 cslix
947 2510 1061 2553 novum

137 2581 353 2636 testamentum
376 2577 475 2636 estin
498 2594 567 2637 meo
589 2577 757 2656 sangnine,
780 2575 840 2635 hoc
861 2575 962 2654 facite,
987 2594 1062 2656 quo·

138 2659 194 2718 ties
216 2657 338 2740 bibetis,
360 2660 391 2720 in
415 2661 473 2719 mei
496 2659 833 2720 commemorationem.
1021 2654 1026 2661 ’

219 2737 297 2804 Vide
327 2750 360 2802 nt
387 2741 484 2803 Lucas
512 2761 580 2803 cnm
611 2742 709 2804 Paulo
743 2761 823 2823 pene
854 2761 908 2822 per
939 2741 1061 2824 singula

137 2824 231 2886 verba
253 2826 435 2889 consentiat.

217 2907 275 2968 Hic
296 2927 313 2968 s
337 2915 376 2987 te,
399 2909 495 2971 lector
518 2908 578 2989 pie,
601 2911 796 2991 impetratum
814 2907 916 2989 veiim,
941 2914 974 2969 ut
996 2927 1058 2970 cre·

134 2989 1060 3073 dsshosquatnortestesnequestultos,nequeebriosfnisse,

135 3092 203 3134 oum
218 3076 276 3135 ists
291 3075 469 3156 scriberent,
480 3075 534 3136 sed
553 3076 661 3156 plenos
677 3074 787 3156 Spiritu
799 3084 908 3136 sancto
920 3077 964 3135 rei
981 3076 1059 3137 veri·

134 3164 226 3218 tatem
249 3160 420 3240 scripsisse,
442 3161 525 3220 utin
549 3179 654 3221 corum
673 3160 764 3220 verba
786 3160 982 3221 securissime
1006 3159 1060 3219 niti

132 3241 231 3319 possit
253 3248 334 3303 totns
355 3243 495 3321 mundus,
517 3261 555 3303 so
577 3251 658 3304 stare
672 3244 764 3304 etism
783 3242 931 3304 adversus
954 3249 1059 3325 portas

133 3322 230 3385 interi.
285 3325 404 3388 Deinde
439 3345 501 3388 uon
532 3328 630 3388 minus
662 3328 856 3408 impetratum
888 3327 995 3404 veiim,
1028 3332 1059 3384 ut

132 3406 250 3484 credes,
273 3407 424 3471 Christum
455 3413 553 3491 ipsum
587 3429 719 3492 quoque,
746 3412 801 3471 etsi
833 3411 862 3469 iu
894 3429 995 3473 coena
1029 3415 1059 3469 et

132 3496 223 3550 nocte
242 3491 301 3551 ista
322 3495 417 3572 gessit
439 3500 470 3554 et
491 3495 635 3571 institnit,
659 3513 720 3555 non
754 3503 856 3555 tamen
880 3512 966 3555 more
1004 3493 1057 3553 ho-

132 3572 247 3633 minum
270 3573 386 3635 ebrium
410 3584 464 3637 aut
484 3577 631 3638 furiosum
655 3578 758 3656 fuisse,
784 3577 838 3639 sed
861 3579 1004 3643 virtutem
1028 3584 1057 3637 st

132 3693 378 3703 ——-—--—
387 3697 495 3704 ..ι-...η
508 3698 550 3705 ...η

203 3753 233 3825 1)
255 3754 285 3810 In
307 3754 351 3815 sd.
372 3756 443 3813 Icus
461 3757 488 3813 in
507 3763 600 3816 nocto.
