2392 4170
136 230 201 307 420
296 274 299 279 -
333 232 439 295 deutra
456 235 605 295 mannum
621 250 716 309 regem
729 230 857 307 Angites

220 398 383 461 Praetereo
411 398 462 461 hie
482 384 755 463 rhetorieissimum
771 398 870 461 ilium
899 403 1061 485 mutumn-

139 488 218 559 turn,
240 480 312 543 dnm
335 482 411 545 duas
434 484 664 563 urgentissimas
685 482 1062 564 similitudinesspposui,

139 564 178 627 de
205 565 286 627 torro
315 565 412 651 ignito
440 573 474 627 et
495 565 562 627 Deo
590 568 765 644 inoaruato,
791 566 841 629 ubi
869 565 1061 647 neqne'igni

137 647 260 723 terrum,
281 664 382 729 neque
399 647 550 711 divinitati
563 649 724 719 ¹hominem
736 668 867 711 neeesse
880 656 929 711 est
939 647 1061 715 aedera
1091 722 1094 729 ,

138 729 209 791 Mihi
239 733 318 791 enirn
351 731 471 791 etiamsi
500 751 563 793 non
592 753 721 794 neeesse
748 734 788 795 sit
817 752 885 795 mea
911 751 1061 809 asserere,

137 819 240 873 tumen
262 815 337 875 sutis
357 816 474 893 negotii
494 815 597 879 tenero
615 819 771 891 assertori,
793 817 818 877 si
831 835 920 877 suum
932 815 1061 895 figmen-

139 902 202 957 tum
225 894 313 957 aliter
338 916 372 957 ss
393 915 487 978 posse
513 897 628 962 habere
648 899 912 963 demonstravero.
954 899 1063 977 ltaque

138 997 264 1058 possum
289 979 401 1058 diuers,
423 999 534 1062 eorpus
551 982 663 1045 Christi
683 985 730 1045 sio
749 982 837 1045 salvo
858 1002 940 1063 pene
960 984 991 1045 in
1009 981 1062 1045 8·-

138 1069 296 1123 oranrento
321 1082 406 1140 osse,
435 1065 516 1126 siout
535 1073 583 1128 est
603 1068 683 1147 ignis
703 1068 735 1128 iu
756 1066 855 1144 terro,
881 1066 970 1127 solra
991 1065 1061 1127 terri
1121 1106 1124 1111 -

138 1144 310 1207 substantia
340 1152 372 1206 et
405 1146 489 1209 Deus
522 1149 552 1207 in
584 1149 712 1212 homine
742 1150 829 1211 salva
861 1149 1062 1228 humanitate,

139 1226 299 1308 utrobique
320 1230 368 1291 sio
388 1231 490 1293 mixtis
512 1231 700 1313 substantiis,
726 1240 760 1294 nt
779 1252 836 1295 sua
857 1235 968 1312 suique
990 1251 1061 1314 ope

138 1311 218 1372 ratio
240 1318 273 1373 et
293 1318 402 1375 uaturra
423 1318 547 1397 propris
569 1325 703 1397 maneat,
725 1324 870 1379 ettamen
892 1336 988 1379 unum
1010 1316 1062 1378 eli·

139 1392 221 1471 quod
234 1397 432 1462 oonstitnsnt
464 1398 517 1459 Sin
533 1400 646 1481 disere,
662 1403 798 1481 inquam,
816 1407 936 1482 potero,
962 1400 1063 1463 donee

137 1474 281 1557 Papistae
299 1478 382 1541 hane
403 1480 630 1547 similitudinem
653 1504 715 1547 non
739 1492 917 1565 oontsmptu
938 1482 1061 1545 Thumi·

137 1559 227 1637 stine,
248 1561 303 1623 sed
325 1562 496 1629 assertione
516 1562 600 1631 fideli
621 1566 806 1631 sustulerint.
850 1567 993 1649 Ipsorum
1015 1573 1062 1629 sat

137 1643 218 1705 enim
240 1644 454 1711 affirmativam
474 1653 619 1732 probare,
647 1671 741 1732 qnam
763 1669 824 1733 ego
847 1670 908 1712 uns
930 1651 1061 1732 partion-

137 1729 195 1794 lari
222 1733 337 1815 possim
365 1733 560 1797 labefactare.
614 1735 684 1797 Non
707 1737 788 1797 enim
812 1746 860 1796 est
879 1735 940 1795 hoe
963 1752 1060 1795 asser

138 1815 253 1879 tionem
266 1812 533 1880 Seerameutornm
546 1812 689 1896 seribere,
700 1816 868 1881 adversarii
878 1824 1061 1898 argumenta

138 1899 342 1963 muniisset
363 1909 576 1982 sontemnere,
604 1909 638 1964 ut
659 1902 710 1964 hie
730 1902 957 1964 isoit'insolsus
979 1900 1059 1963 uno-

138 1985 244 2064 mista,
273 1984 329 2047 sod
363 1985 574 2047 demonstrare
593 2006 641 2047 -sn
670 2005 739 2047 asse
772 1985 854 2047 nulla
884 1993 917 2047 at
946 1985 1060 2062 inanis,

137 2066 253 2148 alioqui
283 2088 320 2129 es
349 2088 404 2150 pro
434 2070 555 2131 inviotis
574 2069 693 2131 -babsri
724 2069 808 2148 ungit
834 2071 900 2150 ipse
927 2074 1061 2129 assertor

140 2169 195 2212 sus
214 2150 344 2212 ridioula
365 2151 608 2214 dissimulatione
631 2159 661 2214 et
684 2152 864 2213 meticulosa
885 2150 969 2230 fuga.

221 2234 377 2317 Optimum
401 2256 472 2298 vero
498 2243 529 2297 et
549 2236 750 2317 pulcherrime
761 2235 983 2295 l'homistionrn
1007 2238 1060 2306 est,

139 2317 220 2398 qnod
244 2319 352 2379 ultimo
375 2328 405 2381 et
428 2319 519 2400 digne
541 2317 772 2380 memorandum
794 2327 857 2397 est,
881 2317 931 2377 nbi
956 2316 1060 2379 Domi·

139 2421 196 2461 nus
218 2402 367 2464 Heurions
380 2404 526 2482 Magister
549 2403 692 2463 nostratis
715 2422 781 2461 earn
806 2408 948 2461 causetur
970 2402 1061 2461 ratio·

138 2503 225 2560 nem,
247 2506 286 2546 ne
307 2488 395 2567 panis
417 2506 541 2547 manere
563 2486 694 2561 dicatur,
719 2504 844 2562 uenqre,
873 2482 955 2562 quod
979 2482 1062 2545 nulla

138 2567 310 2630 substantia
339 2571 431 2650 digna
457 2572 496 2636 sit
523 2571 645 2629 misceri
673 2568 716 2628 illi
743 2568 951 2637 substantiae,
983 2584 1061 2646 quoe

139 2654 255 2712 ereavit
277 2655 390 2715 omnia.
427 2653 505 2727 Hie,
519 2653 624 2728 leotor,
646 2650 741 2710 semel
765 2648 917 2709 admirare
937 2649 1060 2709 Thorni-

139 2737 235 2797 stiuae
256 2736 426 2818 supientiae
448 2736 611 2815 magnalia.
654 2734 783 2793 Primum
808 2733 957 2791 Dominus
982 2732 1060 2791 Han·

138 2819 220 2880 riuus
242 2822 348 2893 sentit,
369 2822 399 2879 in
423 2819 624 2880 sacramento
647 2816 835 2876 divinitatem
860 2815 972 2875 Christi
994 2832 1061 2874 sue·

140 2901 249 2963 oedere
282 2903 371 2984 pani,
407 2902 540 2981 ideoque
573 2920 683 2981 panem
718 2899 827 2958 sedere
860 2897 993 2974 debera,
1025 2917 1062 2956 ne

140 2986 303 3047 misceatur
325 2993 387 3047 tarn
409 2984 535 3065 indigna
561 2983 732 3043 substant-ia
758 2982 896 3040 oreatrioi
920 2980 1062 3041 snbstan-

139 3069 209 3131 tias.
243 3068 391 3148 Obsecro,
414 3068 481 3147 qnis
503 3068 675 3128 baeretions
695 3067 741 3125 sio
757 3064 900 3124 insanivit
920 3082 1062 3142 unquam,

139 3158 172 3212 ut
192 3151 333 3228 dooeret,
357 3150 522 3232 ponamin
546 3150 734 3210 divinitatem
758 3145 920 3210 eonverti'l
953 3145 1064 3206 Nonne

139 3240 170 3295 et
195 3235 264 3314 ipse
286 3235 436 3296 Henrious
467 3252 535 3293 eum
565 3233 628 3292 suis
657 3231 759 3311 porois
781 3237 811 3289 et
833 3230 928 3288 asinis
952 3228 1064 3289 dnoue-

140 3323 209 3378 rnut
230 3317 388 3394 haetenus,
410 3335 521 3396 panem
543 3318 574 3376 in
596 3333 710 3394 eorpus
733 3311 852 3387 mutari,
881 3331 942 3373 nou
965 3314 997 3372 in
1020 3310 1064 3371 di·

140 3399 318 3459 vluitutenr?
342 3400 405 3461 Aut
423 3399 561 3478 uunquid
584 3397 718 3457 tribuent
739 3396 859 3473 eorpori
877 3403 909 3455 et
922 3394 1064 3474 sanguini

140 3480 252 3543 Christi
279 3488 412 3558 tautum,
441 3489 474 3543 ut
502 3479 633 3543 oreetrix
661 3479 830 3540 substantia
859 3476 919 3538 diei
949 3476 1065 3558 possit?

141 3563 229 3641 Vide,
252 3583 397 3644 quorsum
420 3572 501 3626 rotet
516 3565 599 3625 lnror
616 3563 727 3642 impius
752 3567 870 3620 mentes
887 3562 1067 3643 saerilegss,

140 3654 304 3732 postquam
326 3648 423 3709 semel
445 3647 612 3708 mendaoiis
634 3646 688 3705 niti
714 3652 892 3724 coeperunt.

116 3810 120 3815 Ι
223 3729 343 3794 Deinde
369 3738 401 3792 et
427 3730 489 3791 hoe
515 3729 742 3792 festivissimum
768 3746 867 3809 geom
895 3726 1068 3810 argumenti
