2392 4170
368 257 405 322 ad
423 265 525 323 frider.
543 266 579 324 D.
597 262 663 324 Sar.
681 261 746 322 adv.
765 250 846 321 nost.
918 283 921 288 ·
1014 258 1077 329 Ι481

159 441 227 522 plus
251 438 376 514 credere
404 433 556 520 potuisti?
586 436 614 501 Ο
642 443 766 500 caecam
797 438 1008 518 dementiam,
1042 456 1080 499 ao

157 525 225 605 plus
241 541 334 602 quam
347 522 474 583 Iudaica
498 524 656 586 caecitate.

243 609 284 666 At
306 607 444 667 fortassis
465 606 526 666 hoc
547 605 599 666 tibi
621 607 784 687 imposuit,
812 604 894 684 quod
924 611 1079 666 veterator

159 689 211 750 ille
233 689 380 750 Martinus
403 693 520 750 eteius
542 699 692 768 'sequaces
717 689 755 749 de
777 689 919 768 capitulis
943 688 1079 768 Scriptu-

159 792 260 836 rarum
290 774 346 832 visi
376 779 447 844 sunt
473 791 532 843 sna
553 772 744 833 confirmare.
788 773 828 832 at
854 773 921 850 quis
956 772 1096 832 tandem

160 857 383 917 haereticorum
407 858 449 916 ila
473 874 533 915 uon
558 855 656 915 fecit?
699 857 832 915 Annon
856 855 914 915 bae
936 861 1007 915 aurit
1029 876 1079 917 ve·

160 940 232 1000 teris
255 939 411 1020 Serpentis
435 940 575 1019 astutiae,
598 940 650 1018 qui
672 939 836 998 hocveluti
858 956 930 998 esca
943 935 1079 1000 obducto

160 1023 253 1083 hamo
283 1025 398 1083 miseris
429 1021 591 1083 animabus
620 1021 702 1099 mille
728 1021 845 1083 technis
874 1028 905 1082 et
939 1023 1080 1096 versutiis
1148 1075 1151 1081 .

160 1125 283 1186 semper
305 1115 352 1167 est
374 1105 561 1167 insidiatus?
594 1106 708 1185 quique
737 1123 798 1184 quo
828 1105 1006 1186 angularem
1035 1107 1080 1167 in-

160 1190 293 1269 fringere
305 1209 397 1250 verae
413 1189 483 1250 fidei
502 1187 636 1270 lapidem
658 1207 695 1248 ac
718 1188 921 1249 Christianam
939 1190 1079 1250 scindere

123 1270 126 1274 ’
162 1274 308 1333 unitatem
343 1274 374 1332 in
403 1272 625 1352 Scripturarum
662 1291 769 1353 agrum
805 1269 901 1332 suurn-
928 1274 1079 1333 seminare

142 1375 265 1422 semen
277 1364 309 1416 et
321 1375 497 1436 perversam
517 1355 740 1436 Scripturarum
759 1355 994 1434 intelligentiam
1015 1376 1079 1416 uon

160 1435 340 1520 iampridem
381 1448 428 1499 est
461 1458 635 1518 aggressus.
691 1439 766 1500 Cum
807 1439 912 1517 itaque
944 1439 1080 1500 maxima

161 1542 285 1604 semper
306 1538 377 1603 pars
401 1522 600 1584 ecclesiarum
622 1524 763 1602 imperita
794 1519 943 1582 turbarit
965 1527 996 1583 et
1029 1522 1081 1582 vix
1120 1542 1126 1551 ·

162 1626 239 1666 unus
261 1607 429 1687 reperiatur
450 1613 503 1665 aut
518 1605 605 1684 alter,
628 1609 678 1686 qui
701 1604 908 1685 spiritualibus
931 1605 1027 1666 oculis
1039 1605 1082 1672 de

162 1689 384 1769 scripturarum
407 1688 607 1768 intelligentia
630 1690 724 1770 digne
745 1688 847 1749 valeat
868 1689 1019 1770 iudicare,
1041 1691 1080 1750 si·

161 1772 284 1851 quidem
315 1771 423 1832 librum
445 1773 596 1851 signatum
617 1772 768 1853 legimus,
792 1790 883 1851 quem
912 1772 996 1833 solus
1016 1771 1085 1834 Leo·

130 1923 132 1927 ¹
162 1856 200 1915 de
223 1855 300 1915 tribu
322 1853 397 1915 luda
418 1853 561 1934 dignutus
583 1862 631 1915 est
651 1857 786 1937 aperire,
808 1875 846 1915 au
871 1855 964 1915 solus·
979 1857 1080 1936 signs·
1116 1867 1119 1871 ’

162 1939 232 1999 cula
254 1940 328 2001 eius.
373 1936 466 2014 Quae
482 1937 604 1998 tandem
626 1947 674 2001 est
693 1940 753 1999 ista
786 1938 939 1999 diabolica
954 1935 1079 2021 excae-

162 2024 254 2099 catio,
277 2024 328 2084 uui
352 2021 467 2082 carnali
489 2021 699 2101 homuncioni,
720 2041 842 2103 semper
863 2024 1013 2083 eructanti
1036 2024 1080 2083 vi·

162 2127 233 2166 num
248 2114 279 2169 et
292 2106 459 2186 crapulam,
482 2123 573 2185 quam
586 2106 705 2186 reliquo
728 2106 795 2166 orbi
811 2106 964 2184 universo,
987 2125 1079 2186 quarn

162 2197 208 2250 tot
229 2189 435 2269 spiritualibus
457 2187 617 2267 Patribus,
641 2196 770 2269 quorum
793 2189 936 2249 voluntas
959 2207 1082 2270 semper

161 2273 217 2332 fuit
238 2275 269 2331 in
292 2272 361 2352 lege
384 2273 527 2352 Domini,
551 2275 601 2352 qui
624 2275 705 2336 vitae
727 2273 952 2349 sanctimonio,
979 2280 1082 2334 osten·

164 2357 252 2415 sione
275 2354 403 2435 Spiritus
425 2373 462 2415 ao
484 2358 593 2416 virtute
614 2357 770 2437 gloriosa,
793 2356 925 2436 denique
936 2357 1082 2438 martyrio

115 2501 123 2521 Ι
164 2458 250 2499 suam
271 2437 448 2514 doctrinam,
473 2441 767 2520 comprobaverunt,
797 2441 828 2500 in
861 2439 1083 2522 Scriptura-rum

120 2527 123 2532 ’
163 2522 367 2602 intelligentia
388 2521 456 2602 plus
480 2527 509 2582 te
531 2522 601 2583 fidei
623 2525 737 2585 habere
759 2524 919 2603 potuisse?

247 2605 478 2683 Ocaeoitatem
499 2625 611 2667 novam
641 2617 671 2668 et
691 2608 876 2685 inauditam,
911 2627 988 2668 nnus
1012 2622 1084 2687 apo·

164 2696 244 2752 stata
266 2690 320 2750 tibi
342 2689 443 2770 potuit
464 2688 649 2768 persuadere
670 2690 815 2751 fefellisse
828 2692 944 2772 priores
967 2691 1085 2751 univer·
1136 2740 1138 2745 .

127 2793 224 2853 sos,
247 2793 349 2834 errare
371 2778 522 2852 posteros,
546 2778 578 2832 et
598 2773 629 2832 in
651 2774 749 2834 solum
773 2793 817 2855 se,
840 2781 871 2835 et
893 2793 971 2855 quos
994 2774 1083 2834 dece·

163 2859 218 2939 pit,
240 2857 419 2938 pervenisse
441 2875 569 2936 regnum
592 2855 664 2934 Dei,
693 2860 871 2938 pervenisse
894 2867 974 2919 totas
996 2859 1085 2918 mise·
1187 2863 1190 2868 ’

161 2942 317 3010 ,rationum
358 2940 414 3012 Dei
455 2939 574 2999 divitias
618 2958 657 3000 ao
691 2941 819 3021 gratiam
867 2938 1085 3006 universitatis.

163 3023 204 3084 Et
224 3024 296 3103 quid
320 3043 381 3085 nou
405 3022 533 3085 dicimus
546 3041 615 3089 curn
630 3023 792 3104 Propheta:
828 3024 904 3104 Heu,
928 3025 998 3102 heu,
1014 3023 1085 3102 heu,

164 3110 314 3186 Domine,
348 3126 464 3188 ergone
494 3107 640 3187 decepisti
674 3107 822 3188 populum
853 3107 962 3170 tuum?
1006 3105 1085 3183 Quin

163 3192 285 3274 polius,
315 3190 382 3251 cur¹
401 3211 464 3252 non
497 3191 640 3252 devitatis
676 3189 842 3252 secundum
877 3191 1086 3272 apostolicum

164 3278 362 3356 Praeceptum
386 3276 616 3354 quaestiouibus
644 3293 681 3335 ao
703 3276 813 3355 pugnis
836 3276 1022 3352 verborum,
1046 3291 1087 3334 ex

164 3359 273 3442 quibus
297 3359 434 3418 oriuntur
448 3359 590 3440 invidiae,
614 3360 838 3437 contentiones,
864 3358 1085 3438 blasphemiae,

164 3442 371 3541 suspiciones,
392 3440 500 3501 'malae
529 3440 774 3504 conflictationes
804 3442 961 3504 hominum
986 3448 1088 3502 mente

163 3533 374 3607 corruptorum
410 3532 440 3584 et
480 3525 659 3586 subvertunt
690 3526 785 3587 corda
819 3525 1009 3587 audientium
1047 3543 1088 3587 ex

163 3610 307 3697 operibus
329 3609 392 3668 suis
424 3603 511 3669 iuxta
531 3606 716 3670 dominicam
746 3609 1004 3691 designationem,
1025 3617 1086 3670 stu·
1172 3640 1174 3645 v

165 3695 271 3757 duistis
300 3709 491 3773 cognoscere
521 3690 618 3752 filiurn
646 3694 808 3773 profanum
837 3695 946 3770 istum,
976 3692 1027 3773 qui
1049 3689 1107 3752 ad·

164 3797 221 3842 vos
248 3778 331 3839 venit
358 3776 489 3859 primurn
522 3776 553 3836 in
583 3777 771 3845 vestimentis
799 3779 903 3840 ovium
933 3775 1023 3861 lupus
1044 3776 1090 3839 iu·

194 3893 283 3936 uuum
297 3903 349 3946 opp.
363 3893 390 3936 v.
403 3892 431 3935 s.
446 3892 475 3934 ao
488 3891 530 3936 ru.
541 3890 593 3936 urst
606 3892 621 3935 t.
635 3901 658 3943 p.
673 3889 721 3933 va.
736 3889 775 3933 vs.
789 3886 792 3891 “
877 3859 922 3933 bl
