2392 4170
128 232 192 304 408
420 235 578 295 confutatio
597 236 764 295 bntherlans
792 252 795 259 ⁴

133 399 259 470 sonant,
287 411 367 474 quae
388 393 542 474 locuplete
563 393 713 474 adducit3'
739 394 851 456 deinde
871 402 973 473 menni
995 392 1056 457 dia·-

131 476 259 559 pntandi
270 496 367 558 genus
379 496 445 539 non
459 478 698 555 scholasticum,
709 478 762 539 sed
775 476 960 539 haereticum
974 484 1056 553 esse,

135 561 481 642 qnodimpugnandae,
503 580 564 621 non
589 561 783 642 quaerendae
796 563 940 622 veritatis·
955 562 1057 643 gratia

134 647 348 726 suscepissem.
392 645 432 706 Ut
454 644 503 704 hic
535 647 616 706 scias
637 645 798 707 Latomum
832 663 888 706 sua
921 644 1056 726 lingere,

132 729 240 789 iterum
265 728 345 804 dico,
368 727 407 788 ab
428 729 516 789 initio
529 749 578 788 me
593 729 766 809 disputasse
779 736 817 789 e'x
836 730 950 804 animo,
972 736 1054 807 ante·

134 820 226 892 qnam
261 813 369 872 scirem
393 813 557 892 Magistros
588 822 723 872 nostros·
741 811 854 873 idiotas
877 819 913 873 et'
941 816 1055 893 porcos

131 900 225 972 'csse,
261 902 371 975 postea
403 896 483 955 enim
509 892 560 977 (ut
587 892 710 976 ipsimet
731 883 886 979 latentia)
910 906 965 954 me¹
992 904 1054 957 n'o'n

134 979 292 1060 disputare
315 978 389 1059 dixi,
412 977 491 1038 adeo
516 986 600 1038 utet
622 978 661 1038 ad
683 981 785 1058 ignem
810 996 858 1040 me
883 972 1056 1040 obtulerint.

134 1062 297 1142 Nunquam
320 1061 375 1122 tuit
406 1063 466 1121 ista
493 1063 596 1122 inme
623 1062 796 1140 simulati0,
834 1069 868 1123 ut
901 1057 1057 1144 disputare

133 1153 355 1226 praetexerem,
381 1144 465 1224 quod
486 1143 638 1206 affirmare
657 1147 842 1221 statuissem,
864 1153 897 1205 ut
911 1145 1057 1205 mentitur

134 1228 184 1289 hio
211 1229 257 1289 vir
287 1228 444 1303 honestus.
488 1227 549 1288 Sed
571 1227 670 1308 finge,
703 1248 751 1288 me
783 1229 917 1309 maligno
951 1229 1056 1290 animo

134 1311 229 1372 videri
251 1312 387 1373 voluisse
409 1311 632 1391 disputantem,
661 1326 734 1390 ¹qua
750 1313 912 1373 autoritate
935 1314 998 1372 noir
1021 1311 1054 1373 li'·

133 1395 268 1456 cuiseet?
288 1395 400 1456 Leonis
422 1394 535 1454 istius?
557 1394 632 1470 Quis
646 1394 729 1454 dedit
745 1394 839 1455 Leoni
861 1395 1056 1456 autoritatem

132 1478 337 1559 prohibendi?
373 1478 420 1539 An
443 1477 562 1540 Latomi
584 1477 660 1537 fides
691 1485 721 1538 et
742 1477 956 1559 sophistarum
981 1478 1061 1538 osci·

134 1561 251 1623 tantia?
274 1561 445 1636 '‘Ghristus,
464 1580 538 1640 age,
561 1578 715 1641 nunquam
738 1561 899 1642 respondit
919 1560 1058 1638 ludaeis,

135 1645 269 1725 maligne
291 1656 366 1705 eum'
378 1644 586 1705 tentantibus?
609 1645 679 1704 Plus
701 1645 784 1705 valet
796 1645 906 1706 Leonis
919 1643 1058 1720 verbnm,

135 1747 227 1807 quam
251 1727 362 1790 Christi
390 1726 587 1807 exemplum?
620 1727 770 1807 Perpetua
806 1733 853 1788 est
879 1729 940 1788 ista
961 1727 1058 1788 ct'ln·

135 1811 252 1871 domita
265 1810 477 1892 sophistarum
499 1811 628 1884 insanie,
650 1812 765 1871 iactare
783 1811 877 1872 verba
893 1810 1057 1871 'hominum

134 1903 164 1956 et
186 1895 328 1956 occulere
349 1894 443 1955 verba
466 1894 534 1955 Dei.
959 1960 962 1965 ¹
1039 1918 1043 1925 ·

155 2008 158 2013 ·
216 1977 374 2038 seritius
397 1977 552 2053 festivius,
589 1976 648 2037 Leo
673 1977 789 2036 tar'rtnm
823 1977 884 2038 hcc
904 1977 987 2057 agit,
1015 1997 1054 2037 ue

135 2059 302 2120 adversarii
326 2059 491 2140 disputent,
513 2079 575 2119 non
594 2059 737 2138 prohibet
748 2059 945 2139 respondere.
968 2059 1056 2121 Lato·

137 2161 204 2215 mus
226 2143 287 2202 hnc
309 2142 415 2219 trahit,
438 2160 477 2201 ne
501 2144 539 2201 sit
560 2162 638 2222 opus
661 2142 847 2222 respondere
870 2142 1058 2216 adversario,

135 2233 229 2304 atque
250 2225 311 2285 hoc
338 2231 385 2285 est
414 2225 574 2285 consilium
597 2225 865 2305 prudentissimum
887 2225 1057 2286 Lovanien²

137 2310 179 2368 sis
202 2307 345 2388 debuine,
367 2326 429 2387 quo
455 2308 659 2388 procederent
680 2315 788 2370 contra
809 2309 982 2370 Lutherum.
1028 2308 1059 2368 Si

135 2391 234 2451 Turca
257 2410 314 2453 nos
336 2391 547 2473 egrgrediatur
570 2390 666 2468 bello,
690 2391 772 2471 quod
796 2394 822 2451 ei
845 2411 970 2472 prorsus
993 2409 1056 2451 nun

136 2474 222 2552 licet,
256 2494 315 2534 nec
350 2475 423 2536 velit
463 2473 616 2552 cohiberi,
655 2475 808 2535 mittemus
849 2474 1059 2535 Lovsnienses

135 2557 299 2638 theologos
326 2558 365 2619 ad
388 2576 456 2619 eum
480 2558 615 2638 legatos,
639 2559 689 2636 qui
714 2557 817 2618 dicant
839 2559 881 2621 ei:
904 2557 1060 2618 Nonlicet

135 2639 186 2700 tibi
210 2659 363 2721 pugnare,
386 2641 500 2720 alioqui
523 2648 552 2700 te
575 2640 803 2718 damnabimus,
835 2649 897 2701 tum
920 2640 1058 2701 sinamus

134 2743 204 2783 eum
226 2726 370 2806 grassari,
393 2730 424 2785 et
441 2724 607 2803 gloriemur
628 2742 685 2784 nos
708 2740 776 2783 esse
800 2726 940 2785 victores.
985 2723 1058 2782 Pro·

133 2806 206 2867 inde
227 2827 288 2867 non
313 2816 360 2867 est
381 2810 440 2867 iam
458 2806 542 2866 Pauli
560 2805 720 2867 consilium
744 2818 774 2866 et
787 2814 996 2888 praeceptum
1008 2825 1059 2867 ne·

135 2891 318 2966 cessarium,
343 2899 374 2950 ut
397 2891 535 2971 episcopi
558 2888 783 2968 amplectantur
803 2909 909 2950 sanam
931 2890 1057 2970 pietatis

134 2972 323 3051 doctrinam,
346 2981 382 3032 ut.
402 2973 522 3054 possint
552 2971 797 3033 contradicentes
821 2973 1005 3054 redarguere
1029 2983 1061 3032 et

134 3074 170 3116 os
192 3075 297 3116 eorum
322 3056 469 3136 oppilare.
514 3055 573 3116 Sed
595 3055 721 3130 suflicit,
757 3056 825 3115 illos
854 3075 915 3116 non
945 3054 1060 3116 debere

134 3138 299 3219 disputare,
322 3147 353 3199 et
374 3141 471 3199 securi
495 3139 556 3198 sint
576 3137 691 3198 idiotae
713 3147 741 3198 et
764 3138 857 3201 idola.
902 3138 981 3214 Quin
1004 3157 1060 3219 po·

133 3223 199 3281 sitis
221 3221 410 3282 orationibus
434 3235 463 3280 et
491 3222 640 3281 universis
669 3223 760 3281 armis
783 3222 906 3301 spiritns
941 3221 1062 3282 desina-

135 3324 201 3363 mus
224 3304 347 3365 diabclo
363 3324 486 3384 quoque
500 3306 652 3376 resistere,
676 3304 897 3365 denunciantes
920 3306 964 3364 ei:
986 3303 1058 3366 Non

135 3387 205 3447 iicet
225 3387 278 3447 tibi
292 3388 454 3455 ecclesiam
468 3389 622 3466 infestare,
644 3388 726 3466 quod
747 3406 855 3448 revers
872 3396 903 3448 et
918 3388 1059 3449 facimus.

134 3470 219 3531 llaec
240 3478 287 3530 est
308 3469 385 3531 fides
408 3470 601 3548 latorniana,
624 3488 684 3548 qua
696 3471 817 3530 Petrum
832 3470 915 3530 dicta
937 3478 1057 3534 tractat.

219 3554 308 3630 Quae
328 3573 403 3615 vero
428 3562 472 3614 est
496 3555 705 3633 praesumptio
736 3561 766 3613 et
795 3554 972 3634 arrogantis
995 3559 1058 3614 tam

134 3636 266 3698 modesti
288 3638 361 3715 viri,
394 3645 429 3697 nt
448 3657 503 3697 sua
527 3635 708 3716 prophetica
737 3646 767 3695 et
790 3655 867 3697 evan
892 3636 1058 3698 elisatam

133 3720 328 3804 impudenter
350 3720 502 3783 affirmet?
524 3720 602 3780 Nam
617 3718 728 3780 Leonis
751 3719 844 3781 verba
866 3656 905 3782 de
925 3718 1059 3803 prophe·
