2392 4170
358 273 524 333 Antichristi
540 273 575 329 D.
594 273 630 329 ll.
648 275 795 330 Luthsrur.
989 271 1050 338 143

143 428 425 507 mqueDeoretales
448 448 549 510 papae
572 449 635 490 uon
651 430 799 491 exuritis?
821 430 891 506 Cur,
913 431 1050 509 inquam,

143 511 203 571 haee
221 530 283 573 nou
306 513 416 589 funins,
439 513 498 572 nisi
520 512 603 592 quod
626 532 686 574 non
711 515 785 573 estis
807 514 867 574 alia
881 532 974 572 eausa
996 531 1050 592 po

143 595 224 655 ritiiu
246 595 349 657 looum
371 597 462 657 istum
485 605 642 670 sanetum,
672 614 765 678 quam
794 604 824 655 ut
847 597 911 656 sitis
935 596 1051 656 abomi-

143 679 208 738 nstio
227 700 248 740 a
268 679 397 740 Daniele
426 678 599 760 praediola,
626 699 705 759 quae
736 679 860 739 damnet
883 681 1049 759 veritatem,

143 768 235 822 minat
255 781 329 824 vero
351 763 545 824 mendacium
568 771 598 822 et
620 765 829 842 operationem
843 763 964 841 erroris,
987 780 1049 822 non

129 846 207 905 ‘siu
226 845 288 917 alia
307 846 419 907 decem
440 846 544 906 sedem
568 847 743 905 antiohristi.

207 927 361 1010 leigitur,
383 929 507 1008 isox,
530 947 586 989 vos
609 927 907 990 domini-uardioales
920 927 1048 1005 Romae,

147 1012 347 1092 etquieunqne
370 1013 489 1074 Remus
516 1012 629 1092 aliquid
659 1013 749 1089 estis,
781 1010 935 1090 compello
965 1019 995 1070 et
1018 1013 1049 1070 in

147 1092 232 1154 &hm
254 1096 343 1156 vohis
366 1096 460 1158 libere
484 1095 570 1172 dieo,
598 1098 624 1155 si
647 1103 749 1155 vestro
772 1096 912 1170 nomine,
935 1101 1050 1154 vestra·

146 1193 190 1254 qne
206 1179 331 1239 seientia
352 1179 431 1240 haee
453 1179 535 1240 bulla
556 1181 665 1253 exivit,
688 1195 818 1257 eamque
840 1182 972 1237 uestram
997 1195 1049 1256 ag-

146 1262 266 1339 noscitis,
291 1270 359 1322 utar
382 1271 413 1321 et
432 1281 493 1343 ego
515 1270 669 1342 potestate
693 1280 777 1336 mea,
801 1278 861 1338 que
883 1262 912 1318 in
937 1259 1049 1338 baptis·

147 1361 184 1402 uo
201 1362 252 1424 per
272 1344 331 1404 Dei
354 1346 592 1407 misericordium
615 1347 714 1405 fantus
736 1362 802 1402 sum
824 1341 904 1402 filius
928 1342 996 1419 Dei,
1019 1348 1050 1401 et

147 1425 270 1487 ethaeros
300 1427 428 1507 Christi,
463 1427 606 1489 fundatus
639 1447 735 1508 supra.
764 1426 882 1486 firmam
920 1433 1048 1503 petram,

147 1525 207 1586 quse
226 1529 282 1570 neo
305 1519 411 1591 portas
432 1513 530 1589 inferi,
552 1530 611 1572 neo
631 1511 763 1587 eoelum,
788 1527 846 1568 neo
863 1518 973 1568 terram
991 1508 1049 1567 lor-

148 1591 234 1671 uidnt,
258 1602 286 1654 et
310 1594 395 1672 dieo,
427 1613 556 1673 moneo,
584 1594 690 1656 hortor
711 1612 767 1653 vos
790 1593 821 1651 in
844 1591 993 1667 Domino,
1017 1597 1050 1650 ut

147 1673 240 1736 mour
259 1677 408 1755 redeatis,
437 1680 503 1739 istis
527 1678 687 1739 diabolicis
709 1674 908 1755 blasphemiis
928 1683 957 1734 et
981 1674 1048 1753 plus

148 1757 216 1818 vslde
235 1756 330 1821 nimio
353 1761 521 1822 audaeibus
543 1761 750 1842 impietatibus
772 1758 896 1818 modum
916 1759 1048 1839 ponetis,

149 1846 219 1920 tique
238 1843 266 1903 id
289 1845 362 1908 nito.
406 1843 576 1920 Quodnisi
600 1844 740 1920 sederitis,
763 1843 882 1918 scitote,
906 1859 954 1899 me
978 1857 1047 1899 uum

149 1925 278 2008 omnihus,
308 1928 360 2007 qui
383 1927 536 1988 Christum
563 1928 682 2000 uolunt,
718 1932 849 1986 vestram
879 1923 1001 2000 aedem,
1031 1942 1050 1982 a

148 2013 231 2069 tutona
251 2011 321 2090 ipso
335 2029 512 2091 possessam
536 2018 567 2071 et
577 2029 767 2090 oppressam,
791 2026 847 2088 pro
869 2006 942 2065 sede
965 2005 1048 2066 dam-

149 2099 199 2152 au
215 2093 383 2154 antichristi
396 2094 519 2172 hahere,
541 2095 589 2153 eni
602 2112 664 2154 non
678 2092 770 2153 modo
783 2110 844 2150 non
858 2089 1048 2168 obediamus,

148 2179 184 2234 unt
198 2176 309 2236 subditi
331 2183 363 2236 et
383 2179 600 2258 eoneorporati
623 2195 691 2236 esse
713 2175 859 2252 velimus,
890 2174 943 2232 sed
969 2172 1050 2232 dete-

149 2261 237 2319 drnur
267 2267 301 2320 et
323 2277 521 2320 exsecramur
547 2261 626 2320 siout
656 2260 822 2339 prinoipem
846 2263 878 2316 et
899 2275 1054 2316 summum·

150 2335 241 2402 hostem
274 2342 403 2419 Christi,
437 2345 538 2423 parati
583 2361 638 2424 pro
672 2343 730 2401 hau
762 2340 914 2401 sententia
948 2348 1053 2399 nostra

151 2423 228 2486 nto
252 2433 372 2486 vestras
385 2444 531 2486 censuras
551 2445 613 2486 uon
631 2425 724 2486 modo
748 2444 816 2485 oum
829 2424 941 2504 gaudio
964 2423 1053 2499 serre,

151 2505 293 2570 ueletiam
317 2527 445 2588 rogere,
479 2528 519 2570 ue
541 2528 675 2589 uuquam
705 2528 762 2569 nos
784 2507 968 2586 absolvatis,
999 2513 1053 2566 aut

147 2587 200 2652 hm
218 2600 343 2653 vestros
365 2594 549 2673 numeretis,
578 2595 649 2673 quin
680 2600 713 2651 ut
733 2599 889 2651 eruentem
920 2598 1050 2648 vestram

145 2676 315 2751 &nunidem
340 2676 507 2756 expleatis,
536 2676 574 2737 ed
603 2683 731 2736 mortem
762 2694 818 2735 nos
848 2674 926 2733 ultro
955 2672 1053 2731 offeri·

142 2774 199 2822 uus.
243 2758 337 2836 Quod
361 2761 385 2819 si
409 2759 481 2840 quid
504 2762 626 2840 spiritus
644 2759 755 2818 Christi
776 2764 808 2817 et
827 2757 959 2834 impetus
981 2753 1052 2815 fidei

140 2850 247 2903 nostrae
267 2841 364 2921 valet,
386 2842 433 2902 his
456 2845 590 2922 seriptis,
619 2845 643 2902 si
667 2841 934 2922 perseveraveritis
955 2840 985 2898 in
1009 2839 1052 2897 fu-

139 2941 190 2985 rore
211 2927 291 3007 isto,
318 2944 376 2987 vos
405 2925 604 3006 damnamus,
633 2933 665 2985 et
693 2945 754 2984 nna
783 2943 850 2983 oum
881 2923 961 2982 bulla
993 2923 1052 2982 ista
1160 2929 1165 2939 “

139 3010 328 3090 amnibusque
352 3008 555 3069 decretalibus
577 3016 705 3068 satanae
723 3007 878 3086 tradimus,
900 3008 929 3065 iu
952 3007 1051 3066 interi-

137 3097 186 3151 tum
208 3095 327 3169 earnis,
356 3100 391 3152 ut
410 3094 533 3172 spiritus
555 3101 656 3152 vester
677 3093 708 3150 io
731 3091 780 3150 die
803 3091 925 3151 Domini
949 3089 1049 3150 uobis·

136 3190 192 3235 oum
212 3176 378 3252 liberetur,
405 3176 602 3253 innomine,
632 3194 722 3254 quem
747 3192 802 3234 vos
823 3175 1049 3254 persequimini,

135 3255 192 3319 lesu
212 3258 327 3320 Christi
349 3258 476 3319 Domini
499 3261 604 3336 nostri,
627 3260 736 3319 Amen.

204 3343 292 3403 Vivit
312 3343 393 3402 euim
418 3343 518 3402 adhue
539 3351 569 3402 et
590 3351 699 3421 regnet
720 3341 830 3419 adhue,
851 3343 881 3401 iu
905 3361 965 3420 quo
989 3361 1049 3403 uon

134 3423 248 3506 dubito,
282 3425 436 3486 Dominus
465 3432 569 3486 noster
597 3425 682 3485 lesus
713 3425 866 3503 Christus,
898 3444 986 3504 quem
1020 3434 1051 3487 et

133 3525 283 3587 speramm
316 3507 494 3588 propediem
527 3508 726 3569 adventurum
761 3516 792 3567 et
823 3509 1048 3570 interfecturum

132 3594 231 3671 spiritu
252 3594 315 3653 oris
338 3592 394 3667 sui,
418 3599 448 3650 et
471 3590 692 3651 destrueturum
713 3591 915 3652 illustratione
938 3593 1049 3653 adven·

131 3681 173 3734 tus
193 3676 241 3736 sui
268 3674 352 3734 hune
374 3673 528 3735 hominem
552 3676 670 3754 pensati
692 3675 837 3735 etlilium
860 3676 1048 3757 perditionis,

130 3757 376 3838 quandoquidem
396 3776 516 3837 negare·
530 3775 592 3818 non
615 3776 795 3837 possumus,
824 3760 849 3819 si
871 3778 953 3840 popu
973 3761 1046 3822 isto-
