2392 4170
288 231 384 291 Barth.
403 233 538 292 Barnardi
555 177 782 295 Vcitkirdhsnsis.
942 233 1019 303 Μ’

83 399 220 461 Pastoris
239 397 394 461 ecclesias
416 399 658 481 uentergensis.
674 402 848 482 responsio.
885 413 901 422 ··
939 441 941 446 -
971 412 1022 448 2³⁴

164 482 276 545 Eximit
299 484 423 544 Domini
444 485 613 563 Doctores,
642 487 715 564 quia
735 485 775 546 ad
797 497 854 546 vo'a
876 491 1004 553 vocatus

80 587 148 628 sum
171 568 209 627 ad
224 566 411 628 reddendam
424 568 495 629 facti
514 570 574 629 mei
590 570 755 647 rationem,
771 569 903 631 breviter
913 569 1018 631 subii·-

80 652 171 725 ciam,
191 670 270 730 quae
280 652 310 711 in
324 651 383 712 bac
399 671 432 713 rc
446 671 515 712 mea
531 653 623 712 sentit
634 654 833 733 conscientia,
845 658 876 712 et
888 671 1021 731 quassos

78 755 134 816 per
164 734 367 797 Christianam
396 736 573 813 caritatem,
609 737 652 797 ita
680 756 742 797 non
772 737 810 797 sit
840 736 1005 797 molestum

80 819 242 899 diligenter
263 817 367 878 audire
391 825 422 879 et
438 837 628 899 cognoscere
640 818 721 880 hano
738 834 872 898 oausam,
896 826 928 880 ut
942 839 1020 899 agot

78 902 256 982 simpliciter
277 919 315 961 ac
336 901 466 963 candide
486 922 671 983 proponam,
995 938 1019 951 --

161 1025 319 1105 Principio
332 1044 447 1106 negare
469 1045 531 1086 non
547 1045 685 1108 possum,
710 1046 839 1087 uxorem
853 1027 1003 1106 virginem

78 1114 130 1169 me'
159 1108 302 1186 duxisse,
330 1109 360 1169 id
391 1110 470 1169 enim
502 1111 526 1170 ai
555 1129 718 1190 negarem,
746 1111 838 1190 impie
868 1109 1004 1171 fallerem
1068 1123 1071 1128 ’

79 1211 179 1254 meam
209 1192 381 1256 ecelesiam.
425 1192 512 1268 Quae
545 1212 612 1253 cum
643 1194 791 1254 hactenus
824 1186 1019 1272 persuasum,

79 1274 203 1352 babeat,
214 1275 369 1355 legitimas
383 1277 505 1356 nuptias
523 1295 608 1338 meas
620 1296 699 1353 esse,
722 1295 804 1336 nunc
820 1277 871 1356 pia
881 1277 1019 1339 'rationes

79 1357 300 1436 offenderetur,
331 1359 355 1419 si
390 1360 458 1438 ipse
491 1379 634 1421 vocarem
668 1361 887 1421 scortationem
924 1358 1022 1439 vitas·

78 1461 166 1503 meae
188 1461 295 1522 genua.
338 1442 436 1503 Deest
467 1443 647 1522 episcopum
681 1444 747 1503 sine
777 1443 903 1503 crimine
926 1438 1022 1522 esa'a,’

78 1534 113 1585 ut
136 1524 296 1605 apostotus
318 1525 431 1585 Paulus
454 1545 516 1587 non
533 1527 630 1587 semel
652 1529 711 1605 ait,
733 1545 793 1607 ego
817 1525 932 1586 crimen
955 1544 1005 1607 ag·

77 1627 206 1670 noscam
242 1609 394 1670 ccclesiae
425 1609 623 1690 praefectus?
658 1609 770 1670 Paulus
800 1628 840 1668 nc
862 1607 1004 1689 gentibus

77 1691 200 1772 quidem
240 1691 305 1751 vult
337 1693 432 1754 vitam
468 1692 711 1755 Christianorum
748 1691 895 1753 scandalo
926 1696 1011 1773 esse,

78 1794 138 1856 ego
152 1775 243 1836 ctiam
262 1775 404 1835 fratribus
419 1775 636 1837 offendiculum
660 1796 785 1856 ponam,
808 1776 833 1835 si
848 1793 1006 1855 agnovero

78 1859 327 1920 scortationem?
350 1859 460 1920 Fateor
472 1861 576 1938 itaque
594 1859 726 1933 ductam,
750 1866 781 1920 et
802 1857 920 1918 fatebor
933 1868 1007 1938 nup·-

79 1943 137 2003 tias
160 1961 228 2002 ease
250 1941 414 2023 legitimas,
437 1943 537 2004 donec
558 1943 632 2004 mihi
655 1941 736 2002 bunc
757 1942 895 2022 spiritum
921 1940 1004 2002 Obri-

77 2031 143 2086 stus
167 2023 295 2086 dederit.

162 2128 338 2208 Onagerunt
370 2152 488 2211 meam,
522 2138 555 2193 nt
577 2132 742 2209 ducerem,
782 2129 1006 2191 conscientiam

77 2214 254 2275 huiusmodi
268 2215 413 2294 rationes,
437 2234 517 2294 quae
540 2234 647 2276 omnes
666 2215 732 2294 pias
755 2218 874 2273 mentes
895 2212 1006 2272 merito

78 2316 205 2358 movere
230 2296 353 2373 debent,
376 2300 570 2377 quantumvis
595 2297 717 2357 obstent
739 2297 865 2376 vulgata
887 2294 1007 2375 opinio,

77 2379 288 2458 consuetudo,
309 2382 357 2440 ius
379 2379 590 2455 Pontificium,
615 2385 646 2439 et
667 2379 909 2440 tot-seculorum
932 2396 1017 2445 cons

78 2484 198 2526 sensus.
241 2463 283 2524 At
305 2463 496 2525 Christianae
520 2464 630 2523 mentis
654 2468 710 2542 est,
733 2468 875 2542 spectare
892 2460 1007 2541 potius,

78 2546 151 2628 quid
164 2545 469 2628 Chrietnspostulet,
493 2565 585 2626 quam
609 2544 680 2624 quid
703 2544 835 2624 probent
855 2543 1025 2623 homines-,¹¹

77 2637 111 2692 ut
145 2630 257 2692 Paulus
292 2631 334 2690 ait
378 2629 416 2690 ad
447 2629 595 2690 Galatas:
629 2626 660 2689 si
698 2626 799 2687 adhuc
833 2624 1009 2687 hominibus

77 2714 234 2795 placarem
247 2761 255 2794 ,
288 2713 399 2774 Christi
422 2732 529 2773 servus
551 2731 615 2772 non
639 2730 758 2789 essem,
790 2714 821 2769 et
843 2706 946 2770 Matth.
972 2707 1009 2771 8:

79 2797 178 2859 Sinite
202 2802 340 2858 mortuos
353 2796 488 2878 sepelire
510 2802 649 2857 mortuos
673 2813 757 2855 suos.
793 2791 883 2868 Quod
907 2809 1007 2850 meum

77 2880 193 2941 sactum
216 2899 278 2941 non
296 2880 388 2941 modo
410 2879 582 2959 inopinum,
605 2886 636 2939 et
658 2877 790 2938 alienum
814 2873 1009 2954 areligionc,

79 2960 288 3043 iureiurando,
313 2971 345 3024 et
360 2961 666 3040 obedientiadicitur,
690 2957 745 3023 aed
770 2965 802 3020 et
814 2958 1008 3019 temerarium

79 3051 111 3108 et
131 3064 283 3126 nequam,
306 3045 397 3110 facile
419 3045 615 3108 excusabitur
636 3044 807 3119 temeritas,
844 3040 895 3102 ubi
919 3058 1027 3129 encu-¹

77 3148 191 3191 savero
200 3130 388 3208 impietatem
401 3135 432 3189 ot
442 3129 607 3210 periurium
617 3147 624 3206 3
636 3134 729 3205 atque
742 3127 857 3186 utinam
871 3122 1029 3197 viderent,

78 3211 290 3292 spiritualibus
319 3212 416 3273 oculis
441 3209 562 3274 consilii
585 3211 646 3272 mci
668 3211 804 3271 rationes
826 3207 869 3284 hi,
892 3208 942 3286 qui
966 3206 1030 3265 aic'

79 3301 245 3358 causantur
268 3296 481 3359 temeritatem.
511 3295 609 3356 Ecce
638 3298 739 3355 autem
770 3292 842 3353 fanti
868 3291 934 3350 'mei
965 3309 1010 3377 ra·

80 3380 194 3441 tiones.

142 3500 328 3579 'Nunquam
363 3499 522 3562 damnarit
542 3505 595 3560 aut
622 3499 686 3559 Lex
721 3502 771 3559 aut
808 3494 1009 3574 Evangciium

77 3585 217 3666 nuptias,
239 3602 299 3644 neo
321 3584 373 3644 uiti
396 3585 486 3644 statui
519 3583 696 3659 hominum,
727 3581 792 3641 siva
820 3579 1029 3656 «storicorum,¹

78 3671 147 3731 sive
169 3668 341 3745 laicorum,
363 3665 521 3728 interdixit
544 3666 692 3727 Christus.
736 3663 787 3725 sic
815 3662 896 3724 enim
919 3661 1011 3741 scrip-

79 3761 144 3817 tum
169 3756 216 3812 est
228 3750 334 3814 Matth.
350 3752 403 3816 19:
425 3750 495 3812 Non
510 3768 618 3812 omnes
632 3748 759 3830 capiunt
774 3744 904 3810 verbum
917 3742 1009 3821 istud,
