2340 4162
327 235 365 295 D.
380 235 416 293 H·
433 234 518 293 lnth.
534 232 722 290 mmmmm
950 231 991 298 51

68 408 154 468 qnam
178 388 319 454 Christus
355 391 386 451 in
417 408 518 451 coena
547 389 634 464 tecit,
667 393 755 449 tanto
782 385 994 451 christianiss

66 475 103 539 bt
127 474 222 539 missa
235 473 347 537 Christi
368 472 423 537 fnit
434 471 670 552 simplicissima,
691 472 759 531 siue
774 455 836 531 uiis
850 472 995 551 restium,

65 563 215 635 motuum,
229 563 385 634 oantuum,
405 555 595 634 aliarumque
609 554 851 617 ceremoniarum
864 573 991 634 pompa,

67 639 129 715 ubi,
145 641 316 701 sineoesse
325 639 431 701 fuisset
448 657 517 701 eam
535 636 636 698 offerri
658 644 691 698 ut
712 635 908 712 saerifioium,
928 655 992 699 non

65 722 153 801 plene
176 741 248 791 eam
269 723 457 785 instituisset

143 805 216 868 Non
250 804 334 884 quod
361 805 538 869 aslumniari
567 803 678 865 debeat
705 801 783 863 nlius
818 803 991 864 universam

64 888 248 964 ecetesiam,
277 907 358 967 quae
391 888 495 949 multis
522 887 590 949 aliis
617 885 723 947 ritibus
751 893 782 945 et
809 885 993 947 ceremoniis

64 973 190 1037 missam
212 972 335 1033 ornarit
354 979 387 1032 et
406 970 580 1050 ampliavit,
607 969 660 1029 sed
682 969 744 1031 bno
766 967 925 1045 volumus,
952 987 993 1029 ne

64 1057 130 1134 qnia
166 1056 410 1116 ceremoniarum
444 1055 548 1134 speeie
578 1052 688 1127 falsus,
729 1070 768 1113 ae
799 1049 992 1113 multitudine

63 1157 199 1226 pompae
220 1137 402 1218 impeditus,
424 1138 649 1217 simplieitatem
672 1135 785 1195 missae
803 1136 938 1208 amittat,
961 1140 993 1193 et

63 1241 173 1287 revera
182 1220 555 1287 transsubstantiationem
568 1217 721 1296 quandam
735 1217 826 1292 eolat
840 1218 865 1278 si
877 1218 994 1279 amissa

64 1305 238 1373 amantia
270 1305 400 1383 simpliai
424 1305 535 1365 missae
563 1304 594 1362 in
617 1300 826 1365 assidentibus
850 1299 990 1378 multipii-

65 1387 150 1453 sibus
171 1407 308 1467 pompae
330 1389 465 1451 haereat
507 1385 586 1446 Nam
603 1383 748 1463 quidquid
769 1384 851 1446 ultra
865 1383 990 1444 verbum

67 1478 99 1533 et
118 1472 296 1551 exemptum
319 1469 432 1535 Christi
458 1469 603 1545 accessit,
632 1468 775 1529 accidens
797 1468 909 1531 missae
935 1475 992 1545 est,

69 1553 199 1632 auorum
228 1553 387 1633 quodlibet
415 1571 476 1618 non
504 1553 566 1612 aiio
594 1552 664 1612 loeo
693 1551 806 1613 ducere
834 1550 993 1628 debemus,

70 1656 160 1716 quam
180 1655 243 1716 quo
266 1637 338 1703 loon
360 1655 443 1706 unna
464 1632 618 1708 dabimus,
648 1636 865 1699 monstrantias
897 1638 992 1712 (quas

75 1719 198 1801 soram)
219 1728 253 1780 et
277 1719 371 1799 pallia
392 1719 511 1795 altaris,
542 1719 650 1797 quibus
678 1720 745 1796 ipsa
773 1718 874 1779 hostia
896 1717 991 1778 nonti-

76 1809 169 1867 netur.
207 1802 314 1878 Quare
334 1803 415 1865 siam
435 1812 595 1882 repugnat,
616 1808 830 1863 testamentum
845 1799 994 1878 distribui,

69 1904 127 1949 sen
142 1886 382 1965 promissionem
403 1887 544 1965 resipere
565 1892 597 1945 et
607 1883 780 1945 sacrificare
800 1882 993 1961 sacrifitium,

67 1969 112 2034 ita
138 1977 291 2049 repugnat
322 1970 446 2031 missam
476 1987 545 2029 esse
576 1966 776 2047 saarifioinm,
807 1984 876 2026 oum
909 1966 992 2029 iiiam

66 2052 265 2135 reeipiamos,
297 2051 360 2115 boo
390 2071 462 2112 vero
490 2051 607 2112 demus.
656 2049 739 2113 ldem
773 2058 875 2113 autem
903 2048 992 2111 simul

66 2134 161 2213 recipi
184 2144 215 2198 et
244 2134 345 2197 offerri
374 2154 436 2197 non
465 2142 582 2214 potest,
611 2152 669 2194 neo
697 2133 736 2193 ab
763 2132 873 2193 eodem
903 2131 992 2192 simul

65 2217 130 2281 dari
163 2227 195 2278 et
222 2219 386 2297 acceptari.
437 2217 506 2278 Non
537 2220 633 2295 magis
666 2225 747 2276 certe
778 2235 869 2294 quam
893 2217 991 2277 oratio

64 2308 95 2361 et
105 2301 270 2380 impetrata
282 2320 330 2362 res
344 2310 459 2377 queunt
469 2301 550 2361 idem
563 2319 640 2376 esse,
663 2320 720 2359 nee
741 2299 822 2359 idem
844 2300 884 2358 sit
905 2317 993 2359 orare

64 2395 95 2444 et
116 2392 207 2444 orata
229 2385 380 2463 accipere.

149 2465 230 2541 Quid
253 2486 327 2546 ergo
355 2466 490 2527 dieamus
513 2465 552 2526 ad
581 2484 729 2524 canonem
754 2472 785 2524 et
812 2466 992 2525 autoritates

66 2549 213 2611 Petrum?
235 2549 367 2610 Primum
391 2548 579 2628 respondeo:
610 2549 641 2607 Si
664 2547 736 2606 nihil
759 2547 885 2608 hahetur
908 2546 993 2624 quod

65 2633 194 2707 dicatur,
218 2636 309 2693 tutius
334 2641 380 2691 est
402 2634 504 2694 omnia
527 2652 652 2711 negare,
673 2650 765 2708 quam
779 2632 903 2691 missam
920 2650 990 2690 eon·

65 2716 177 2776 eedere
200 2735 279 2795 opus
302 2724 354 2775 aut
376 2714 557 2774 sacrificium
579 2735 657 2789 esse,
680 2734 718 2773 ne
741 2713 864 2773 verbum
881 2712 992 2774 Christi

63 2818 231 2877 negemus,
265 2798 355 2859 iidem
396 2799 483 2858 simul
522 2816 590 2856 num
626 2799 720 2857 missa
758 2796 991 2875 pessundantes.

65 2883 194 2957 Tamen,
218 2901 279 2960 quo
302 2901 458 2941 servemus
480 2885 511 2940 et
534 2900 604 2957 eos,
626 2880 761 2940 dicemus
784 2899 822 2938 ex
847 2879 990 2959 apostolo

64 2966 87 3026 1.
117 2964 254 3025 Corinth.
285 2969 334 3041 tt,
365 2984 424 3025 non
462 2964 580 3042 doceri,
616 2963 724 3024 solitos
757 2963 851 3022 fuisse
883 2962 990 3023 fideles

65 3048 179 3111 Christi
200 3048 239 3107 ad
263 3048 385 3113 missam
403 3054 608 3126 congregatos
631 3066 735 3107 seeum
758 3042 866 3107 afferre
889 3048 989 3107 eibum

65 3142 96 3192 et
116 3141 234 3211 potum,
257 3150 334 3209 quas
356 3132 503 3193 collectas
525 3129 694 3205 vocabant,
724 3148 803 3207 quae
832 3129 990 3191 distribue·

42 3224 168 3276 ¹rentur
208 3217 238 3274 in
275 3233 382 3274 omnes
418 3222 558 3293 egentes,
598 3213 741 3291 exemplo
779 3214 990 3291 apostolorum

65 3298 155 3361 Aeto.
178 3300 208 3375 4,
231 3297 378 3376 equibus
401 3297 577 3357 sumebatur
593 3298 634 3371 id,
657 3295 738 3374 quod
752 3297 992 3359 consecrabatur

67 3384 154 3461 panis
178 3382 291 3441 etvini
315 3401 370 3459 pro
392 3389 595 3442 sacramento,
638 3380 678 3438 Et
699 3380 772 3458 quia
787 3380 865 3441 base
888 3381 992 3440 omnia

66 3463 395 3542 sanctificabanturper
406 3463 529 3523 verbum
545 3472 575 3522 et
586 3465 756 3522 orationem
767 3464 824 3521 ritu
835 3461 991 3539 hebroino,

65 3567 125 3626 quo
148 3546 329 3606 levabantur
351 3567 479 3622 sursum,
503 3548 585 3605 utin
608 3546 694 3605 Mose
718 3547 863 3624 legimus,
885 3546 992 3604 relicta

66 3640 133 3690 sunt
164 3630 258 3689 verba
288 3637 318 3688 et
343 3632 416 3688 ritus
447 3628 568 3688 levandi
599 3650 652 3689 seu
681 3627 840 3706 offerendi,
874 3627 991 3687 abolito

65 3714 240 3774 iamdudum
274 3731 330 3772 usn
353 3711 528 3774 conferendi
562 3720 593 3775 et
622 3710 879 3855 colligendrhea,
913 3727 994 3787 qnae
