2392 4170
137 266 200 342 too
489 276 727 336 muscanea

139 447 304 525 estasim,
332 447 371 511 de
392 450 466 531 iugo
488 451 592 533 Papae
614 451 785 516 detrectato
806 448 915 514 iactari
938 448 1063 529 buram,
1173 444 1177 471 ¹

140 536 293 593 ettamen
317 534 478 597 aliusnon
511 536 629 599 admitti
662 537 920 600 conscientiarum
957 534 1063 609 duces,
1172 540 1175 549 '

137 634 228 695 quam
251 615 380 679 abiurati
403 618 540 682 eiusdem
567 622 689 704 tyranni
716 620 875 682 camidces
907 624 940 680 et
968 619 1063 680 latro·
1171 620 1175 645 ³

137 699 214 761 nea?
256 700 367 762 Nonne
389 708 476 766 tanto
498 707 664 787 sanguine,
698 711 745 767 tot
770 702 931 785 periculis,
963 708 1063 765 tanta·
1169 722 1174 783 ῑ

137 801 197 861 que
210 783 374 846 Christiani
396 789 529 849 nominis
550 790 643 852 vestri
664 789 834 867 ignominia
858 793 890 848 et
910 793 1063 868 perpetua
1169 810 1173 853 ἑ

136 866 283 928 baeretici
312 871 445 931 nominis
466 874 616 949 patientia
653 872 737 936 aliod
759 871 832 933 nihil
855 890 914 932 vos
938 889 1062 951 compa
1169 932 1172 947 ,

136 946 221 1010 rasae
245 950 391 1013 iudicabit
413 955 512 1027 orbis,
536 976 627 1037 quam
649 962 683 1018 ut
704 955 792 1018 titulo
813 960 902 1016 tenus
926 955 1061 1035 tyranni·

137 1031 207 1094 dem
240 1035 343 1114 Papae
375 1037 557 1118 reieceritis,
591 1060 718 1102 revera
739 1046 841 1101 autem
863 1035 1060 1118 tyrannidem
1169 1046 1172 1051 '

137 1115 203 1176 eius
226 1137 318 1196 super
339 1139 395 1180 vos
418 1120 670 1201 duplicaveritis?
712 1123 835 1199 Quanto
857 1121 981 1182 felicius
1004 1140 1061 1182 noa

136 1198 220 1261 stulti
243 1200 389 1264 Germani
412 1206 581 1286 simplicem
604 1206 797 1288 tyrannidem
831 1206 896 1266 eiua
927 1206 1007 1267 citra
1027 1205 1061 1265 ti·

135 1282 230 1344 tulum
254 1284 443 1349 detrectatae
465 1288 660 1353 obedientiae
680 1291 822 1363 ierimus,
854 1287 928 1349 dum
956 1288 987 1349 id
1011 1308 1061 1368 pa·

135 1366 235 1447 timur,
259 1370 341 1450 quod
364 1390 412 1432 res
434 1379 481 1434 est
502 1382 532 1434 et
553 1394 666 1437 nomen
681 1372 785 1450 babet,
808 1392 848 1434 ne
863 1378 895 1433 et
907 1373 966 1454 ipsi
983 1371 1062 1434 falsa

104 1516 118 1525 Ι,
134 1449 233 1531 gloria
255 1460 391 1515 nostram
415 1457 568 1520 miseriam
592 1459 771 1537 solaremur,
793 1455 855 1517 hoo
876 1462 935 1533 ast,
958 1456 1060 1537 singu·
1168 1472 1172 1545 t

134 1532 187 1594 lari
211 1537 324 1617 gaudio
348 1543 511 1619 tyrannum
532 1543 729 1604 sacerrimum
751 1540 848 1602 nostri
870 1539 1002 1621 propria
1022 1540 1060 1599 ir·
1169 1598 1172 1618 ,

134 1617 250 1680 risione
271 1620 485 1685 afficeremus?

64 1714 67 1721 '
219 1701 258 1764 ut
279 1707 346 1785 quis
369 1707 426 1766 erit
449 1706 581 1769 modua?
604 1707 740 1789 (inquiet
771 1705 898 1787 aliquis]
928 1706 1060 1767 necessi·

134 1788 181 1845 tas
204 1805 267 1847 uon
291 1788 365 1850 talia
392 1797 486 1853 curat.
531 1790 715 1854 Sacerdotes
747 1810 811 1853 uon
844 1789 1000 1851 babemus
1032 1794 1061 1850 et

133 1868 170 1928 iis
192 1888 298 1932 carere
319 1891 380 1932 non
404 1874 589 1953 possumus?
631 1876 674 1937 At
694 1877 720 1936 si
746 1873 808 1935 hoo
839 1872 938 1949 valet,
971 1892 1060 1953 opor-

132 1951 190 2012 tuit
216 1959 289 2015 ante
312 1954 558 2036 detectionam1)
581 1959 627 2020 sic
663 1959 813 2034 sensisse,
844 1957 905 2017 ista
943 1955 1060 2018 dixisse
1170 1944 1174 2005 ἶ

133 2053 171 2096 ac
194 2037 386 2116 observasse,
409 2041 668 2103 autoerteadhuc
690 2040 871 2122 quantocius
894 2037 999 2100 redire
1021 2037 1058 2100 ad
1171 2040 1175 2099 ἱ

134 2137 247 2181 nomen
270 2123 423 2184 servitutis
446 2123 600 2204 desertae,
624 2126 725 2204 potius
749 2143 839 2203 quam
862 2122 908 2182 aia
931 2122 1059 2184 intelici-

133 2207 179 2262 ter
201 2205 314 2264 amissa
343 2205 484 2268 libertate
514 2208 582 2269 solo
618 2209 705 2270 titulo
740 2209 876 2268 assertae
909 2204 1059 2267 libertatis
1172 2250 1177 2263 .

132 2285 216 2383 velut
244 2294 337 2350 vento
369 2291 453 2350 inani
486 2294 588 2372 pasci,
626 2291 682 2352 sub
713 2291 893 2372 captivitate
923 2287 971 2350 bis
1009 2289 1058 2350 du·

131 2387 262 2431 sissima.

216 2452 378 2535 Reliquum
403 2474 477 2533 ergo
501 2465 557 2536 est,
582 2464 615 2517 nt
637 2456 675 2518 ad
699 2477 763 2518 rem
781 2456 942 2517 veniamus
961 2460 993 2516 et
1011 2453 1057 2515 vel

132 2533 221 2596 nobis
242 2538 317 2616 ipsis
340 2545 427 2599 extra
448 2540 552 2617 Papae
563 2539 755 2618 tyrannidem
776 2536 975 2619 presbyteros
989 2557 1057 2617 pro·
1177 2538 1180 2567 ²

132 2616 236 2679 videre
257 2621 426 2698 discamus,
454 2624 504 2683 vel
527 2625 550 2683 si
573 2624 603 2684 id
625 2643 687 2684 non
722 2621 864 2684 volumus
899 2620 1056 2701 (quando-

132 2701 253 2780 quidem
277 2704 468 2788 possumus),
492 2706 581 2786 proni
604 2726 642 2767 ac
664 2705 804 2767 volentes
827 2705 919 2765 etiam
943 2723 1057 2765 nomen

131 2787 298 2863 captivitati
323 2787 429 2849 demus
452 2795 483 2849 et
505 2788 560 2850 sub
583 2810 657 2871 rege
680 2789 862 2872 perditionis
878 2789 1058 2848 servitutem

130 2867 311 2948 perditionis
335 2873 466 2933 scientes
489 2873 717 2954 prudentesque
750 2873 938 2948 serviamus,
975 2869 1058 2947 quod

131 2958 250 3013 avertat
283 2953 419 3016 Christus
460 2956 633 3018 misericors
669 2957 812 3019 domiuus
846 2959 878 3015 et
911 2954 1060 3034 magister

131 3041 246 3117 noster,
269 3037 379 3100 Amen.

131 3181 383 3248 Sacerdotem
417 3207 492 3250 non
528 3209 613 3251 esse
645 3189 745 3270 quod
781 3187 1056 3269 presbyterum

172 3266 233 3326 vel
255 3270 490 3350 ministrum,
511 3274 620 3334 illum
643 3274 769 3347 nasci,
791 3271 891 3331 huno
913 3272 1017 3333 fieri.

213 3369 314 3450 Atque
336 3375 385 3437 hic
407 3379 536 3454 primum
560 3380 713 3440 constanti
736 3376 798 3438 lide
821 3381 869 3437 est
895 3395 992 3455 opus,
1027 3384 1060 3438 ut

130 3452 308 3516 scandalum
332 3458 412 3519 istud
435 3462 497 3522 late
519 3470 629 3541 patens
652 3482 689 3523 ac
718 3462 811 3540 longe
834 3456 1060 3522 validissimum
1180 3506 1183 3511 -

34 3552 42 3567 ’
129 3537 240 3599 virtute
262 3539 345 3601 verbi
370 3541 463 3604 divini
487 3547 685 3624 amoliamur,
715 3564 777 3625 quo
799 3542 981 3605 sacerdotes
1006 3545 1059 3605 hu·

129 3640 221 3682 mano
244 3621 332 3703 lapsu
355 3628 470 3703 vocari,
496 3628 607 3691 deinde
635 3629 786 3690 indomita
813 3628 986 3709 pertinacia
1010 3629 1060 3690 de·

204 3785 236 3859 1)
256 3788 288 3843 In
308 3788 353 3848 ed.
372 3790 444 3851 len:
464 3794 493 3850 et
512 3792 578 3852 aute
596 3790 789 3853 defectionem.
