2392 4170
159 1143 360 1241 camaris
390 1142 536 1240 Caroli
564 1144 615 1238 V.
638 1141 815 1238 Literna
843 1141 899 1236 ad
927 1140 1079 1243 Docto

158 1287 250 1354 reru
277 1260 512 1354 Martinam
549 1258 798 1369 Luthonum,
840 1257 997 1380 quibus
1025 1262 1078 1357 ad

193 1374 368 1470 comitia
396 1372 737 1469 Wormaciemia
762 1379 1052 1532 nomimant

159 1869 290 1935 caurus
313 1870 351 1933 V.
374 1871 432 1935 Dei
448 1871 560 1935 Gratia
580 1870 790 1936 Romanorum
804 1868 980 1956 Imperator
1000 1890 1080 1936 aem·

160 2008 217 2072 pcr
235 1991 393 2069 Augustus
405 1996 465 2052 eto.
478 1987 673 2071 Honorabili,
695 1995 802 2053 nostro
818 1987 944 2070 dilecto,
967 1988 1081 2055 darom

193 2105 319 2167 Ductori
343 2104 477 2169 Martino
500 2105 646 2189 luthero,
671 2105 890 2188 augustiniani
912 2105 1051 2171 Ordinis.

246 2291 460 2375 Honorabilis,
493 2297 626 2376 Dilecta,
649 2297 782 2370 Deiota,
806 2297 950 2374 qnoniam
974 2315 1031 2357 noa
1053 2304 1082 2357 et

163 2377 240 2436 nanti
265 2376 387 2457 imperii
417 2388 528 2455 statua,
563 2399 644 2439 nunc
675 2380 725 2439 hic
747 2381 940 2458 oringregati‚
972 2398 1081 2460 propo·

162 2463 278 2520 animno
301 2472 331 2519 et
353 2463 569 2530 conclusimus,
593 2472 717 2543 propter
734 2461 905 2522 doctrinam
928 2472 959 2522 et
979 2463 1081 2538 libros,

162 2543 349 2623 aliquamdiu
365 2546 512 2605 hactenus
536 2546 590 2605 aba
613 2556 641 2606 te
664 2546 774 2624 editoe,
797 2546 974 2605 scrutinium
995 2546 1034 2607 de
1054 2556 1081 2604 tc

163 2645 298 2705 contere,
330 2627 468 2688 dedimus
499 2629 550 2689 tibi
575 2629 612 2688 ad
637 2629 818 2689 veniendum
842 2628 901 2687 huc
923 2631 1080 2690 etiterum

163 2710 234 2770 irinc
271 2713 308 2769 ad
344 2720 425 2770 tuam
460 2731 597 2771 securam
636 2715 794 2772 tuitionem
819 2719 954 2771 nostram
978 2714 1081 2772 etim·

163 2795 237 2874 perii
262 2794 403 2872 liberam,
433 2793 579 2856 directam
609 2797 802 2855 securitatem
826 2804 857 2856 et
879 2794 1082 2870 Conductum,

163 2896 252 2956 quem
277 2875 329 2936 tibi
352 2879 433 2937 circa
455 2878 532 2938 haec
552 2881 706 2941 mittimus.

246 2959 480 3039 Deciderantes,
512 2970 545 3021 ut
575 2963 647 3022 veiis
681 2969 710 3022 te
733 2963 833 3021 atatim
856 2963 1019 3040 accingere
1040 2962 1082 3021 iti·

165 3044 240 3119 neri,
264 3044 302 3125 ita
328 3053 359 3102 ut
381 3044 457 3105 infra
480 3042 565 3107 XXI.
590 3045 654 3108 dics
677 3047 706 3103 in
731 3045 904 3104 huiuamodi
923 3043 1080 3105 Conduotu

165 3136 270 3184 nostro
294 3128 457 3187 nominatio
480 3128 620 3188 omnibus
656 3127 754 3187 modis
778 3127 826 3188 lrio
848 3127 928 3207 apud
953 3145 1010 3189 noe
1032 3129 1081 3205 aie,

164 3217 195 3268 et
216 3227 277 3267 non
302 3210 385 3268 domi
408 3229 549 3285 maneas,
584 3231 683 3290 neque
721 3212 811 3270 uilem
836 3211 883 3269 vel
907 3210 1081 3271 violentiam

166 3292 212 3350 vei
228 3293 367 3351 iniuriam
390 3295 509 3374 timeas,
522 3295 663 3353 volumus
679 3296 758 3353 enim
776 3303 805 3353 te
818 3295 847 3352 in
871 3293 1010 3374 praefato
1032 3312 1082 3353 no·

165 3382 227 3433 stro
241 3373 400 3434 Conductu
424 3376 550 3436 firmiter
573 3385 780 3455 manutenere,
803 3387 834 3437 et
856 3376 945 3436 nobie
961 3395 1082 3456 percua¹

164 3458 247 3536 dere,
271 3469 300 3517 te
323 3467 491 3523 venturum.
539 3460 569 3519 ln
594 3461 653 3520 troo
676 3479 808 3538 namque
831 3460 925 3519 facies
948 3466 1080 3520 nostram

165 3558 304 3600 severam
344 3543 538 3606 sententiam.
601 3543 710 3603 Datum
737 3543 935 3618 Worrnatiae,
959 3542 1009 3604 die
1032 3539 1081 3604 Vl.

166 3623 274 3699 Martii,
298 3627 388 3686 Anno
412 3625 534 3686 Domini
557 3626 596 3689 M.
612 3626 648 3688 D.
663 3623 746 3688 XXi.
769 3625 945 3708 Regnorum
968 3636 1082 3687 nontra-

165 3726 231 3769 rurn
254 3716 312 3770 etc.
