2392 4170
500 238 667 332 Wormatiae
685 237 789 325 habita.
1065 242 1105 309 15

184 411 224 476 ab
246 414 315 495 iilis,
339 434 416 495 quos
439 417 497 496 ipsi
519 423 648 497 vocant,
671 414 823 476 erroribus
851 421 973 504 cpptqm
1008 416 1105 498 eupli-

169 505 292 559 '‘aarent
308 497 485 579 adversarii,
507 519 565 560 nec
588 520 620 559 se
635 519 728 580 posse
749 496 790 558 ex'
801 493 915 575 retibus
935 499 1029 582 abira,
1042 501 1106 580 qui·

183 581 245 660 bus‘
264 586 347 642 es‘set
368 582 532 644 involutus.
565 581 633 642 Non
657 580 794 662 protinus
817 602 895 649 vera¹
912 602 990 661 esse,
1013 603 1105 664 quae·

184 682 305 744 cunque
329 664 465 726 Concilio
495 674 687 744 statuerunt,
722 667 784 725 imo
814 685 933 726 errasse
957 665 1105 747 Concilio,

185 755 216 806 et
239 749 295 807 sibi
313 750 386 829 ipsis
410 768 504 828 saepe
522 752 674 809 contraria
693 747 857 830 definiisse,
870 757 1034 831 propterea
1044 768 1104 819 non

171 828 288 890 ualere
337 833 609 893 contradicentium
653 838 876 916 argumentum.
913 831 976 894 'Se
1011 853 1105 914 posse

179 914 366 995 estendere,
389 914 470 993 quod
496 914 633 976 Consilia
657 914 848 996 erra'verunt,
872 934 1019 977 revocare
1041 936 1103 978 non

185 1015 288 1076 posse,
312 997 393 1075 quod
412 1000 519 1059 sedulo
540 999 640 1078 palam
654 1017 832 1079 expressum
846 1000 925 1059 sitin
938 998 1103 1081 Scriptura.

172 1092 187 1110 '·
268 1082 315 1140 Ad
341 1099 418 1159 quae
448 1082 519 1141 nihii
544 1088 590 1141 est
612 1100 792 1165 responsum
816 1081 853 1141 ab
876 1079 1025 1162 Officiali,
1046 1084 1104 1144 nisi

186 1166 388 1242 paucissimis,
412 1166 563 1244 videiicet,
587 1167 668 1244 qnod
682 1164 801 1225 ostendi
817 1160 879 1224 non
902 1167 1009 1246 possit,
1024 1165 1104 1231 Gon-

185 1246 287 1307 ciiium
310 1267 438 1321 errcsse.
472 1248 753 1323 DoctorMartinus
778 1267 850 1309 vero
886 1249 1048 1311 ostendere
1071 1270 1104 1311 se

184 1347 277 1408 posse
300 1349 337 1391 ac
359 1329 438 1392 veile
461 1333 609 1413 promisit.

268 1412 343 1472 Cum
380 1416 438 1474 iam
480 1427 580 1478 autem
613 1415 760 1474 tenebrae
793 1420 890 1474 tatum
920 1414 1104 1478 auditorium

121 1501 133 1523 ⁰
184 1495 340 1577 baberent,
363 1507 527 1578 propterea
550 1517 634 1557 suam
665 1498 793 1576 quisque
824 1497 946 1558 domum
970 1500 1103 1563 abivere.

186 1580 402 1642 Discedentem
427 1602 443 1640 a
467 1581 617 1640 Caesarea
641 1581 800 1640 Maiestate
828 1586 859 1639 et
887 1580 1026 1642 tribunali
1054 1580 1105 1644 Hi-

183 1678 348 1745 spanorum
368 1665 449 1723 bona
470 1683 540 1744 pars
563 1665 731 1723 ronchiset
752 1661 992 1757 subspolnatione
1006 1665 1104 1743 horni-

182 1767 253 1807 nem
278 1747 333 1806 Dei
357 1747 519 1807 Lutherum
544 1749 636 1828 longo
660 1747 758 1828 rugitu
781 1744 936 1827 prosecuti
960 1755 1039 1811 sunt.
1077 1755 1080 1760 '

268 1830 354 1889 Faria
381 1837 467 1890 sexta
495 1838 566 1910 post
593 1829 832 1890 Misericordiam
863 1830 1001 1910 Domini,
1035 1850 1102 1893 cum
1155 1890 1162 1897 .

183 1915 403 1974 convenissent
425 1914 580 1993 Principes
605 1914 783 1987 Eiectores,
807 1913 917 1995 Duces,
942 1920 972 1974 et
993 1915 1099 1994 reliqui

183 1994 324 2078 Ordines,
347 1998 398 2075 qui
413 1997 687 2058 consultationibus
706 1994 816 2058 adesse
829 1997 938 2075 soient,
951 1996 1104 2080 Scriptum

182 2078 244 2140 hoc
266 2080 382 2140 babens
405 2081 434 2140 iu
459 2079 603 2140 Senatum
629 2078 708 2140 misit
732 2079 860 2142 Caesar:

267 2164 398 2223 Maiores
422 2168 528 2244 nostri,
553 2173 584 2223 et
604 2167 661 2244 ipsi
678 2164 840 2225 Christiani
851 2164 1017 2246 Principes,
1041 2165 1101 2225 iue-

183 2254 252 2306 rnnt
275 2247 470 2307 nihilomiuus
489 2248 638 2308 ecclesiae
654 2248 812 2308 Romanae
822 2248 991 2328 audientes,
1010 2266 1102 2328 quam

183 2350 265 2390 nunc
288 2331 403 2391 Ductor
427 2332 572 2392 Martinus
594 2329 742 2392 Lutlrerus
771 2322 949 2412 impugnat,
979 2339 1009 2392 et
1031 2334 1102 2412 quia

183 2433 223 2474 ne
246 2415 338 2473 iatum
362 2414 484 2493 quidem
501 2434 631 2494 unguem
657 2415 695 2475 ab
715 2414 867 2475 erroribus
889 2414 1047 2479 discedere
1071 2417 1101 2477 in

182 2499 317 2558 animum
340 2499 473 2577 induxit,
503 2518 562 2558 uon
587 2517 751 2577 possumus
780 2516 835 2558 uos
858 2516 926 2558 cum
950 2498 1102 2561 decores

182 2581 331 2640 Maiarum
347 2583 490 2661 exempto
507 2581 688 2658 desciscere,
711 2582 741 2651 in
764 2580 889 2659 antiqua
906 2581 965 2640 fide
978 2581 1101 2664 tuenda,

182 2676 212 2725 et
241 2666 400 2725 Romanae
428 2665 491 2723 sedi
515 2665 659 2725 auxilium
688 2663 823 2724 ferendo.
867 2662 972 2744 Ipsum
1000 2672 1101 2726 autem

182 2747 1101 2811 MartinuantherumetadhaerentesExccmmnnieatione

182 2851 413 2913 prosequemur,
437 2839 467 2892 et
489 2833 513 2892 si
532 2831 701 2910 qnaealiae
723 2837 830 2912 patent
851 2830 889 2892 ad
906 2833 1102 2912 exstinguen-

182 2916 253 2976 dum
278 2918 356 2977 viae.
401 2916 510 2976 Datam
535 2923 636 2974 tamen
667 2923 698 2975 et
719 2914 903 2995 adscriptam
927 2913 1017 2975 fidem
1041 2917 1103 2978 vio-

183 3001 245 3060 iare
267 3000 421 3078 nolumus,
444 3001 505 3059 imo
530 2998 627 3072 daturi
644 3017 779 3079 operam,
804 2999 951 3060 utsaivus
975 3018 1012 3061 eo
1036 3000 1101 3060 red-

181 3092 241 3162 eat,
264 3084 345 3143 unde
367 3094 412 3142 est
435 3084 560 3144 accitus.
768 3156 772 3170 ,
1121 3156 1122 3160 Ἰ

267 3169 353 3226 Mauo
369 3158 482 3227 'Caroli
514 3167 696 3226 sententiam
727 3175 924 3226 versaverunt
947 3166 1101 3248 Principes

181 3250 352 3325 Electores,
375 3251 487 3329 Duces,
510 3251 631 3329 Imperii
654 3256 760 3330 status,
783 3250 857 3310 feria
879 3255 967 3310 sexta
989 3271 1043 3330 per
1057 3259 1100 3312 to·
1135 3252 1142 3259 ”

183 3344 245 3395 tum
279 3345 398 3414 tempus
420 3336 680 3414 pomeridianum,
713 3337 804 3393 etiam
829 3330 994 3394 Sabbatum
1027 3336 1100 3395 inte·

181 3437 268 3498 grum
293 3418 375 3496 quod
399 3417 600 3495 sequebatur,
622 3418 681 3498 ita,
705 3418 786 3495 quod
810 3415 927 3477 Ductor
955 3416 1101 3493 Martinus

181 3501 282 3563 adbuc
302 3518 482 3582 responsum
507 3520 525 3558 a
547 3499 700 3559 Caesarea
723 3499 883 3559 Maiestate
916 3498 1031 3560 nulium
1056 3521 1099 3563 re·

180 3586 305 3665 ceperit.

265 3669 382 3728 {nterea
404 3668 550 3747 temporis
573 3667 655 3726 visus
678 3673 724 3728 est
746 3672 777 3726 et
798 3666 935 3727 visitatus
959 3686 977 3741 a
998 3668 1099 3728 inuitis

181 3750 381 3835 Principibus,
406 3748 586 3829 comitibus,
610 3748 792 3829 Beronibus,
814 3747 985 3832 Equitibus,
1007 3748 1099 3813 Nobi·
