2392 4170
452 265 583 327 ιιιιιιιιιιιι
600 268 750 328 eeclesiae?
987 267 1049 339 517
1095 212 1097 217 '

131 442 194 506 sius
215 439 305 506 nobis
328 441 499 523 rindioare,
516 442 567 524 qui
590 441 741 506 Christum
763 445 927 507 novimus?
970 444 1050 508 Satis

131 528 211 589 euim
234 532 435 592 monstratum
458 533 521 607 est,
544 527 625 608 apud
650 528 788 609 Papistas
811 528 922 592 Christi
946 531 1050 610 cogni

131 614 258 688 tionem,
278 610 371 673 fidem
394 610 640 692 etEvangelium
663 631 731 672 esse
747 631 871 692 prorsus
883 614 1072 693 incognita,¹

132 713 214 756 uuna
235 700 337 756 autem
361 703 391 756 et
413 694 567 758 damnata.
611 696 653 755 At
686 693 843 777 nesoital)
872 695 933 757 flde
956 703 987 757 et
1008 698 1051 777 ig·

131 784 241 840 norato
264 777 385 840 Christo
407 776 598 859 impossibiie
621 785 668 838 est
691 779 804 859 videre,
827 780 899 859 quid
921 781 960 841 sit
984 799 1052 860 peo-

132 868 233 923 oatum
255 869 286 922 et
308 878 368 925 non
392 869 552 941 peceatum
576 881 681 922 eoram
703 862 791 941 Deo,
815 864 948 924 oaeoitas
971 863 1050 923 enim

131 943 319 1008 infidelitatis
342 946 426 1026 cogit
445 964 500 1008 eos
523 944 583 1015 boo
604 944 718 1007 bonum
743 945 845 1007 dioere
853 945 968 1026 ‚quod
991 967 1052 1008 rna·

132 1028 194 1089 lum
218 1034 275 1107 est,
297 1027 453 1090 etmaium
468 1029 580 1106 dieere,
603 1028 685 1108 quod
708 1028 822 1090 bonum
836 1037 893 1108 est,
916 1037 947 1091 et
962 1030 1054 1110 plene

134 1118 200 1173 tota
226 1132 329 1175 errare
357 1112 416 1174 vio.
460 1111 604 1193 ignorato
639 1119 740 1174 autem
763 1119 904 1196 peceato
917 1121 948 1174 et
969 1112 1052 1176 bono

133 1214 227 1278 opere
247 1194 439 1277 impossibiie
459 1202 519 1278 est,
542 1214 640 1277 posse
658 1197 780 1258 solvere
802 1204 855 1258 aut
875 1196 982 1277 ligare

216 1300 357 1399 Proinde,
380 1302 487 1362 sisere
509 1301 652 1362 volumus
668 1303 755 1363 iuxta
777 1300 928 1363 Christum
952 1278 1055 1362 dioere

134 1390 166 1451 et
185 1385 309 1460 sentire,
331 1384 412 1466 apud
424 1385 577 1528 ,Papistas
608 1392 639 1445 et
673 1402 759 1449 rasos
788 1385 858 1447 illos
889 1384 1054 1467 saoriflues,

94 1504 97 1509 -
134 1467 278 1548 quamdiu
300 1469 345 1528 sio
365 1468 508 1548 sapiunt,
532 1487 589 1529 neo
611 1487 680 1530 esse
702 1487 760 1530 neo
780 1487 889 1548 posse
896 1486 965 1531 esse
988 1467 1055 1530 orss-
1070 1470 1072 1475 '

134 1552 216 1613 oium
235 1551 351 1632 ligandi
374 1559 405 1612 et
426 1549 576 1625 solvendi,
598 1556 716 1613 tantum
739 1551 836 1633 abest,
860 1560 892 1612 ut
914 1551 1054 1613 sa-cerdo

134 1641 181 1695 tes
202 1634 272 1711 sint,
296 1641 349 1696 eut
369 1633 429 1697 soli
450 1635 576 1716 proprie
591 1632 724 1695 officium
746 1634 821 1696 iilud
843 1634 987 1712 habeant,
1004 1640 1057 1695 sut

134 1715 189 1777 uili
215 1716 338 1779 trudant
364 1719 427 1779 suis
456 1716 707 1780 ordinationibus
756 1717 836 1794 Quid
859 1719 939 1779 enirn
967 1681 1055 1797 liges,
1141 1772 1144 1778 .

135 1798 186 1861 ubi
207 1801 319 1881 neseis,
341 1799 413 1880 quid
435 1799 591 1881 ligandum
615 1800 673 1862 sit?
712 1799 786 1863 Ideo
808 1799 948 1882 procedit
963 1802 1054 1862 etiam

135 1901 241 1945 eorum
260 1884 345 1945 furor
365 1883 533 1944 seeundum
552 1885 743 1965 eaecitatem,
766 1891 797 1946 et
818 1884 964 1945 claudunt
985 1902 1055 1946 ooe·

134 1966 209 2045 lum,
232 1972 264 2027 et
285 1968 426 2048 aperiunt
454 1967 605 2029 infernum
627 1967 685 2029 sibi
707 1976 738 2029 et
760 1970 838 2048 suis,
868 1967 944 2027 dum'
973 1965 1055 2028 dam·

135 2055 211 2113 nant
232 2049 358 2132 tigando
381 2049 594 2132 Evangelium,
618 2057 649 2111 et
661 2051 794 2132 probant
811 2050 962 2112 solvendo
976 2060 1055 2111 'sues

135 2133 337 2214 traditiones,
365 2133 426 2203 hoe
446 2136 519 2216 ipso,
546 2152 692 2215 perverso
722 2142 753 2195 et
774 2134 925 2214 sacrilego
948 2133 1056 2214 abusu,

134 2217 255 2277 amissis
278 2216 414 2279 eiavibus
438 2225 497 2279 tem
521 2217 596 2300 iure,
618 2236 709 2299 quam
731 2237 798 2283 usu.

218 2319 365 2398 Quintum
390 2320 523 2383 officium
547 2331 594 2383 est
615 2323 805 2401 sacrificare,
837 2324 916 2385 haee
938 2331 985 2384 eet
1007 2342 1056 2384 oo-

135 2424 215 2467 rona
234 2404 353 2486 gloriae
376 2401 527 2465 ebriorum
553 2403 716 2485 Ephraim
737 2406 799 2466 boe
821 2405 925 2469 affinio
947 2425 1016 2479 sese
1037 2427 1057 2467 a
1120 2411 1123 2416 '

137 2488 226 2552 nobis
247 2494 499 2569 segregaverunt,
522 2492 553 2547 et
574 2486 679 2550 orbem
704 2487 946 2550 hebetaverunt
932 2490 1058 2575 ,ειιιρι-
1132 2560 1135 2571 .

136 2571 183 2634 dis
205 2576 237 2633 et
260 2570 471 2632 insulsissimis
505 2569 672 2632 mendaciis
694 2571 785 2648 nixi,
814 2571 885 2632 dum
915 2590 1056 2635 es·aora

134 2660 238 2717 mento
259 2653 442 2735 sanrifloium
462 2653 609 2731 sederunt,
632 2654 670 2716 de
692 2673 753 2735 qua
763 2674 796 2714 re
819 2663 850 2715 et
871 2674 963 2735 supra
985 2653 1049 2715 dix-

135 2740 225 2804 imus
267 2737 338 2800 ideo
378 2755 460 2798 nuno
498 2736 631 2799 breviter
662 2738 835 2798 transimus.
878 2737 1023 2799 Testes
1015 2758 1057 2798 ιιι
1081 2757 1084 2762 ·

137 2839 284 2883 voramus
305 2820 477 2902 Sorrpturas
487 2839 560 2883 novr
582 2820 781 2897 Testamenti,
804 2819 842 2882 ad
865 2839 942 2900 ques
965 2821 1056 2907 etiam
1150 2880 1153 2885 .

137 2901 245 2967 eontra
267 2903 413 2966 Batauam
436 2921 663 3002 prorueremus,
692 2903 807 2967 nulium
831 2923 899 2965 esse
922 2905 951 2964 in
975 2900 1057 2965 novo

135 2987 336 3049 Testamento
359 2984 563 3063 sacrificium,
585 2989 643 3049 nisi
663 2989 784 3049 unioum
819 2986 893 3052 iliud
916 2988 1058 3049 omnibus

138 3032 720 3152 eommune‚Rom.12‚ubiPsulus
752 3089 809 3130 nos
832 3069 925 3132 doeet
947 3069 1058 3132 sacrifi·
1140 3126 1146 3137 .

138 3173 209 3216 aare
231 3173 362 3236 corpora
388 3161 494 3217 nostra
516 3173 571 3235 per
597 3152 839 3235 oruniflxionem,
875 3155 954 3215 siout
976 3153 1058 3215 Gbri·

135 3245 297 3300 stussuum
311 3256 368 3319 pro
385 3237 505 3299 uobis'
498 3258 540 3297 ιιι
551 3237 635 3318 ligno
652 3228 844 3303 sacrificavit.
889 3229 919 3297 in
936 3237 997 3300 hoo
1012 3256 1057 3297 sa·

139 3321 252 3383 oriiioio
266 3318 518 3405 oompieotitur²)
543 3319 725 3400 saoritioium
740 3319 837 3391 laudis
849 3327 879 3381 et
892 3322 1057 3402 gratiarum

141 3520 520 3530 ——--———-.-.0-.—-0--
528 3521 561 3527 --ι

159 3705 166 3719 ·
210 3633 243 3703 1)
263 3633 296 3688 In
323 3632 367 3690 sd.
391 3632 466 3691 len:
496 3632 611 3694 abolita,
668 3635 702 3707 2)
731 3632 856 3719 ιιιίιιιιιιι
879 3633 1071 3720 comprober·-
