2392 4170
406 264 461 325 fids
478 267 572 329 intusa
588 271 616 321 et
633 268 777 337 multitu.
994 263 1059 333 279

302 476 306 484 -
413 441 583 503 Undecima
605 442 780 507 Conclusio.
823 489 831 498 .

214 556 328 618 Fides
351 560 547 639 acquisita
570 569 628 623 est
651 581 781 642 penne
804 562 1060 639 struthionis,

132 639 200 701 sed
220 639 354 702 inlusa
376 648 435 703 est
457 642 620 723 spiritus
644 644 755 707 vitae.
793 644 953 712 Haeciarn
976 643 1058 707 dicta

133 729 165 783 et
194 722 325 811 probata
352 731 436 785 sunt:
472 727 543 807 quia
577 733 606 785 et
633 726 698 787 Iob.
721 729 770 793 39.
794 727 919 790 dicitur:
936 728 1058 789 Penus

117 805 312 867 ·struthi0nls
339 807 445 867 similis
473 815 520 869 est
552 810 659 889 pennis
693 810 809 872 herodii
842 818 872 871 et
894 812 1057 891 accipitris,

132 907 161 971 q.
186 888 215 950 d.
234 890 354 970 species
375 890 498 968 similis,
521 893 615 952 virtus
637 890 802 971 dissimilis,
824 894 896 972 qula
920 913 981 954 oon
1004 912 1056 973 po·

133 978 193 1032 test
216 970 331 1032 volare.
376 973 423 1034 Ita
449 972 526 1034 fides
554 975 704 1055 acquisita
732 984 861 1059 apparet
881 996 949 1037 esse
971 975 1060 1056 fides,

132 1053 185 1115 sed
198 1073 259 1117 nou
273 1063 329 1118 est.
365 1055 416 1116 Sic
426 1056 587 1138 hypocrita
605 1065 733 1138 apparet
754 1078 822 1120 esse
845 1064 980 1138 sanctus,
1004 1057 1058 1119 sed

134 1156 195 1198 non
220 1145 277 1220 est,
300 1148 331 1199 et
353 1137 513 1227 dupliciter
533 1141 663 1221 iniquus.

404 1283 595 1347 Duodecima
617 1284 792 1347 Conclusio.

214 1400 343 1461 Etiam
377 1401 463 1464 sola
493 1402 596 1465 fides
630 1402 758 1472 intusa
790 1403 889 1469 satis
922 1408 982 1463 ost
1013 1401 1060 1464 ad

132 1483 463 1555 iustificationem
480 1483 598 1567 impii.
631 1483 780 1548 Probatur
793 1485 831 1560 ad
844 1485 933 1547 Rom.
945 1485 1059 1567 primo:

134 1566 236 1631 Iustus
258 1587 299 1627 ex
320 1565 380 1634 lide
404 1569 494 1647 vivit3
523 1577 553 1629 et
575 1571 608 1633 3:
641 1567 680 1631 Ut
700 1568 739 1633 sit
760 1569 828 1648 ipse
849 1570 946 1637 iustus
968 1575 999 1633 et
1019 1569 1061 1628 iu·

134 1649 269 1727 stilicone
303 1669 389 1731 eum,
425 1653 475 1729 qui
498 1671 539 1715 ex
571 1650 631 1712 fide
655 1658 702 1719 est
723 1650 791 1711 lesu
815 1650 942 1730 charta
970 1649 1061 1717 etad

135 1732 223 1811 Rom.
246 1733 280 1795 4:
312 1732 466 1795 Abraham
497 1733 625 1794 credidit
648 1734 730 1813 Deo,
762 1741 793 1793 et
819 1738 992 1815 reputatum
1016 1737 1063 1795 est

135 1817 161 1876 ei
185 1811 223 1885 ad
245 1814 410 1894 iustitiam,
434 1823 464 1876 et
490 1820 538 1887 lO:
562 1815 662 1879 (lorde
687 1815 820 1879 creditur
842 1815 881 1893 ad
903 1816 1061 1895 iustitiam,

135 1916 189 1969 ore
219 1902 322 1963 autem
354 1897 389 1958 fit
422 1897 576 1961 confessio
609 1899 648 1960 ad
686 1898 826 1969 sulutem.
878 1898 960 1963 Dicit
981 1899 1062 1963 enim

134 1979 304 2062 Scripturst
327 1981 448 2062 Omnis,
460 1983 510 2061 qui
521 1981 618 2045 credit
628 1984 657 2043 in
671 1982 765 2063 illum,
778 2001 840 2051 uon
850 1979 1062 2047 contundatur.

135 2060 227 2149 Quod
257 2070 357 2131 auteur
381 2064 474 2145 aliqui
504 2084 565 2129 non
589 2064 777 2147 intelligunt,
809 2064 966 2147 quomodo
995 2062 1063 2132 sola

134 2144 211 2214 fides
235 2144 393 2225 iustificat,
428 2150 457 2207 in
481 2167 575 2215 causa
597 2155 654 2225 est,
689 2147 785 2229 quod,
820 2147 891 2228 quid
913 2145 989 2207 fides
1011 2147 1061 2225 sit,

135 2248 197 2291 nou
220 2231 422 2312 cognoverint
444 2250 502 2293 nec
523 2231 714 2311 gustaverint
737 2249 884 2310 uuquam,
907 2229 1061 2296 somnian-

135 2319 181 2381 tes
204 2331 273 2385 eaor
298 2331 366 2379 esse
388 2312 565 2392 qualitatem
585 2313 730 2374 latentem
750 2314 781 2379 in
795 2314 907 2382 aalma.
948 2312 1062 2381 Verum

136 2392 262 2483 quondo
285 2394 409 2463 verbum
434 2395 490 2463 Dei
513 2402 613 2476 sonat,
636 2394 718 2477 quod
743 2397 853 2473 veritas
876 2388 935 2472 est,
955 2403 986 2459 et
1009 2413 1063 2456 cor

136 2479 163 2547 ei
185 2477 333 2555 adhaeret
358 2497 414 2558 per
445 2478 554 2556 fidem,
586 2485 659 2539 tuuc
692 2497 746 2540 cor
777 2477 921 2548 imbuitur
953 2477 1061 2556 eadem

141 2561 268 2622 veritate
290 2558 391 2640 verbi,
425 2571 455 2621 et
475 2581 529 2641 per
558 2560 682 2621 verbum
702 2557 852 2629 'veritatis
879 2557 1063 2637 verificatur,

136 2644 226 2721 sicut,
247 2643 273 2701 si
294 2641 410 2724 lignum
432 2643 572 2724 frigidum
596 2643 765 2705 adhaereat
783 2643 863 2704 ferro
887 2642 1000 2722 ignito,
1024 2642 1062 2702 ab

137 2724 248 2787 eodem
282 2727 372 2787 etiam
407 2728 537 2808 ignescit
570 2732 600 2785 et
632 2725 726 2788 ardet.
771 2724 873 2788 Oorde
896 2733 997 2785 autem
1018 2725 1063 2784 sia

135 2807 338 2889 perverbum
361 2808 478 2870 imbuto
501 2828 575 2870 mox
597 2815 627 2868 et
650 2827 756 2886 omues
780 2809 858 2868 vires
876 2816 907 2867 et
924 2805 1062 2871 membra

137 2890 276 2952 similiter
293 2891 500 2956 immutantur.
532 2890 601 2952 Hoc
612 2892 692 2951 enim
715 2891 830 2952 faciunt
850 2890 954 2963 omnia
970 2908 1062 2951 ruem·

138 2973 202 3054 bre,
225 2991 286 3054 quo
299 2992 353 3035 cor
365 2975 536 3051 inclinatur,
559 2973 761 3050 ottobonum,
784 2974 849 3034 siro
866 2972 991 3034 malum.
1025 2970 1064 3032 Et

135 3054 297 3135 sichomo
320 3063 476 3137 reputatur
498 3058 594 3118 iustus
617 3063 742 3137 propter
763 3054 854 3116 fldem
877 3052 971 3116 verbi.

377 3185 503 3245 Dacium
531 3186 619 3245 tertia
640 3183 817 3246 Conclusio.

221 3301 299 3361 Imo
328 3302 405 3362 nisi
428 3302 511 3361 sola
543 3301 643 3362 fides
666 3302 718 3361 sit
747 3301 831 3360 siue
853 3298 950 3359 ullis
974 3318 1065 3395 ope·

140 3384 268 3459 ribus,
292 3383 384 3445 nihil
408 3391 481 3462 est,
517 3403 640 3467 neque
668 3382 880 3443 iustificat.
923 3381 970 3442 Du
995 3382 1066 3443 lucia

140 3476 328 3557 sumopere,
342 3466 493 3546 quaedam
508 3474 578 3537 ante
590 3465 693 3545 fidem,
717 3464 866 3546 quaedam
882 3474 952 3544 post
963 3401 1066 3528 tidem.

140 3549 228 3639 Quae
251 3555 322 3617 aute
344 3549 434 3611 tidem
459 3558 538 3625 sunt,
561 3549 718 3638 quomodo
742 3567 802 3608 non
825 3545 1005 3623 iustificent,
1028 3567 1067 3633 err

140 3630 305 3713 praedictis
327 3639 421 3727 patet.
467 3630 546 3708 Quia
578 3637 648 3692 ante
682 3630 773 3692 fldem
805 3629 899 3691 homo
934 3628 1066 3690 mendax

140 3724 203 3805 est³
236 3714 324 3809 ideo,
342 3713 499 3811 ‘quicquid
522 3714 612 3796 facit,
644 3715 715 3805 quia
750 3719 837 3793 extra
859 3712 988 3796 gratiam
1011 3719 1067 3797 est,

830 3974 847 4005 S
