2392 4170
132 235 195 317 216
324 250 450 307 Arruntio
469 266 543 307 orna.
566 253 641 306 artie.
660 251 695 308 D.
715 252 748 306 n.
767 251 794 308 h.
813 236 881 322 per'·

130 406 215 468 ilium
239 407 428 484 manserint,
460 424 528 468 num
565 406 625 488 ege
653 425 702 468 me
723 405 820 468 fatear
841 398 1056 483 christianam,

132 490 289 570 nniimque
310 508 415 552 eorum
428 489 656 552 damnationem
670 508 861 575 agnoeeere.¹
890 489 956 550 Nisi
977 487 1057 551 forte

131 573 202 635 iden
224 574 389 655 permisere
426 580 473 634 eat
494 576 596 652 exuri,
631 576 786 654 quianon
820 591 926 655 parum
949 571 1058 634 deterit

133 657 274 718 Romane
296 656 381 718 idolo
411 663 441 717 ei
473 659 535 717 euie
559 658 704 719 eataniaie
731 659 852 718 statutis
873 655 1059 738 operatidni·
1083 710 1091 729 x

133 739 250 820 bneque
274 741 394 800 erroris.
438 739 574 801 Gonatua
597 743 676 801 enim
699 741 755 802 fuir
775 742 821 800 vir
839 739 908 819 iiie,
937 745 968 800 et
988 739 1060 823 pine'

132 832 163 885 et
183 822 308 902 doetus,
330 822 361 883 id
383 822 466 903 qnod
489 832 519 884 et
540 842 601 904 ego
622 825 653 885 in
675 825 826 906 principio
851 821 1002 900 donabar,
1016 830 1060 884 'ni

131 906 272 968 dearetie·
287 907 449 990 papalibue
481 909 615 968 veritatis
645 908 750 989 opinio
789 906 875 968 saiva
909 912 1058 982 maneret,

133 997 165 1050 at
185 990 222 1050 iia
250 989 344 1050 aalvie
384 990 483 1071 ipsum
512 993 611 1071 perire
643 1010 771 1052 neeeaae
801 996 867 1051 erat
898 1006 959 1050 una
987 1004 1068 1050 eum*-

134 1072 254 1134 Ohrieto
266 1080 307 1136 xet
327 1073 387 1133 fide
404 1079 439 1133 et
460 1077 597 1135 veritate.
1055 1082 1070 1103 ·'

214 1155 311 1236 Igitur
335 1155 488 1217 lohannes
510 1157 591 1217 Hnsa
624 1177 685 1218 nen
723 1176 892 1238 repugnare
927 1154 1060 1232 videtur,

135 1245 201 1320 qun'
219 1241 319 1300 minue
343 1242 383 1299 ait
406 1241 583 1301 monarchia
607 1259 723 1324 papae,
758 1241 817 1302 hoe
845 1246 961 1301 rantum
984 1240 1061 1335 agii²

135 1324 267 1403 impium·
290 1321 466 1404 poniificem
507 1343 568 1384 non
600 1342 668 1384 esee
700 1324 868 1386 membrum
898 1323 1064 1399 ecelesiae,¹

133 1406 352 1467 multominus
376 1424 506 1487 papam,
527 1407 684 1468 ferendum
708 1413 828 1487 tamen,
855 1408 933 1468 e'ieut
955 1408 1060 1485 qnem·

133 1491 178 1549 vie
212 1489 303 1550 alium
348 1496 521 1570 tyrannum.
565 1491 633 1569 Ego
677 1509 748 1551 vero
782 1492 900 1552 etiamsi
936 1502 1061 1551 sanetus

133 1573 240 1633 Petrus
262 1572 355 1634 hodie
377 1571 567 1653 praesideret
586 1573 721 1649 Romae,
744 1573 865 1654 negabo
888 1574 976 1638 Ram.
999 1574 1062 1653 epi·

133 1674 262 1737 scopum
299 1675 368 1717 esee
396 1674 519 1737 papam.
563 1657 649 1738 Papa
672 1659 752 1718 enim
775 1676 824 1717 ree
847 1655 919 1718 fleta
951 1664 998 1719 eet
1030 1656 1061 1716 in

133 1736 266 1817 munda,
288 1757 389 1820 neque
412 1739 483 1819 fuit,
506 1759 606 1820 neque
629 1747 691 1819 eet,
713 1759 812 1821 neque
835 1740 910 1818 erit,
931 1736 986 1803 e'ed
1007 1737 1061 1798 fln·

132 1822 212 1900 gitur
233 1841 310 1887 ease.
354 1821 457 1898 Quare
479 1823 578 1904 ipsam
601 1823 705 1883 eedem
729 1823 852 1884 Bestiae
873 1842 964 1904 nege,
986 1821 1084 1888 nihii,

133 1912 281 1983 maratus,
304 1905 383 1966 sitne
405 1905 505 1967 benus
528 1926 566 1966 an
582 1907 690 1985 malus,
714 1908 764 1986 qui
786 1908 816 1966 in
840 1925 877 1968 ea
889 1905 986 1967 sedet.
1007 1904 1063 1967 Se·

135 1988 199 2067 des,
221 1989 356 2069 inquam,
378 2007 458 2070 quae
480 1989 519 2047 sit
540 2007 632 2068 euper
654 2007 760 2050 amnes
783 1988 889 2068 aedes,
910 1986 994 2066 nuile
1015 1994 1065 2048 eet

134 2071 165 2130 in
187 2071 319 2131 eealeeia
340 2088 431 2152 nuper
452 2077 585 2148 terram,
617 2073 681 2132 iure
716 2072 835 2149 divino,
867 2073 921 2132 aed
954 2089 1063 2132 omnes

135 2162 206 2214 eunt
236 2153 390 2232 aequales.
436 2152 515 2229 Quia
553 2174 613 2214 una
646 2154 737 2233 fldee,
776 2175 868 2215 unum
900 2155 1065 2239 baptisma·²

135 2256 212 2297 unue
235 2236 389 2315 Chrietna,
423 2256 501 2297 unna
523 2237 633 2316 Pater,
668 2241 718 2317 qui
743 2247 886 2318 operatur
908 2238 1076 2309 omnia-in

135 2318 295 2397 omnibus,
329 2319 382 2398 qui
400 2326 447 2381 eet
468 2320 562 2400 eu'per
594 2323 713 2401 omnia,
750 2321 947 2402 peremnia,
979 2327 1012 2380 et
1031 2321 1062 2381 in

135 2401 294 2479 omnibus,
321 2401 418 2482 Ephe.
448 2404 476 2465 4.
520 2403 640 2464 Deinde
662 2404 841 2465 Deereielee'
866 2423 967 2484 papae
998 2416 1062 2464 nnn

135 2486 205 2547 dien
236 2485 449 2566 apocryphae,
486 2488 564 2547 aient
587 2487 757 2568 Vigiephus
792 2494 824 2548 et
851 2488 932 2548 Hnea
959 2486 1065 2548 dicere

134 2569 304 2644 iaetantur,
342 2568 395 2628 aed
417 2570 457 2629 im
482 2571 527 2630 iae
559 2577 590 2631 et
612 2569 733 2631 Christo
755 2571 964 2648 adversariae,
992 2569 1065 2631 edin

135 2651 241 2732 spiritu
262 2657 389 2713 satanae
420 2671 438 2712 e
473 2660 555 2732 atae,
589 2671 650 2732 qua
679 2672 773 2714 eanea
810 2661 841 2714 et
876 2674 929 2714 eae
956 2652 1065 2714 exaeei

135 2752 203 2795 enm
225 2731 346 2799 fldunia.

178 2870 182 2878 .
217 2816 372 2879 Fortaaeie
386 2824 415 2878 et
431 2819 461 2878 in
477 2818 689 2900 heepeeeevit
701 2818 853 2880 Iohannes
864 2819 956 2898 Hune,
977 2817 1063 2899 qued

135 2900 295 2961 duodecim
320 2901 447 2961 aoneiiia
469 2903 648 2982 evangeliea
670 2900 743 2963 feeit
782 2922 850 2963 eum
874 2918 935 2964 non
958 2903 999 2962 eit
1017 2902 1064 2962 rri-

135 2983 163 3043 ai
184 2985 306 3044 unicum
326 2985 507 3064 virginitatis
531 2988 595 3044 eive
618 2947 797 3047 mainadas.
824 2985 859 3046 ln
882 3004 943 3064 qua
958 2990 1060 3046 tamen

135 3084 168 3126 re
190 3066 336 3147 deeeptus
359 3073 406 3128 eet
426 3087 481 3149 per
494 3069 618 3149 impiam
630 3068 769 3129 'rhomae
791 3079 821 3128 et
833 3069 1061 3130 Themieiarum

135 3148 333 3230 theologiam.
376 3150 517 3211 hebeni
540 3152 588 3210 ieri
612 3152 666 3211 viri
689 3170 741 3229 ea,
771 3152 902 3231 quaein
924 3150 1062 3213 Iohanne

135 3231 214 3292 Huee
229 3233 345 3312 optima
357 3240 436 3311 eunt,
458 3233 689 3309 damnaverunt,
712 3252 790 3315 quae
805 3252 878 3295 vero
892 3252 954 3296 nen
968 3232 1061 3314 bena,-

135 3312 348 3396 probavarunr.
394 3310 548 3378 Arrioulos
571 3336 645 3398 ergo
668 3317 812 3378 Iohannis
835 3317 915 3378 Huee
937 3317 1061 3379 damna·

135 3404 183 3459 roe
206 3415 313 3460 omnes
327 3400 474 3480 eueeipio,
495 3407 619 3480 paratus
633 3399 796 3462 defendere
809 3419 864 3462 eoa
884 3418 940 3483 per
949 3399 1061 3462 Christi

135 3482 275 3561 gratiam,
295 3482 393 3543 invito
416 3482 470 3543 iiio
491 3484 757 3565 rernmporteate
780 3492 810 3544 et
821 3483 1061 3560 abominatione,

135 3581 213 3644 quae
235 3564 322 3626 aeder
341 3566 371 3624 in
395 3564 465 3627 loen
489 3572 610 3628 saneto.
656 3567 769 3628 Verum
792 3568 896 3629 omnie
916 3566 1061 3629 Iohannis

134 3645 230 3726 flues,
253 3648 311 3708 etei
334 3646 372 3708 ab
394 3647 453 3708 illie
475 3648 620 3731 probate,
642 3668 704 3710 nan
726 3650 865 3730 admitto,
889 3657 921 3711 ut
944 3648 1017 3714 dixi.
