2392 4170
385 250 510 304 aaronis
527 248 714 304 ‘tenemusne
734 253 784 303 ete.
858 242 860 252 ’
989 242 1052 312 stt

131 402 203 468 dam
224 410 284 484 est,
306 403 408 469 donee
428 405 496 485 ipsa
517 404 746 467 oboumstantia
774 411 827 466 sut
853 402 981 467 euidens
1001 401 1054 464 ab·

131 488 265 555 surditas
285 497 379 568 nogat
398 489 526 569 liguram
549 507 737 569 agnosoer03
758 487 873 567 alioqui
897 488 1054 567 quaeerit

131 570 305 653 Babylonia
326 572 496 653 linguarum
520 580 550 633 at
573 572 734 635 verborum
762 574 793 632 in
815 569 956 634 mundo?
989 578 1053 632 tum

130 662 302 735 praestaret
324 665 424 717 mutos
447 676 524 734 esse,
546 668 639 735 quam
662 655 851 734 eloquentes.
895 653 1054 734 Exemplis

131 740 242 805 amasis
273 747 495 815 monstremus,
529 742 601 819 quia
634 740 793 801 inorassati
823 746 895 800 sunt
929 738 1054 798 nimium

130 822 267 902 Magistri
296 825 391 884 nostri
421 823 641 884 Lovanienses.
685 821 816 897 Quando
844 831 936 902 poeta
968 820 1054 881 dioit:

131 905 281 971 lletoatur
308 906 434 986 pulohra
456 905 607 967 Troianus
636 906 755 985 origine
782 903 912 966 ansar:
953 905 978 963 si
1006 903 1056 965 hie

133 989 262 1069 ligoram
286 997 402 1070 oaptes,
425 990 631 1051 uthesarem
655 1007 711 1069 pro
733 987 917 1051 Caesaribus
942 986 1055 1048 dietum

134 1071 218 1149 selis,
242 1079 332 1152 potes
356 1073 416 1133 hoo
438 1092 493 1153 pro
507 1073 632 1134 libidine
646 1081 709 1149 tua,
732 1071 785 1132 sed
798 1070 934 1151 nunquid
949 1070 1057 1133 Gram-

134 1155 486 1235 matioieparsuadebio?
509 1157 624 1217 Rursus
646 1156 710 1216 ille:
734 1156 779 1216 Tu
802 1154 936 1235 populos
950 1173 1057 1234 regere

133 1239 261 1320 imperio
274 1240 415 1302 Romane
438 1251 603 1316 memento,
625 1247 714 1320 potes
731 1239 797 1298 sine
819 1237 918 1318 figura
934 1239 1056 1299 union-

133 1322 230 1388 asan
261 1322 434 1384 Romnum
451 1323 479 1396 1)
506 1324 637 1401 laetare,
676 1320 731 1383 sed
753 1320 955 1383 Grammatioi
985 1318 1056 1398 quid

133 1404 258 1466 disent?
645 1430 647 1443 ν
1027 1437 1028 1441 =

215 1487 267 1551 sie
291 1488 370 1551 Psal.
396 1485 493 1568 16²):
522 1489 620 1549 Notas
651 1488 722 1548 mibi
755 1488 854 1548 lepisti
881 1487 947 1546 vias
966 1486 1058 1560 vitae,

135 1580 223 1649 potes
240 1572 434 1632 tuonerebro
451 1571 562 1646 diaere,
587 1572 652 1633 vias
668 1579 805 1632 terrenas
820 1569 957 1649 intelligi,
983 1587 1059 1648 quas

135 1654 346 1734 eorporalibus
368 1654 497 1735 pedibus
527 1654 698 1733 oaloamus,
728 1654 781 1715 sed
811 1671 948 1714 errorem
969 1652 1058 1716 simul

134 1757 189 1817 pro
220 1738 270 1798 ria
297 1739 441 1816 sequeris.
486 1737 525 1798 Et
557 1737 629 1817 quid
663 1757 740 1818 opus
773 1735 933 1816 pluribus?
967 1736 1059 1816 pleae

134 1821 264 1881 latemur
286 1822 390 1882 omnia
419 1821 541 1901 liguris,
575 1820 628 1880 sed
654 1821 686 1881 in
715 1818 826 1900 quibus
857 1818 1058 1881 observandis

136 1922 212 1982 opus
234 1905 272 1962 sit
295 1904 425 1976 iudioio,
460 1903 541 1983 quod
565 1911 667 1964 tamen
691 1903 927 1976 pallenensi)
952 1901 1059 1980 regula

134 1986 257 2046 formari
279 1988 353 2048 satie
377 1995 497 2066 potest,
529 2005 706 2067 quanquam
738 2004 797 2066 ego
820 1985 923 2049 adhue
943 1985 1059 2047 nullum

135 2068 309 2148 exemplum
344 2069 434 2129 huius
461 2069 579 2150 figurae
610 2071 707 2150 reperi
736 2071 766 2130 iu
797 2071 892 2149 signis
914 2068 973 2129 illis
996 2067 1061 2127 uui·

135 2151 319 2230 versalibus,
355 2160 387 2212 ut
408 2152 554 2213 Latomus
575 2153 625 2215 hio
654 2153 750 2233 lingit.
795 2152 864 2212 Duo
886 2153 946 2213 ista
967 2149 1059 2212 halte-

137 2254 211 2312 mus
234 2254 314 2314 quae
338 2254 395 2295 uos
418 2235 564 2316 dirigant,
588 2236 807 2298 absurditatem
829 2255 928 2296 rerum
952 2243 983 2295 at
1004 2234 1058 2295 om

136 2319 348 2378 eumstantiam
373 2319 544 2379 verborum.
578 2319 669 2394 Quod
688 2320 768 2380 anim
791 2318 913 2398 gladius
935 2317 1058 2379 femoris

135 2400 213 2462 Psal.
236 2399 332 2481 lb.⁴)
364 2410 394 2461 ot
421 2401 482 2462 duo
517 2402 611 2481 gladii
644 2402 877 2481 manipulorum,
914 2401 1058 2477 Lae-22,

136 2503 196 2544 non
217 2483 329 2543 ferrum
353 2484 544 2564 significent,
566 2486 795 2545 oiroumstantia
817 2483 978 2545 verborum
1000 2483 1058 2544 ior·

136 2568 193 2627 tius
221 2565 333 2646 probat
365 2586 456 2646 quem
488 2567 676 2645 absurditas,
712 2585 887 2646 quanquam
920 2574 949 2626 et
981 2567 1058 2628 liaeo

137 2649 232 2726 valet3
266 2670 399 2726 rursum,
428 2651 511 2729 quod
534 2651 708 2729 relinquens
731 2669 859 2711 uxorem
881 2649 1057 2729 centuplum

136 2733 268 2812 aenipiat
288 2733 319 2792 in
343 2733 401 2793 heo
425 2734 497 2810 vita,
519 2735 587 2813 ipsa
607 2733 781 2794 absurditas
802 2752 915 2809 rerum,
937 2751 999 2791 uon
1019 2732 1058 2792 de

137 2815 338 2893 relinquendo
361 2825 391 2876 et
408 2816 586 2895 recipiendo
600 2816 802 2896 corporaliter
822 2814 951 2895 intelligi
966 2816 1057 2894 angit

216 2898 264 2959 Ita
284 2898 413 2960 Latomo
436 2918 505 2960 meo
528 2901 558 2958 in
576 2900 728 2979 praesenti
753 2918 814 2960 non
838 2897 991 2968 suliioit⁵l
1016 2896 1058 2959 di·

136 2998 221 3059 nara,
256 2989 358 3060 potest
377 2982 438 3042 hoe
460 2981 588 3062 figurate
614 2982 761 3062 intelligi,
796 2999 904 3043 omnes
927 3001 982 3063 pro
1006 2981 1057 3041 ali·

136 3063 260 3142 quibus,
284 3083 345 3124 nou
369 3066 470 3144 patior
492 3065 636 3144 liguram,
670 3065 814 3144 quamdiu
836 3084 897 3125 non
920 3064 1060 3126 docuerit

137 3147 354 3207 absurditatem
383 3157 435 3207 aut
469 3149 716 3210 oiroumstantiae
738 3149 969 3222 nenessitatem,
1003 3147 1057 3208 sed

136 3229 252 3310 urgebo
276 3249 363 3308 enm,
397 3237 430 3290 ut
451 3232 580 3311 simplici
603 3232 729 3311 propria
750 3240 780 3292 et
802 3232 946 3310 primaria
968 3232 1058 3310 signi·

136 3311 281 3375 libatione
303 3311 417 3373 debeat
437 3314 622 3393 intelligere,
655 3333 762 3375 omnes
784 3314 913 3373 iustitias
936 3324 1057 3375 nostras

137 3413 204 3455 esse
226 3395 410 3471 immundas,
433 3395 533 3471 debat,
556 3398 691 3476 iuquam,
714 3397 782 3473 hoo,
806 3397 877 3476 qnia
900 3397 984 3458 nulla
1007 3396 1057 3457 ab·

208 3600 237 3662 1)
257 3598 287 3650 lu
310 3598 351 3652 ed.
364 3599 423 3652 Jeu.
444 3599 533 3654 deest:
556 3601 722 3653 Romanum.
754 3598 826 3660 2t1n
847 3599 889 3652 ed.
909 3603 996 3668 orig:
1018 3600 1060 3657 15.

136 3670 215 3798 ¹{lenio
234 3669 374 3798 aingem:
396 3676 477 3727 certe.
528 3671 562 3741 4)
583 3673 612 3725 ln
642 3670 684 3724 ed.
712 3673 798 3742 orig':
817 3670 861 3727 tt.
909 3670 992 3769 bila
1016 3671 1059 3730 ed.
