2392 4170
391 272 516 324 Rationis
539 272 718 325 Latomiaaae
737 263 786 326 'sle
991 267 1053 334 455

134 425 213 488 ratio
245 423 295 486 hie
326 424 439 505 aliquid
475 432 592 507 potest,
627 433 661 487 ut
694 425 802 488 saltem
820 415 856 487 st
878 425 954 486 alius
972 421 1054 486 'unas

134 509 221 570 loon's
242 508 274 568 iu
297 508 460 589 Boripturis
482 507 716 590 produosretur,
748 524 810 590 quo
833 515 993 590 pennatum
1017 510 1054 569 si·

134 592 253 669 militen
268 606 336 652 earu
357 609 492 672 poenam
514 592 686 674 signifieat,
709 594 828 655 etiamsi
849 592 932 654 huno
953 593 1053 654 ionum

133 692 196 738 non
221 684 348 756 rogaret
370 676 409 734 do
429 676 520 735 simili
542 685 671 756 peenato
685 677 824 756 intelligi.
854 676 931 737 Cum
947 682 1054 736 ‘autom

132 759 183 819 hin
207 757 300 818 nardo
324 759 418 818 totius
441 757 536 819 terme
557 761 746 839 quaestionis
762 766 917 837 versatur,
930 765 971 820 ‘et
991 761 1054 820 nnt-

132 859 256 903 versum
277 839 373 902 ohaos
396 842 596 903 Latomianae
618 842 699 904 offae
729 843 759 903 in
783 845 903 923 pensati
925 843 991 903 istis
1012 842 1054 902 ln·-

132 924 238 986 ‹tthriis
260 931 293 985 st
314 925 622 1004 aequivocationibus
645 925 816 1007 superbiat,
839 925 931 986 nobis
952 930 1054 986 autem

131 1008 163 1069 isl
184 1007 340 1089 agendum
362 1009 417 1086 sit,
454 1016 488 1069 ut
517 1010 677 1070 veritatem
705 1010 750 1070 sio
772 1025 961 1085 asseramus,
992 1021 1054 1090 qun

132 1091 325 1153 sdvemmius
348 1110 410 1151 nou
433 1091 545 1153 habeat
568 1093 766 1153 oaoasionem
788 1091 975 1169 illudendam
1004 1091 1056 1152 he·

133 1175 185 1254 hot
212 1179 316 1234 autem
344 1190 430 1252 sam,
464 1177 489 1234 si
521 1183 683 1256 pennatum
718 1191 781 1237 non
809 1191 973 1255 possumus
998 1190 1056 1256 par

133 1252 306 1340 Soriptnras
328 1259 388 1322 isto
411 1258 504 1319 modo
528 1253 777 1339 distinguendum
799 1265 829 1320 et
851 1259 1054 1339 nequiveram

133 1340 208 1401 dnm
227 1339 374 1421 probare,
409 1343 488 1402 siant
509 1360 617 1402 revera
639 1360 739 1422 nequa
761 1341 804 1402 illi
827 1355 885 1402 nes
904 1349 964 1403 nos
985 1353 1055 1423 pos·

132 1442 255 1486 sumus:
278 1442 373 1502 quara
395 1424 425 1485 in
448 1425 578 1506 simplici
600 1435 632 1485 st
655 1426 808 1486 sonatanti
831 1418 1055 1506 significatione

131 1506 301 1569 sistendum
325 1513 386 1582 est,
421 1524 479 1568 nso
501 1506 740 1588 egrediendum,
772 1507 873 1568 donet
894 1503 1057 1568 manifesta

132 1590 281 1651 autoritas
303 1609 360 1651 nos
381 1593 466 1651 exire
487 1600 589 1670 nogat.
619 1591 718 1652 Panlo
736 1592 843 1671 itaquo
865 1590 957 1651 altius
978 1590 1057 1651 hest

133 1671 301 1754 repetenda
324 1681 402 1736 suut.
1016 1698 1019 1704 ·

168 1792 171 1797 ,
215 1755 394 1836 Inprimis,
418 1764 577 1836 peceatum
602 1777 662 1818 non
687 1755 881 1834 multis,‘ssd
903 1771 965 1817 nuo
988 1757 1056 1816 rim·

133 1839 366 1920 plieissimoqus
388 1840 481 1900 mono
514 1839 544 1898 in
565 1839 728 1921 Soripturis
760 1840 877 1919 aoaipi,
907 1853 968 1900 nou
1002 1839 1056 1899 dn·

133 1922 229 1999 hltes,
263 1940 321 1982 nee
352 1923 434 1983 sines
467 1929 497 1982 ts
519 1942 573 2002 per
595 1923 756 2004 sophistas
778 1922 977 2002 multiloquos
999 1916 1059 1983 heo

133 2006 187 2067 tihi
223 2007 409 2084 extorqueri.
451 2006 627 2067 ‘Peonatum
662 2024 736 2067 vero
774 2005 856 2067 alind
890 2005 968 2066 nihil
1001 2011 1058 2082 est,

133 2103 227 2169 quam
248 2088 279 2148 id
303 2088 386 2169 quod
409 2097 541 2148 nonest
557 2090 725 2151 seeundum
756 2089 857 2171 legem
879 2088 946 2150 Doi.
990 2087 1058 2150 Stet

134 2173 216 2234 enirn
247 2173 399 2232 sententia
427 2171 515 2231 Rom.
539 2174 573 2235 3:
607 2169 665 2233 Per
691 2171 791 2252 lsgsrn
822 2173 959 2254 sognitin
988 2184 1056 2252 pso·

135 2255 205 2332 sati,
228 2255 307 2314 siout
330 2272 347 2314 o
369 2262 492 2328 eontra,
515 2274 570 2335 por
590 2263 751 2335 psonatum
774 2256 949 2336 ignorantia
962 2254 1058 2335 legis,

135 2340 306 2420 pennatum·
319 2339 400 2397 eninr
424 2337 550 2399 tenebra
571 2346 636 2414 est,
668 2353 761 2417 quam
782 2338 834 2398 lex
855 2337 1007 2399 illuminat
1029 2344 1059 2397 st

135 2421 268 2496 revelat,
301 2427 335 2481 ut
364 2429 582 2500 cognoscatur.
627 2421 692 2481 lam
729 2434 803 2481 vero
832 2420 892 2480 hoo
930 2420 1059 2483 libenter

135 2505 301 2565 asserimus
338 2510 370 2563 et
397 2503 584 2583 gaudemus,
618 2502 791 2582 &nupturas
813 2503 1059 2584 frequentissime

137 2588 179 2648 uti
201 2585 306 2664 liguris
329 2587 547 2665 grammaticis,
569 2585 782 2668 synecdonhs,
806 2584 976 2666 metalepsi,
998 2601 1059 2646 ms·

136 2669 278 2750 taphum,
300 2668 485 2749 hyperbole,
508 2671 570 2730 imo
592 2671 623 2730 in
645 2669 729 2729 nulls
750 2668 901 2748 seriptum
914 2669 1060 2747 ‘trequen-

137 2755 231 2814 ttoras
252 2751 380 2832 figurae.
425 2751 476 2812 fiio
497 2767 566 2813 oum
590 2752 709 2814 nostum
737 2753 772 2811 in
798 2748 940 2812 universa
962 2751 1059 2831 Sorip

136 2845 205 2897 tara
223 2829 361 2915 'simplex
384 2843 414 2895 ot
441 2836 574 2897 nnivoea
604 2853 667 2896 vox
696 2836 749 2912 ait,
784 2847 865 2915 quas
896 2839 1059 2915 supernam

137 2919 221 2980 illam
245 2918 419 2980 maehinam
444 2918 606 2998 sign-iliost,
627 2925 730 2983 tamen
749 2916 860 2979 Psalm.
885 2920 932 2982 19.
949 2917 979 2996 ¹)
1004 2932 1059 2997 pro

139 3001 289 3082 apostolis
311 3019 368 3082 per
383 3001 594 3083 metaphoram
613 3003 743 3082 ponitur.
767 2998 806 3061 ur
828 3007 909 3061 terra
930 2999 1061 3080 simplex

139 3099 201 3146 vox
225 3083 298 3164 qnid
320 3084 487 3164 significet,
509 3101 600 3144 nemo
623 3086 741 3164 ussoit,
777 3082 986 3164 metaphoriee
1009 3085 1061 3142 irn-

140 3169 209 3247 pios
231 3168 312 3227 vitiis
344 3174 375 3226 at
404 3167 491 3227 malis
521 3164 688 3228 salnandos
717 3166 880 3249 signifieat.
923 3159 1013 3242 Quod
1037 3167 1061 3224 ai

139 3251 209 3329 quis
231 3250 414 3326 oontendat,
444 3251 521 3311 haeo
544 3250 617 3310 nihil
641 3251 739 3310 minus
772 3249 868 3311 mults
891 3249 1063 3330 significata

142 3349 234 3411 asse,
254 3333 447 3412 respondeo:
482 3333 513 3394 Si
544 3333 589 3392 sie
618 3334 683 3408 ris,
716 3351 777 3394 non
809 3329 956 3413 repugno
996 3331 1061 3392 ‘Sed

142 3416 298 3496 quodnam
322 3423 406 3475 tunm
431 3415 619 3494 lexieou2),
651 3415 733 3494 quod
757 3432 814 3475 uos
837 3413 1062 3476 innotuisse·

153 3589 318 3596 ——n
334 3591 414 3596 ..--⁴
419 3590 572 3597 -—·-—-—--—

133 3732 136 3738 ,
200 3687 561 3811 t1)lnedit.orig.:18.
598 3685 631 3754 2)
652 3685 682 3739 ln
702 3684 766 3740 edit.
785 3683 1063 3773 lenhiomaddltum:

158 3774 218 3815 en.
795 3768 819 3807 ,¹
860 3792 873 3808 ‚,
922 3780 925 3787 ·
