2392 4170
136 219 178 286 30
393 219 436 276 De
455 220 532 291 (lapi.
551 222 648 290 Babyl.
668 222 808 276 Ecclesiae

136 376 194 435 nisi
208 375 340 436 ecelesia
360 376 590 437 determinasset
603 377 797 436 eontrarium.
820 376 932 436 Postea
942 376 1060 456 videns,

136 477 215 538 quae
237 466 319 518 esset
340 459 481 534 eeclesia,
504 478 583 539 quae
605 460 665 518 hoo
683 459 925 536 determinasset,
949 478 1059 540 nempe

134 540 338 619 Themistica,
368 543 428 601 hoc
450 551 514 619 est,
547 543 760 617 Aristotelica,
795 543 941 604 audacior
962 543 1059 602 factus

135 643 212 701 suin,
238 627 340 704 etqui
363 627 442 685 inter
462 645 571 684 saxum
597 633 628 686 et
650 645 769 685 sacrum
792 626 973 702 haerebam,
996 633 1060 685 tan-

135 706 203 768 dem
231 708 361 768 stabilivi
390 710 609 768 conscientiam
639 727 737 768 meam
752 710 912 769 ‘sententia
940 711 1058 789 priore:

136 810 205 852 esse
233 791 375 851 videlicet
402 811 505 850 verum
542 811 653 872 panem
685 811 850 871 verumque
879 795 999 870 vinum,
1029 793 1059 851 in

136 873 244 954 quibus
257 875 367 935 christi
389 894 464 935 vera
486 893 557 935 caro
571 893 721 954 verusque
743 877 867 954 sanguis
890 894 951 936 non
974 876 1061 934 aliter

135 977 193 1017 nec
215 959 314 1018 minus
336 960 391 1035 sit,
426 977 518 1039 quam
548 959 589 1017 illi
612 958 668 1017 sub
690 958 899 1018 accidentibus
921 960 984 1018 suis
1006 978 1060 1038 po·

135 1049 225 1119 nunt,
248 1041 330 1120 quod
351 1041 429 1120 feci,
456 1043 528 1120 quia
551 1041 612 1101 vidi
633 1040 858 1101 Thomistarum
888 1043 1060 1121 opiniones,

136 1125 202 1183 sive
234 1124 400 1204 probentur
435 1145 453 1184 a
483 1144 580 1204 papa,
609 1126 674 1183 sive
703 1145 721 1185 a
758 1125 906 1205 concilio,
936 1144 1060 1184 manere

135 1207 313 1286 opiniones,
340 1227 398 1267 nec
420 1206 483 1267 fieri
506 1206 650 1266 articulos
680 1205 767 1285 fidei,
789 1209 907 1268 etiarnsi
931 1207 1060 1287 angelus

137 1290 175 1350 de
197 1291 285 1351 coelo
308 1290 390 1350 aliud
413 1296 566 1352 statueret.
610 1290 688 1349 Nam
712 1291 794 1368 quod
817 1293 882 1350 sine
904 1292 1060 1370 scripturis

133 1375 278 1433 asseritur
299 1381 352 1434 aut
373 1374 561 1434 revelatione
573 1373 711 1453 probata,
735 1375 854 1454 opinari
872 1376 954 1453 lieet,
977 1373 1058 1434 credi

137 1475 200 1517 uon
223 1464 269 1517 est
291 1476 428 1517 necesse.
471 1456 555 1516 Haec
578 1464 678 1516 autem
705 1457 808 1536 opinio
823 1458 960 1517 Thomas
981 1456 1059 1517 adeo

134 1542 200 1599 sine
228 1541 383 1620 scripturis
415 1546 446 1600 et
471 1540 590 1601 ratione
611 1538 753 1615 fluctuat,-
787 1548 819 1599 ut
847 1560 905 1600 nec
926 1540 1060 1619 philoso-

134 1624 248 1704 phiam,
273 1642 330 1684 nec
352 1623 542 1683 dialecticam
565 1642 652 1683 suam
673 1624 797 1693 novisse
820 1624 891 1682 mihi
910 1623 1058 1684 videatur.

134 1706 240 1786 Longe
270 1709 350 1767 enim
381 1707 467 1766 aliter
497 1705 677 1766 Aristoteles
716 1707 754 1766 de
788 1707 996 1767 accidentibus
1029 1714 1060 1766 et

134 1789 283 1869 subiecto,
306 1809 397 1870 quam
420 1789 450 1853 S.
472 1790 606 1851 Thomas
628 1789 775 1869 loquitur,
806 1798 838 1848 ut
860 1792 931 1850 mihi
956 1789 1059 1851 dolen·

133 1872 205 1932 dum
227 1874 365 1934 videatur
386 1891 442 1952 pro
466 1880 552 1933 tanto
576 1874 651 1949 viro,
674 1875 723 1951 qui
738 1873 898 1951 opiniones
921 1874 950 1932 in
968 1872 1057 1933 rebus

133 1955 206 2016 fidei
226 1976 289 2017 non
311 1956 405 2017 modo
428 1976 468 2016 ex
490 1955 654 2015 Aristotele
676 1955 811 2034 tradere,
841 1956 895 2016 sed
917 1964 949 2016 et
969 1975 1060 2036 super

134 2058 215 2114 eum,
238 2059 328 2119 quem
351 2059 413 2100 non
435 2039 593 2115 intellexit,
616 2048 744 2098 conatus
768 2047 815 2098 est
836 2039 986 2119 stabilire,
1015 2041 1058 2098 in·

133 2122 299 2183 felicissimi
319 2123 507 2182 fundamenti
529 2122 735 2182 infelicissima
752 2129 912 2184 structura.

217 2207 362 2267 Permitto
385 2207 498 2285 itaque,
519 2207 570 2284 qui
592 2205 677 2265 volet
698 2201 857 2285 utrarhque
880 2207 1056 2286 opinionem

133 2296 248 2370 tenere,
269 2289 331 2349 hoo
353 2290 452 2349 solum
474 2308 556 2349 nune
578 2308 648 2368 ago,
672 2296 703 2347 ut
723 2291 883 2368 scrupulos
901 2290 1059 2350 eonscien-

133 2374 242 2434 tiarum
267 2373 305 2433 de
327 2372 428 2434 medio
451 2372 567 2450 tollam,
588 2392 627 2431 ne
649 2373 715 2451 quis
730 2392 764 2432 se
786 2392 870 2433 raum
893 2373 1058 2433 haereseos

134 2464 264 2535 metuat,
291 2459 368 2516 siin
392 2456 478 2516 altari
502 2475 604 2516 verum
628 2475 738 2535 panem
761 2474 927 2535 verumque
955 2458 1058 2516 vinum

106 2559 202 2600 ‘esse
225 2538 396 2600 crediderit.
440 2539 501 2600 Sed
529 2538 656 2600 liberum
689 2558 758 2600 esse
779 2540 838 2599 sibi
860 2541 952 2616 sciat,
984 2541 1059 2598 eitra

132 2624 301 2704 periculum
325 2624 447 2702 salutis,
478 2623 653 2683 alterutrum
676 2624 852 2703 imaginari,
882 2624 999 2703 opinari
1028 2629 1060 2682 et

133 2707 274 2785 credere,
307 2726 375 2767 oum
406 2708 445 2766 sit
475 2707 525 2767 hic
554 2707 638 2766 nulla
666 2708 834 2767 necessitas
864 2706 945 2767 fidei.
988 2705 1056 2785 Ego

134 2798 235 2851 tamen
260 2809 359 2850 meam
381 2809 464 2850 nune
489 2809 660 2870 prosequor
688 2791 888 2850 sententiam>
923 2788 1056 2847 Primum

134 2875 208 2935 nolo
237 2893 291 2934 eos
316 2873 437 2950 audire,
467 2893 524 2934 neo
544 2873 652 2933 tantilli
676 2874 791 2948 facere,
819 2874 869 2951 qui
898 2871 1057 2932 clamaturi

133 2967 213 3038 sunt,
235 2959 296 3018 hoo
317 2977 385 3017 esse
408 2957 677 3038 lliglephisticum,
699 2955 902 3030 Hussitioum,
930 2956 1058 3015 haereti·

133 3060 202 3102 cum
225 3049 256 3102 et
277 3048 384 3103 eontra
407 3043 556 3101 ecclesiae
583 3039 882 3117 determinationem,
906 3057 974 3098 cum
997 3039 1057 3098 hoo

132 3143 194 3186 non
217 3125 330 3184 faciant
342 3126 399 3185 nisi
420 3126 451 3201 ii,
475 3143 552 3204 quos
568 3124 668 3183 multis
682 3123 780 3183 modis
794 3123 965 3183 haereticos
989 3140 1057 3182 esse

134 3209 253 3270 convici
276 3210 307 3268 in
329 3229 362 3269 re
384 3209 651 3288 indulgentiarum,
673 3205 759 3266 liberi
769 3206 894 3285 arbitrii,
917 3207 1057 3285 etgratia

132 3291 200 3370 Dei,
222 3293 365 3372 operibus
389 3293 476 3352 bonis
499 3299 529 3353 et
541 3291 677 3371 peccatis
692 3297 762 3368 etc,
784 3297 826 3367 ut,
848 3291 873 3349 si
888 3289 1056 3369 Viglephus

132 3376 228 3436 semel
250 3376 305 3435 fuit
328 3377 515 3455 haereticus,
543 3375 603 3455 ipsi
630 3373 731 3434 decies
754 3373 897 3433 haeretici
921 3375 999 3449 sint,
1026 3379 1058 3431 et

130 3460 290 3540 pulchrum
320 3462 374 3537 sit,
408 3459 447 3519 ab
480 3459 641 3519 haereticis
670 3465 700 3518 et
732 3458 881 3537 perversis
910 3456 1056 3535 sophistis

133 3543 247 3623 culpari
271 3551 301 3604 et
322 3544 485 3620 criminari,
507 3543 615 3621 quibus
637 3543 788 3621 placuisse
811 3559 931 3600 summa
951 3540 1056 3617 impie-

131 3633 178 3687 tas
201 3632 255 3688 est.
288 3627 459 3705 Praeterea,
481 3626 565 3708 quod
587 3644 658 3686 suas
682 3626 850 3685 sententias
873 3642 933 3684 non
952 3623 1056 3682 aliare

131 3711 274 3792 probare,
296 3730 355 3772 uec
376 3712 545 3773 contrarias
567 3711 627 3771 alia
649 3714 768 3772 ratione
790 3708 964 3788 improbare
986 3725 1056 3786 pos·
