2340 4162
326 246 365 305 D.
382 249 417 303 Ι.
437 249 515 304 tutta
533 249 717 305 hesiodium.
949 251 991 319 53

57 402 188 466 verbum
209 411 243 465 ct
256 403 678 468 orationamsanctificcntnr.
708 405 875 485 Postquam
886 414 990 470 autem
1088 475 1098 492 .

57 488 242 551 benedictus
263 496 296 550 et
316 495 515 550 consecratus
536 495 593 563 est,
615 490 675 549 iam
698 509 760 550 non
778 489 913 569 offertur,
935 491 989 553 sed

57 573 210 652 accipitur
237 571 322 632 dono
343 592 364 633 a
384 571 462 636 Deo.
505 572 546 632 ut
573 574 603 632 in
626 573 687 633 hoc
712 575 840 652 negotio
863 576 989 655 cogitet,

58 655 257 735 evangelium
288 674 358 715 esse
387 655 619 734 praeferendum
650 655 792 716 omnibus
819 657 990 719 canonibus

58 748 89 799 ct
112 739 272 814 collectis,
307 759 363 817 per
396 739 536 800 homines
568 740 764 820 compositis,
794 741 990 822 evangelium

58 829 165 883 sutem
187 840 251 882 non
273 823 346 882 sinit
369 824 492 883 missam
516 842 586 882 esse
607 822 802 900 sacrificium,
823 828 856 884 ut
869 823 990 886 audisti.

142 904 265 966 Deinde
297 905 421 985 publice
452 908 576 966 missam
611 905 773 986 perficiens
810 909 991 985 praestituat

56 989 116 1049 sibi
139 1007 203 1048 non
226 988 310 1050 alind
331 990 449 1063 iacere,
479 1008 571 1067 quam
600 1009 635 1050 ae
656 999 687 1050 et
714 990 792 1050 alios
820 991 991 1051 communi·

56 1091 131 1134 care
151 1091 211 1153 per
237 1074 381 1144 missam,
410 1073 501 1133 simul
528 1080 630 1134 tamen
654 1075 809 1134 orationes
838 1093 910 1134 susa
931 1091 989 1153 pro

56 1176 91 1216 se
118 1162 152 1216 et
171 1155 241 1215 aliis
264 1155 375 1217 offerre
396 1176 525 1231 caveus,
556 1176 596 1216 ne
625 1157 749 1217 missam
771 1155 882 1217 offerre
904 1175 991 1236 prae·

57 1245 171 1300 sumat„
216 1238 278 1313 Qui
299 1258 373 1300 vero
395 1241 537 1320 privatim
558 1241 668 1300 missas
690 1246 788 1318 parat,
810 1240 992 1319 praestituat

58 1322 127 1401 sibi,
149 1328 186 1382 nt
208 1323 363 1402 seipsum
386 1324 599 1384 communicet.
643 1323 771 1383 Prorsus
793 1323 866 1383 nibil
888 1322 989 1383 differt

60 1425 121 1466 nco
142 1405 214 1483 plus
236 1405 312 1466 iacit
332 1407 427 1466 missa
449 1408 584 1486 privata,
613 1425 704 1485 quam
731 1405 865 1486 simplex
891 1406 991 1466 cuius·

62 1507 123 1567 que
144 1489 216 1548 laici
229 1488 267 1549 de
291 1509 382 1550 manu
395 1490 564 1550 sacerdotis
586 1497 709 1568 sumpta
730 1489 918 1566 communio,
939 1507 991 1548 cx·

61 1573 159 1651 ceptis
189 1571 398 1645 orationibus,
431 1580 461 1632 et
494 1573 577 1652 quod
606 1571 664 1633 sibi
690 1575 750 1653 ipsi
776 1578 939 1634 consecrat
959 1578 992 1632 et

65 1655 222 1730 ministrat,
244 1657 369 1734 reipsa
382 1657 538 1716 missaeet
560 1657 744 1716 sacramenti
766 1673 990 1732 omnesqumus

67 1736 215 1816 aequatos,
238 1738 417 1799 sacerdotes
439 1748 470 1802 et
490 1740 569 1801 laici.

145 1818 234 1896 Quod
256 1823 282 1880 si
305 1822 478 1901 postulatur
500 1823 540 1882 ab
562 1822 643 1897 aliis,
677 1823 798 1883 votivas
820 1826 915 1900 (quas
937 1839 990 1881 vo-

61 1905 148 1981 cant)
173 1904 332 1965 celebrare
354 1912 480 1984 caveat,
510 1926 549 1966 ne
577 1904 750 1977 mercedem
774 1905 913 1984 'accipiat
932 1922 990 1984 pro

59 1988 163 2064 missa,
186 1994 241 2049 aut
261 1997 440 2067 praesumat
461 1989 553 2048 uliam
572 1989 707 2048 votivam
730 1986 914 2064 sacrificare,
935 1986 990 2047 sed

61 2069 186 2130 studeat
205 2071 269 2131 hoc
289 2078 388 2132 totum
416 2072 455 2132 ad
484 2073 639 2133 orat-iones
666 2071 794 2147 referre,
823 2089 899 2149 quas
926 2070 992 2130 sive

59 2172 116 2230 pro
140 2152 293 2227 defunctis
321 2156 386 2213 sive
416 2154 587 2214 viventibus
610 2154 733 2233 offerat,
767 2155 811 2213 sio
834 2154 989 2233 cogitans:

59 2236 144 2296 Ecce
173 2236 227 2296 ibo
253 2243 284 2296 et
307 2238 378 2296 mihi
407 2238 464 2298 soii
487 2243 711 2297 sacramentum
735 2238 914 2316 suscipiam,
937 2235 990 2294 sed

59 2322 139 2379 inter
163 2320 391 2400 suscipiendum
415 2341 470 2400 pro
492 2322 545 2380 iilo
568 2328 598 2380 et
619 2320 671 2380 illo
686 2320 792 2396 orabo,
814 2322 858 2379 sic
872 2326 904 2378 ut
926 2338 991 2378 ora·

59 2404 186 2478 tionis„
204 2423 266 2463 uon
296 2405 408 2463 missae
430 2404 601 2464 mercedem
631 2423 686 2483 pro
708 2406 790 2462 victu
822 2411 852 2461 et
879 2403 992 2462 amictu

59 2486 200 2564 recipiat.
243 2486 309 2546 Nec
331 2495 468 2560 moveat,
491 2487 572 2565 quod
596 2493 678 2546 totus
702 2486 783 2545 orbis
806 2486 991 2545 contrarium

60 2576 92 2628 et
113 2587 240 2627 sensum
264 2577 294 2627 et
317 2589 404 2628 usum
417 2570 537 2630 habeat.
575 2569 777 2648 Evangeiium
790 2570 991 2628 certissimum

63 2652 171 2721 habes.
197 2670 258 2729 quo
280 2653 374 2712 fretus
396 2653 484 2714 facile
502 2660 681 2715 contemnes
704 2653 861 2711 homiuum
885 2669 992 2710 sensus

61 2741 92 2794 et
125 2734 297 2813 opiniones.
356 2735 445 2810 Quod
479 2738 503 2795 si
546 2756 595 2795 me
639 2742 839 2794 contemnens
882 2751 993 2812 pergas

62 2819 189 2877 missam
229 2817 354 2891 offerre,
398 2839 460 2878 non
499 2819 582 2878 solas
618 2819 790 2893 orationes,
831 2818 909 2876 scito
945 2834 993 2874 me

61 2901 156 2960 fuisse
178 2902 362 2961 monitorem
391 2902 443 2961 tibi
465 2901 586 2962 fidelem
623 2904 704 2960 etin
740 2901 789 2961 die
809 2901 912 2960 iudicii
941 2918 993 2959 ex-

63 2990 215 3057 cusatum,
237 2992 321 3043 tuum
344 2984 480 3063 portabis
503 2987 569 3063 ipse
592 2992 761 3063 peccatum.
806 2984 892 3056 Dixi,
915 3000 994 3060 quse

63 3066 116 3127 tibi
139 3066 242 3126 dicere
266 3067 391 3127 tenebar
413 3069 505 3128 frater
526 3069 608 3128 fratri
631 3069 660 3126 in
685 3067 824 3142 salutem,
848 3065 901 3125 tibi
923 3083 993 3143 pro·

65 3149 175 3209 derunt
203 3157 340 3223 servata,
375 3150 428 3210 tibi
461 3151 617 3211 nocebunt
648 3141 800 3229 neg‘lects.
851 3148 940 3223 Quod
970 3147 995 3204 si

65 3232 158 3310 aliqui
180 3234 272 3293 etiam
296 3233 468 3293 damnarint
489 3234 578 3309 haec,
608 3233 681 3292 illud
704 3232 788 3292 Pauli
798 3231 834 3312 i)
866 3248 994 3308 respon·

65 3315 137 3375 deo:
162 3315 234 3375 Mali
257 3334 330 3377 vero
358 3317 498 3376 homines
521 3326 551 3377 et
580 3317 758 3376 seductores
780 3314 942 3394 proficient
964 3313 995 3370 in

65 3400 162 3477 peius,
185 3406 333 3475 ementes,
356 3402 437 3459 etin
461 3419 595 3460 errorem
620 3402 783 3461 mittentes.

148 3481 196 3540 Ex
218 3483 278 3541 isto
301 3502 384 3542 nunc
406 3482 496 3542 facile
518 3483 591 3542 illud
615 3483 715 3563 quivis
738 3480 890 3558 intelligit,
913 3473 997 3555 quod

122 3737 148 3804 ⁶)
168 3735 193 3793 Q,
212 3735 286 3793 Tim.
307 3735 332 3792 ³.
