2340 4162
359 241 775 305 sumntum-snmus.
979 250 1048 319 -121

138 454 319 545 tppsllutio
342 458 377 527 P.
397 458 533 528 larttni
554 460 678 530 Lnther
698 462 739 532 ad
759 464 927 534 concilium
947 465 1049 536 denno

393 567 537 651 repetita
557 569 592 635 st
612 569 778 640 innovata

527 749 654 819 Jssns.

199 929 318 992 llotnm
339 932 381 992 sit
400 932 542 993 omnibus
564 933 761 1009 Christianis,
783 933 866 1015 quod
888 954 948 1014 ego
970 936 1049 997 Mar-

121 1014 200 1075 tinus
226 1013 345 1075 Ianthen
371 1021 463 1077 antea
484 1035 504 1076 a
525 1016 630 1078 Leone
657 1017 778 1079 decimo
801 1036 884 1100 papa
909 1018 1045 1099 legitime

119 1097 253 1159 atinate
275 1097 430 1179 appellavi
452 1098 490 1160 ad
511 1099 645 1162 tutorum
668 1101 847 1179 concilium,
868 1103 979 1182 iniquis
1008 1102 1048 1163 ad

118 1180 179 1244 boe
208 1187 339 1243 matus
367 1183 597 1262 manaminibus
627 1184 764 1245 eiusdem
794 1184 905 1246 Leonis
933 1203 1047 1266 papus:

119 1265 209 1326 anias
230 1264 483 1346 appellationisl)
509 1273 598 1329 tenor
619 1268 756 1348 sequitur
777 1274 808 1328 et
829 1274 877 1329 est
898 1268 984 1329 talis:

202 1347 238 1409 ln
258 1349 386 1410 nomine
406 1348 530 1415 domini.
576 1350 686 1413 Amen.
730 1350 822 1412 Anno
850 1369 870 1411 a
889 1351 1048 1412 nativitate

119 1430 260 1492 αἱιιοιΙοιιι
280 1430 444 1494 millesimo
457 1434 704 1514 quingentesimo
725 1433 846 1495 decimo
868 1439 991 1514 octavo,
1001 1435 1046 1495 in·

120 1512 259 1576 ffiatione
279 1521 380 1594 sexta,
401 1516 451 1577 dis
477 1536 552 1579 vero
569 1519 643 1580 solis
665 1518 816 1599 vigesima
830 1521 942 1579 octava
963 1534 1047 1577 men-

122 1598 164 1658 sis
194 1596 396 1675 Novembris,
427 1600 632 1681 pontificatus.
655 1600 841 1663 sanctissimi
869 1601 898 1660 in
928 1599 1049 1662 Obsisto

124 1682 216 1760 patris
245 1688 277 1743 et
306 1681 421 1744 domini
452 1686 548 1746 nostri
574 1685 686 1747 Leonis
720 1685 824 1745 divina
852 1682 1047 1765 providentia

126 1782 221 1845 papus
243 1764 356 1827 decimi
378 1785 460 1828 auno
483 1773 584 1840 sexto,
606 1771 637 1829 in
662 1788 732 1829 maa
746 1768 866 1829 Notarii
879 1766 993 1848 publici
1005 1772 1048 1827 te·

125 1847 276 1929 stinmqnc
306 1849 384 1910 infra
405 1850 587 1932 scriptorum
610 1851 649 1912 ad
671 1851 732 1913 hoo
753 1850 928 1931 specialiter
954 1867 1049 1910 vona·

121 1936 218 1992 torum
241 1938 275 1993 et
295 1938 473 2013 rogatorum
501 1936 691 2015 praesentia:
734 1933 919 1996 constitutus
953 1932 1049 1993 Rone-

119 2014 234 2076 rsndns
263 2015 297 2078 P.
319 2014 460 2078 dominns
488 2016 635 2079 Martinus
662 2018 775 2079 Luther
803 2016 1046 2097 augustinianus

122 2096 429 2179 Vnittembsrgensis,
450 2119 559 2163 sacrae
574 2101 752 2182 theologiae
764 2102 920 2182 Magister,
941 2118 979 2159 aa
992 2096 1046 2158 ibi·

122 2179 188 2242 dem
195 2181 310 2242 Lector
330 2183 500 2245 ordinarius
513 2183 690 2264 theologiae
701 2185 892 2265 principalis,
915 2202 953 2244 ac
966 2183 1046 2262 prin·

121 2264 260 2346 cipaliter
279 2284 336 2346 pro
359 2286 393 2328 se
414 2269 482 2349 ipso
505 2270 580 2330 citra
593 2274 695 2328 tumen
709 2285 962 2348 quorumcunque
976 2284 1045 2345 pro·

121 2354 295 2408 serstorum
317 2369 441 2411 suorum
464 2350 697 2430 quomodolibet
719 2350 866 2412 hactenus
889 2369 944 2430 par
975 2368 1044 2408 eum

124 2433 357 2494 constitutorum
380 2436 625 2511 revocationem,
656 2433 773 2495 babens
797 2441 827 2495 et
849 2442 956 2494 tenens
985 2433 1047 2492 suis

123 2513 317 2576 inmanibus
341 2516 494 2596 quandam
516 2506 747 2597 provocationis
770 2524 800 2578 et
831 2516 1047 2598 appellationis

124 2598 231 2678 papyri
252 2598 429 2660 schedulam
452 2601 555 2663 animo
579 2606 609 2662 et
629 2602 800 2661 intentione
814 2597 1006 2681 provocandi
1017 2604 1048 2657 et

126 2680 299 2759 appellandi
313 2683 534 2764 apostolosque
545 2684 681 2765 petendi,
698 2684 813 2760 dicens,
827 2701 965 2755 nameus,
978 2700 1047 2759 pro·

127 2781 239 2824 vocans
262 2771 293 2825 et
315 2766 476 2846 appellans
499 2769 589 2829 certis
612 2775 643 2828 et
663 2767 808 2848 legitimis
833 2765 872 2826 de
893 2763 1046 2836 causis,iu

125 2843 229 2907 eadum
251 2847 397 2910 schedula
418 2851 569 2912 contentis
588 2858 619 2911 et
639 2850 888 2931 comprehensis,
911 2846 949 2908 ad
973 2865 1047 2905 oon·

126 2928 222 2990 sitiun
236 2932 377 3011 proxime
398 2939 429 2993 et
449 2933 625 2995 immediate
638 2935 780 3006 futurum,
804 2932 912 2993 saltem
937 2931 966 2990 in
988 2929 1047 3006 spi-

126 3012 186 3071 ritu
202 3020 310 3075 saneto
332 3015 468 3094 legitime
490 3024 723 3098 congregatum,
746 3016 812 3077 aliis
836 3033 908 3075 vero
922 3031 1047 3090 congre-

128 3095 308 3177 gationibus,
332 3098 516 3161 factionibus
538 3106 568 3161 et
591 3099 792 3162 concionibus
815 3097 942 3178 privatis
964 3094 1048 3175 peni-

136 3264 304 3274 ———-—-.

184 3358 264 3426 1)ln
283 3361 327 3417 ad.
346 3362 408 3418 Jen.
429 3364 499 3433 Opp.
520 3365 598 3419 Lnth.
616 3363 686 3416 haee
703 3362 851 3432 appellatio
871 3375 929 3415 non
948 3364 990 3412 est
1008 3363 1049 3426 ty·

128 3433 171 3501 pis
190 3436 312 3501 sepulta,
341 3435 390 3490 sed
413 3435 545 3490 landatur
563 3435 756 3490 tantummodo
775 3432 947 3502 Appellatio,
977 3446 1048 3499 quae

129 3519 204 3556 anno
224 3502 286 3562 tus
305 3522 322 3559 a
338 3507 458 3562 Lntheno
478 3513 521 3563 est
538 3508 625 3571 edita,
644 3512 672 3560 et
692 3507 736 3559 his
755 3505 867 3575 quidem
877 3503 983 3557 verbis:
1004 3519 1048 3554 cn·

130 3577 174 3628 ius
192 3572 394 3645 Apetlsuonis
413 3580 573 3650 exemplum
591 3579 678 3632 hebes
696 3577 777 3632 Tom.
790 3579 802 3630 1
814 3582 864 3630 ete.
886 3575 963 3640 Quae
983 3587 1048 3625 vero

131 3651 285 3790 ἓθοῖῑέἑωιῒὶῖ,
305 3655 371 3777 signent
389 3649 736 3778 eiu⁸dff1i³tAplen⁸il⁰⁰it⁸
755 3648 890 3719 quaedum
901 3643 1049 3717 appendix:

216 3735 235 3772 n
292 3737 328 3776 sn
357 3738 560 3795 mprastcus
602 3737 636 3777 eo
698 3738 748 3781 co.
