2392 4170
120 224 184 297 286
446 223 490 288 De
507 224 581 288 votis
599 223 760 287 monasticis

120 404 221 465 vernis
242 402 453 482 maneriae*),
477 404 577 481 sciens
600 403 783 475 certissime,
809 420 843 462 ss
865 421 927 462 oon
950 419 1046 482 posse

120 506 259 547 securam
284 494 314 546 et
336 489 470 566 quietam
495 506 584 562 esse,
615 487 672 546 nisi
695 488 725 546 in
748 487 816 545 soto
839 485 984 562 Christo,
1014 487 1045 544 in

122 569 263 630 omnibus
279 589 352 629 vero
369 570 512 650 operibus
528 570 659 650 ffiopriis
676 588 738 630 non
760 588 854 649 posse
875 571 933 630 nisi
960 589 1045 630 ream

121 660 152 714 et
173 653 317 734 pavidam
341 654 578 732 damnatamque
601 672 734 714 manere.
879 670 881 674 ·

84 794 86 798 ,
204 735 256 797 Sic
278 755 352 815 ergo
378 736 522 796 discernit
543 745 574 795 et
590 734 705 796 iudicat
721 737 798 796 inter
820 754 915 816 opera
933 735 1046 796 Christi

120 829 151 880 et
174 839 239 881 sua.
278 819 388 880 Christi
411 839 506 898 opera
527 820 728 900 apprehendit
750 827 781 878 at
795 820 890 878 dictat
910 821 940 878 in
964 819 1048 878 huno

123 902 264 964 modum:
299 903 356 963 Per
377 903 455 962 hneo
476 920 535 983 ego
557 903 748 963 iustihcabor
776 911 807 963 et
838 901 986 962 servshor
1015 910 1049 962 et

121 986 273 1047 liberabor
293 986 333 1046 ab
347 987 488 1047 omnibus
512 989 646 1065 peccatis
668 994 699 1045 et
721 987 820 1062 matis,
842 985 959 1064 dequo
982 1004 1046 1045 non

121 1069 245 1149 dubito,
272 1071 344 1148 quia
363 1071 394 1129 in
418 1068 479 1129 hoo
501 1071 602 1150 ipsum,
628 1079 698 1129 sunt
720 1089 774 1148 per
797 1089 865 1128 eum
887 1068 986 1143 iacta,
1016 1075 1049 1129 et

121 1155 151 1213 in
174 1152 327 1233 baptismo
350 1172 504 1230 superma
525 1152 631 1231 effusa,
655 1153 721 1213 sine
737 1153 784 1212 his
803 1172 863 1213 non
886 1162 934 1212 est
950 1151 1047 1231 satus,

121 1255 182 1297 non
208 1244 254 1296 est
276 1255 337 1315 pax
361 1235 482 1296 ossibus
504 1238 597 1316 meis,
630 1255 692 1296 non
716 1247 762 1296 est
784 1237 952 1296 satisfactio
976 1254 1047 1314 pec-

122 1327 273 1381 catorum.
317 1319 378 1378 Sua
407 1338 479 1379 vero
510 1339 606 1399 opera
635 1321 716 1378 mata
744 1319 829 1379 videt
857 1327 888 1378 et
908 1317 1047 1398 damnat,

121 1402 175 1464 sod
198 1403 229 1462 in
251 1401 360 1463 Christi
383 1402 527 1482 operibus
549 1404 640 1462 vincit
665 1411 696 1462 et
717 1404 895 1477 contemnit,
919 1422 957 1461 ne
976 1421 1048 1462 sese

122 1486 262 1561 mordere
285 1486 412 1564 possint.
456 1486 634 1546 Potentiora
656 1492 728 1545 sunt
754 1506 848 1567 opera
872 1486 983 1546 Christi
1006 1485 1047 1545 ad

121 1587 179 1630 noa
202 1568 375 1630 liberandos
403 1577 434 1628 et
467 1568 692 1648 pacificandos,
722 1588 813 1649 quam
842 1577 947 1630 nostra
976 1578 1050 1628 sunt

121 1652 159 1713 ad
183 1652 384 1732 captivandos
413 1660 444 1713 et
466 1654 646 1731 terrendos,
683 1655 708 1713 si
740 1663 841 1714 tamen
870 1654 930 1713 hoo
952 1652 1047 1712 credi·

121 1734 211 1798 deris.
255 1735 356 1815 Opera
386 1755 459 1796 vero
482 1755 539 1815 sup
561 1739 642 1796 bona
675 1737 878 1817 apprehendit
898 1743 930 1797 et
951 1734 1050 1796 dictat

121 1837 160 1879 eo
180 1818 322 1879 iacienda
354 1821 449 1898 gratis
479 1819 517 1879 ad
546 1818 741 1881 commodum
774 1820 874 1881 sotum
903 1820 1048 1900 proximi,

121 1909 153 1962 et
173 1900 211 1963 ad
235 1903 442 1964 exercendum
464 1922 587 1982 corpus,
610 1920 803 1982 nequaquam
826 1905 864 1963 ad
888 1904 1048 1982 iustitiam,

121 2003 245 2066 pacem,
273 1985 513 2045 satisfactionem
550 1985 745 2066 pennatorum
776 1995 806 2046 et
835 1987 1049 2047 remissionem

121 2068 298 2148 parandas,
330 2070 400 2146 qnia
423 2068 501 2129 haec
528 2071 668 2129 nonnisi
701 2071 731 2128 in
757 2070 867 2131 Christi
903 2070 1049 2150 operibus

122 2154 255 2230 quaerit,
279 2160 308 2210 et
331 2153 446 2211 invenit
468 2151 527 2212 tide
551 2155 722 2228 constanti,
750 2156 828 2215 siout
851 2153 933 2214 videt
962 2153 1047 2213 Chri·

121 2239 200 2296 stum
224 2235 333 2295 fecisse
356 2255 411 2294 sua
434 2255 529 2315 opera
551 2239 660 2315 gratis,
693 2237 731 2296 ad
765 2237 961 2297 commodum
995 2256 1048 2296 no·

122 2326 216 2378 strum
241 2328 270 2378 et
294 2337 348 2398 pro
371 2339 426 2378 usu
449 2321 586 2398 corporis
609 2321 654 2379 sni
677 2320 714 2378 ad
739 2321 927 2381 voiuntatem
954 2321 1020 2380 Dei.

206 2401 292 2460 Hanc
325 2403 415 2482 igitur
448 2405 607 2462 scientiam
645 2404 790 2463 libertatis
819 2415 849 2463 et
883 2407 1048 2463 sanitatem

123 2486 331 2544 conscientiae
354 2492 459 2564 petunt
489 2505 596 2545 omnes
631 2487 760 2547 insidiae
782 2487 983 2547 humanarum
1018 2495 1051 2545 et

123 2569 283 2646 impiarum
308 2569 528 2646 doctrinarum,
554 2570 602 2629 hic
624 2569 780 2649 Serpentis
800 2573 911 2631 astutia
933 2570 1050 2648 simpli·

123 2651 259 2721 citatem,
289 2671 368 2730 quae
397 2653 425 2711 in
451 2653 570 2712 Christo
594 2662 661 2726 cst,
697 2656 815 2733 quaerit
841 2673 1050 2734 corrumpere.

124 2733 179 2793 Hic
204 2736 298 2811 vides,
322 2754 413 2814 quarn
437 2737 548 2814 impiae
571 2738 632 2796 sint
654 2737 737 2818 teges
771 2736 809 2796 de
831 2738 1049 2797 satisfactioni·

123 2816 196 2896 bus,
219 2817 327 2897 quibus
351 2818 497 2878 docemur
524 2838 578 2898 per
600 2839 696 2899 opera
724 2832 829 2881 nostra
853 2820 954 2880 delere
979 2839 1050 2899 pen·
1147 2816 1150 2820 ’

122 2906 203 2966 cata,
244 2898 349 2961 Riotus
371 2905 526 2982 rapacium
551 2904 690 2982 lnporum
714 2912 794 2980 sunt,
817 2906 868 2984 qui
890 2906 1050 2965 conscien-

123 2985 180 3043 tias
203 3005 221 3043 a
247 2985 367 3045 Christo
392 2986 540 3045 diveitunt
570 2997 600 3045 et
634 2987 783 3048 laceratas
806 2989 836 3047 in
861 3008 956 3067 opera
978 3007 1050 3067 pro·

123 3068 187 3146 pria
211 3067 389 3147 dispergunt
403 3070 578 3144 miserrime,
601 3090 722 3149 semper
741 3071 902 3151 discentes,
925 3089 1051 3150 semper

122 3158 296 3230 operantes,
320 3158 351 3211 et
372 3159 473 3212 tamen
498 3152 534 3212 ad
549 3155 707 3214 veritatem
716 3151 769 3221 **t
797 3164 827 3214 et
849 3174 955 3233 paoem
972 3173 1049 3214 nun-

37 3302 49 3317 ·
123 3251 213 3311 quam
256 3239 477 3314 pervenientes.
533 3236 596 3295 Hos
628 3236 717 3317 inpos
750 3238 861 3297 Pontus
896 3240 962 3300 Act.
999 3238 1049 3300 20.

123 3334 231 3394 graves
263 3329 373 3394 vocat,
407 3322 457 3399 qui
488 3320 624 3379 intraturi
659 3329 746 3380 erant
790 3341 851 3381 non
885 3331 1049 3402 parcentes

122 3400 218 3479 gregi,
242 3399 401 3479 loquentes
427 3422 580 3482 perversa,
598 3412 631 3462 ut
653 3403 954 3485 trahantdisciputos
978 3412 1051 3484 post

123 3501 166 3543 se.
210 3480 290 3556 Quid
320 3494 367 3544 est
399 3484 565 3565 discipulos
591 3495 661 3565 post
703 3507 737 3547 ss
768 3488 909 3564 trahere,
939 3489 996 3547 nisi
1031 3506 1050 3546 a

123 3564 244 3625 Christo
267 3568 420 3628 avellere?
454 3569 520 3630 Hoc
542 3569 583 3649 iit,
607 3569 678 3629 dnm
702 3572 911 3632 conscientiae
935 3570 1047 3631 doeen-

196 3734 227 3810 ·)
249 3734 326 3792 nant.
350 3739 376 3794 2.
418 3701 513 3803 *Ua
533 3739 652 3795 rimosa.
673 3743 697 3796 s.
