2392 4170
140 254 205 325 486
415 254 505 310 Breve
520 248 642 309 Adriani
658 250 755 320 Panae
770 246 811 307 vl

142 436 173 492 et
194 426 411 511 praerogativa
440 425 629 508 praecellere
656 422 789 486 voluerit
814 423 982 503 Dominus,
1020 423 1071 502 qui
1176 414 1180 479 ἕ

142 511 311 593 exemplari
333 517 452 572 tautum
464 528 502 571 ac
514 509 640 572 umbrae
653 507 870 570 deserviebant
888 507 1071 570 coelestium

141 597 173 657 iu
196 595 368 656 umbratico
401 593 454 655 illo
489 593 687 655 tabernaculo
721 591 941 653 sacrificiorum
971 591 1073 653 officia

142 686 488 757 consummantes-quo
511 676 634 738 taudem
653 676 780 738 honoris
802 675 875 737 loco
893 695 954 739 eos
966 675 1073 736 baberi

113 823 117 827 .
143 762 255 840 voluit,
277 760 388 842 quibus
414 760 518 821 clares
540 760 663 822 tradidit
684 761 773 841 regui
795 759 981 820 coelorum?
1009 765 1073 820 tau·

142 853 267 925 tamque
295 845 399 904 tribuit
429 851 633 924 potestatem,
665 852 699 904 ut
725 862 804 923 quae
825 843 961 922 ligarent
982 861 1073 924 super

143 936 267 1007 terram,
289 928 455 1009 ligarentur
476 934 508 988 et
527 929 558 989 iu
582 927 689 1006 coelis,
712 935 744 988 et
763 945 844 1006 quae
855 927 1016 988 solverent
1027 946 1072 986 su-

142 1032 198 1093 per
219 1019 342 1090 terram,
363 1011 465 1072 solutu
481 1010 788 1091 esseutetiucoelis,
811 1018 918 1090 utque,
942 1029 1072 1091 quorum
1170 1040 1174 1071 ε

145 1096 204 1176 ipsi
227 1094 418 1157 dimitterent
439 1102 581 1176 peccata,
603 1093 730 1155 dimissa
750 1095 861 1174 forent,
885 1112 1018 1174 quorum
1032 1112 1074 1155 re·

142 1180 289 1257 linerent,
321 1178 422 1239 forent
442 1185 474 1238 et
493 1185 622 1256 retenta,
644 1180 697 1258 qui
719 1197 782 1239 uou
805 1179 991 1258 sauguinem
1014 1176 1073 1237 hir·

142 1280 259 1342 corum,
281 1269 335 1322 aut
355 1261 529 1343 vitulorum,
552 1262 607 1322 sed
627 1261 762 1323 hostiam
785 1262 899 1337 vivam,
921 1267 1072 1339 sanctam,

141 1344 388 1423 immaculatam,
422 1363 533 1426 corpus
563 1353 595 1407 et
622 1347 804 1426 sauguinem
827 1345 955 1406 Domini
978 1344 1073 1406 uostri

141 1427 211 1488 lesu
234 1427 349 1489 Christi
380 1428 512 1490 offerunt
540 1428 678 1509 quotidie
705 1448 763 1510 pro
791 1428 1074 1508 peccatisnostris,

143 1511 313 1572 conficiunt
334 1511 427 1573 verbo
449 1531 506 1574 auo
535 1532 573 1573 ac
595 1512 736 1574 manibus
757 1518 899 1591 tractant,
923 1517 956 1572 et
977 1511 1074 1573 brevi·

142 1603 190 1656 ter
210 1601 332 1656 sacrata
354 1597 474 1673 omnia,
505 1595 615 1676 quibus
645 1594 821 1657 homiuibus
843 1597 907 1655 vita
929 1595 1074 1674 salusque
1168 1654 1171 1661 ,

140 1677 281 1740 tribuitur
302 1679 483 1760 animarum,
504 1681 567 1740 suis
589 1679 752 1760 perficiunt
768 1679 973 1741 orationibus.

224 1800 366 1879 Quanto,
389 1803 530 1881 iuquam,
550 1802 670 1865 houore
692 1803 749 1865 hos
771 1802 964 1884 praecellere
986 1804 1070 1866 volu·
1168 1798 1172 1807 ’

142 1884 199 1946 erit
220 1884 381 1964 Dominus,
399 1885 467 1964 quis
490 1885 614 1946 tandem
629 1885 788 1968 dubitabit,
810 1885 894 1966 quod
917 1907 980 1948 nec
992 1887 1070 1949 idem

140 1969 208 2049 ipae
229 1969 326 2030 tacuit
346 1970 377 2028 iu
399 1968 583 2050 Evangelio,
604 1989 673 2029 cum
697 1969 771 2031 dicit
786 1970 824 2031 ad
847 1989 917 2031 eos:
942 1969 1004 2048 Qui
1018 1989 1070 2032 vos
1167 1986 1172 2033 l

141 2050 243 2131 audit,
279 2071 330 2113 me
363 2050 461 2133 audit,
499 2059 531 2112 et
563 2053 615 2132 qui
639 2071 695 2114 vos
718 2055 843 2134 speruit,
867 2073 917 2114 me
940 2056 1070 2136 spernit:
1169 2062 1172 2105 i

142 2135 193 2213 qui
215 2141 317 2195 autem
341 2154 388 2195 me
410 2136 536 2215 spernit,
559 2138 676 2215 speruit
692 2143 816 2216 eteum,
840 2139 892 2214 qui
906 2139 992 2199 misit
1014 2157 1069 2199 me.

139 2218 180 2279 Et
202 2217 274 2297 quid
289 2219 506 2297 consequitur?
529 2218 613 2298 quod
635 2221 665 2279 iu
681 2219 811 2301 eundem
823 2219 978 2280 Christum
995 2221 1070 2283 blas·
1170 2244 1173 2283 ÷

138 2301 283 2381 phemum
311 2321 380 2361 esse
409 2308 439 2361 et
462 2302 661 2383 maledicum,
695 2304 747 2382 qui
780 2295 935 2364 sacerdoti
962 2305 1069 2365 Christi
1171 2320 1174 2327 ’

140 2383 334 2464 blasphemat
356 2391 409 2445 aut
431 2384 594 2447 maledicit.

221 2490 271 2551 Au
294 2509 356 2551 uon
379 2491 439 2551 boc
461 2496 508 2551 est
529 2492 660 2572 primum
673 2491 862 2566 mandatum,
884 2492 1069 2554 iu-retribu·

139 2574 237 2635 tione:
259 2573 387 2635 Honora
407 2580 526 2655 patrem
549 2580 581 2635 et
602 2581 748 2656 matrem,
779 2582 812 2635 ut
832 2576 874 2634 sis
897 2575 1069 2656 longaevus

139 2664 382 2739 superterram:
416 2659 467 2736 qui
490 2664 591 2718 autem
615 2658 772 2721 maledicit
793 2660 871 2738 patri
895 2666 949 2719 aut
972 2660 1069 2737 matri,
1173 2676 1176 2683 ’

139 2747 237 2802 morte
254 2742 410 2803 moriatur.
452 2740 597 2819 Numquid
628 2742 667 2802 ad
695 2741 833 2802 carnales
865 2748 985 2802 tautum
1020 2762 1069 2824 pa·

138 2831 239 2885 rentes
261 2823 337 2885 illud
360 2830 407 2885 cst
422 2824 637 2885 referendum?
680 2825 721 2885 Et
741 2845 811 2885 uum
825 2825 926 2884 miuus
950 2825 990 2885 ad
1006 2845 1069 2906 eos,

140 2908 190 2987 qui
213 2926 270 2969 uos
298 2909 328 2968 iu
353 2907 475 2968 Christo
499 2914 772 2988 regeneraverunt,
806 2927 861 2988 per
883 2927 963 2987 quos
986 2908 1071 2970 Chri·

139 2992 229 3051 stiani
251 3011 371 3069 sumus,
396 2993 446 3070 qui
468 2990 557 3052 nobis
580 2997 712 3071 peccata
733 2992 899 3071 dimittunt,
922 2994 976 3071 qui
999 3011 1070 3053 coe·
1177 3064 1181 3083 Ι

140 3074 266 3135 lectibus
287 3093 346 3136 nos
366 3080 498 3155 pascunt
519 3075 739 3135 sacramentis?

222 3180 303 3258 Quid
333 3181 358 3240 si
392 3185 572 3261 peccatores
605 3186 677 3240 sunt
713 3186 745 3241 et
773 3179 845 3239 mali
868 3180 1071 3242 sacerdotes?

140 3262 210 3342 quid
234 3265 259 3323 si
282 3270 313 3324 et
335 3267 490 3344 parentes,
511 3263 647 3344 nunquid
670 3269 834 3343 propterea
855 3282 911 3323 eos
934 3284 999 3325 nou
1017 3264 1070 3325 ho·

138 3364 249 3406 notare
290 3353 343 3408 aut
386 3346 568 3408 maledicere
596 3346 721 3407 licebit?
764 3345 911 3424 Numquid
946 3367 1011 3409 uon
1041 3354 1070 3407 et

138 3427 230 3490 Iudas
253 3436 317 3490 erat
335 3431 414 3491 iuter
436 3450 509 3508 eos,
537 3449 615 3510 quos
636 3430 786 3491 Dominus
817 3430 899 3489 misit
932 3437 1008 3492 aute
1030 3431 1071 3492 fa·

138 3513 217 3576 ciem
240 3532 327 3573 suam
357 3514 449 3575 etad
472 3533 550 3594 quos
573 3513 709 3574 dicebat:
733 3513 915 3590 Quicunque
937 3534 1002 3576 uon
1024 3533 1071 3575 re·

139 3596 256 3675 ceperit
278 3615 351 3676 vos,
385 3615 487 3677 ueque
509 3594 639 3658 audierit
660 3615 818 3658 sermones
840 3600 981 3675 vestros,
1015 3618 1070 3659 ex·

137 3686 245 3740 euntes
267 3680 350 3741 foras
372 3679 411 3741 de
434 3680 527 3742 domo
550 3686 603 3741 aut
614 3681 737 3741 civitate
748 3681 883 3740 excutite
907 3681 1070 3760 pulverem

137 3761 176 3826 de
197 3761 327 3850 pedibus
348 3765 467 3832 vestris.
510 3762 612 3830 Ambo
641 3763 710 3829 dico
733 3762 838 3846 vobis,
874 3763 1071 3831 tolerabilius
1184 3796 1187 3801 ·
