2392 4170
137 234 201 305 412
431 240 593 297 consumtis
609 241 774 298 buthsriana

141 401 204 457 tum
222 397 380 456 nerninem
404 395 498 459 habet
511 398 569 478 'qui
596 399 707 471 iactet,
740 395 887 469 extollat,
914 394 1063 475 inculcet,

140 478 298 554 obtrudat,
331 478 384 539 sed
420 481 504 542 fratri
531 500 588 542 suc
611 480 766 562 (utdixi)
790 478 1062 559 regnamundus

140 564 268 642 cogitur.
312 563 380 624 Huc
409 585 470 626 non
501 574 547 626 est
568 566 749 645 principium
772 563 861 635 fidei,
887 561 1061 623 secundum

140 647 201 707 lucc
223 647 359 725 Magistri
381 650 477 708 nostri
508 648 581 709 nibil
608 649 747 709 iudicant
771 660 873 726 neque
900 646 1060 710 damnant

138 731 203 791 Gur
223 729 304 790 lucc?
335 732 406 810 quia
427 733 517 792 nimis
539 741 588 792 est
609 733 762 808 divinum,
786 737 816 791 et
837 731 943 790 cnrnia
964 729 1061 790 terma

139 813 353 893 ldagistrorum
378 816 492 896 scripta
514 815 586 875 huic
607 815 815 876 adversantur.

161 918 165 923 ·
220 899 347 976 insuper
374 897 444 958 vide
465 899 680 979 llagistrcrum
708 908 883 958 nostrorum
906 897 1060 976 insignem

139 980 336 1060 aequitatem,
360 999 428 1040 cum
452 1000 513 1042 uon
526 984 694 1043 satisesset
715 982 810 1042 latere
832 979 892 1059 hoc
906 980 1059 1040 'mirmur

139 1062 310 1142 decretum,
339 1063 533 1142 adiecerunt,
567 1074 599 1126 ut
628 1066 734 1146 pingui
756 1064 862 1144 glossa
882 1063 975 1122 etiam
998 1065 1060 1125 ert

137 1154 293 1207 scararent
314 1152 345 1207 et
366 1149 615 1229 exstinguerent,
638 1149 786 1209 dicentes:
832 1145 978 1209 Mandata
1000 1145 1059 1206 Dei

136 1229 302 1310 implentur
323 1230 499 1311 dupliciter,
523 1252 585 1292 unc
608 1232 702 1292 modo
725 1229 894 1292 secundum
916 1229 1059 1290 substan·

138 1313 210 1372 tiam
244 1313 416 1390 facturum,
443 1314 510 1377 'alio
544 1315 638 1377 modu
667 1314 834 1376 secuudum
856 1314 1059 1372 intentionem

136 1397 362 1476 praecipientis.
417 1396 486 1458 Huc
529 1401 658 1462 invento
694 1398 827 1478 effugio,
870 1396 921 1456 hul
965 1412 1059 1475 quam

122 1476 264 1557 ’pulchre
284 1480 441 1541 eluserunt
461 1482 648 1543 veritatem?
677 1481 757 1543 Nam
780 1480 854 1540 binc
872 1479 972 1562 gratia
986 1478 1058 1539 ²rituti

137 1579 215 1645 opus
238 1580 307 1623 esse
330 1564 483 1624 duxerunt
504 1565 544 1626 ad
566 1563 889 1645 implendamandata
911 1562 986 1638 Dei,¹
1002 1561 1058 1621 sed

136 1644 385 1726 adimplendam
408 1648 609 1708 intentionem
625 1647 681 1708 Dei
704 1647 783 1709 ultra
805 1645 951 1707 mandata
967 1652 1058 1704 erac

72 1754 75 1759 >
136 1735 211 1788 tam.
255 1728 379 1790 Scilicet
397 1730 486 1790 'Deus
518 1733 791 1811 iniquusexactor
825 1748 888 1790 non
916 1734 964 1788 est
984 1744 1058 1788 cun·

135 1817 237 1872 tentus
258 1812 377 1893 impleri
395 1814 551 1892 mandata,
574 1815 628 1875 sed
652 1817 747 1894 exigit
768 1813 911 1892 ingratia
927 1810 1059 1891 impleri,

136 1899 169 1954 ut
196 1896 297 1974 gratia
331 1898 370 1956 sit
400 1916 464 1961 nou
499 1899 612 1978 gratia,
649 1896 704 1959 sed
739 1897 861 1958 exactio
895 1893 1058 1975 quaedam.

134 1976 254 2057 Nempe
287 1978 347 2058 lsgi
381 1980 436 2040 Dei
469 1982 619 2042 satisfecit
648 1980 775 2041 liberum
816 1978 989 2056 arbitrium,
1027 1983 1059 2037 et

136 2060 219 2119 Deus
241 2061 271 2120 in
294 2061 355 2122 hoc
377 2082 437 2122 nou
462 2069 510 2123 est
530 2071 710 2144 contentus,
733 2071 813 2141 quae
835 2069 882 2122 est
903 2061 1059 2121 sententia

136 2144 271 2203 omnium
294 2145 476 2224 impiissima
498 2153 529 2206 et
550 2148 796 2229 sacrilegissima.
820 2144 880 2205 sec
904 2142 1055 2219 (utdixi)

134 2226 179 2285 sic
200 2226 301 2304 agitur
323 2247 393 2288 curn
416 2231 529 2290 misero
552 2231 612 2290 isto
636 2229 770 2290 decreto.

219 2307 259 2368 At
287 2310 360 2370 illud
389 2313 490 2390 prius,
520 2315 545 2372 si
575 2314 652 2372 velis
683 2310 832 2372 industria
860 2311 983 2390 pietatis
1012 2308 1059 2368 sic

134 2390 297 2470 moderari,
321 2402 353 2452 ut
375 2395 564 2474 impassibile
587 2397 679 2456 eiiam
703 2394 863 2476 dupliciter
885 2397 1058 2472 caperetur,

134 2472 183 2533 vel
207 2474 365 2554 ingratia,
386 2478 434 2537 vel
458 2485 545 2538 extra
567 2480 707 2558 gratiam,
731 2478 781 2537 hic
802 2476 953 2550 manibus,
975 2474 1057 2534 lerrc

134 2562 166 2616 ei
185 2557 259 2635 igue
279 2558 449 2637 obsistunt,
479 2580 579 2639 neque
601 2569 727 2640 tangere
749 2562 867 2632 sinunt,
897 2557 967 2635 sed,
989 2564 1057 2616 utut

134 2646 247 2714 acuat,
291 2643 349 2702 uisi
388 2643 584 2719 confitearis,
631 2644 821 2704 exclamant:
866 2641 1058 2714 Haereticus,

133 2720 329 2796 Haereticus,
361 2726 558 2806 Haereticus,
597 2728 667 2806 quia
701 2726 825 2786 decreta
862 2724 984 2783 Parrum
1006 2740 1057 2781 uc-

134 2812 201 2883 gat,
239 2827 301 2868 nou
334 2809 445 2869 credit*
467 2810 628 2870 ecclesiam
669 2819 825 2885 sanciam,
871 2827 932 2867 nou
974 2813 1059 2865 tenet

132 2889 282 2970 principia
303 2889 384 2952 fidei.
407 2890 544 2954 Obsecro
567 2893 638 2972 quid
662 2892 712 2953 hic
732 2889 941 2965 iaciasaliud,
964 2906 1057 2967 quam

132 2972 288 3050 genimina
321 2976 380 3033 ista
415 2977 587 3055 viperarum
621 2977 684 3055 igni
722 2994 778 3036 suc
812 2970 1055 3057 inexstinguibili

133 3054 217 3115 sinas
238 3057 364 3136 parari?
387 3059 435 3118 An
458 3059 597 3118 dubitare
621 3066 725 3138 potes,
749 3058 831 3117 hunc
852 3055 1053 3135 sophisticum

133 3145 255 3199 coetum
279 3158 471 3221 synagogam
495 3160 563 3201 esse
586 3142 736 3201 satanae?
756 3140 845 3217 Vide,
867 3157 959 3218 quam
984 3136 1055 3196 milri

133 3219 267 3281 obiectet
290 3225 392 3284 vesica
412 3224 665 3285 istaLatomiana
679 3242 747 3284 uum
770 3223 883 3283 fiducia
905 3219 1055 3280 eiusmodi

134 3301 300 3375 dumetum,
322 3314 352 3364 et
374 3326 463 3386 quam
478 3307 692 3386 magistraliter
708 3307 943 3384 nostr-aliterque
954 3312 1057 3363 taceat

133 3385 206 3446 illud
229 3388 374 3468 alterum,
406 3410 534 3470 nempe,
557 3390 640 3469 quod
663 3390 792 3451 illudere
825 3388 947 3448 auribus
972 3385 1055 3446 urbis

133 3470 279 3549 vuluerit,
322 3479 438 3533 tantum
462 3493 500 3532 ne
521 3474 730 3535 chanienses
763 3473 856 3553 impie
887 3472 990 3550 egisse
1013 3470 1055 3529 in·

133 3553 316 3617 renitantur.
738 3580 742 3589 ·

218 3638 359 3718 Amplius
377 3657 460 3719 vero,
482 3638 553 3700 huic
564 3641 677 3720 impiae
700 3646 731 3699 et
744 3638 915 3718 sacrilegae
931 3634 1055 3716 glossae

133 3717 204 3780 vids
225 3728 372 3802 quantum
395 3721 564 3786 tribuerint.
603 3723 733 3800 Ducant,
755 3732 810 3805 par
831 3737 928 3805 spera
943 3732 1055 3784 secuu-
