2392 4170
165 251 230 320 46ss
506 249 597 309 Breve
614 249 756 322 quoddam

166 415 258 479 nobis
280 433 375 497 opum
395 419 428 476 st
448 414 621 476 autoritatis
641 413 819 475 Altissimus
832 413 1011 478 oouoedsrs
1028 415 1101 498 dig.

100 484 109 501 ⁰
167 508 257 562 ustus
280 506 337 578 est,
359 497 392 560 id
415 517 508 560 omns
528 506 560 560 et
580 499 674 560 vitam
697 499 797 578 ipsani
817 516 875 580 pru
896 507 960 560 tam
976 504 1092 560 sanotis

167 581 315 728 loganigus
336 588 368 643 et
386 601 442 663 pro
468 581 569 726 εᾳέιιίο
600 584 833 643 sommissarum
862 580 953 644 nobis
987 584 1092 645 ovium

179 685 189 727 1
211 685 250 728 en
275 684 369 727 ssime
390 684 431 726 ex
453 682 501 726 osr
515 683 597 728 uros.

249 744 370 826 Oetsr'a,
391 685 473 829 uulda
493 755 557 810 tarn
577 748 611 808 in
629 745 888 828 hooLuthersno,
910 766 1005 828 quam
1024 749 1092 811 siiis

168 833 301 913 negotiis
325 832 485 893 vobiscum
512 830 726 912 partiouiarius
753 833 983 894 communicata
1008 834 1092 914 eupi-

168 933 246 995 mus,
270 915 383 977 dilsoto
404 914 469 976 filio
492 914 657 976 quoisoo
670 913 857 995 Ohsragatto
877 915 1092 997 alaotonpm-
1177 902 1182 945 ³

148 999 277 1071 tisoni,
310 1016 402 1079 quarn
430 1016 529 1078 nuper
561 1016 668 1060 mense
690 996 862 1078 Septembri
892 997 933 1060 sd
965 1001 1092 1080 negotia

167 1079 238 1143 fidei
255 1086 287 1143 st
300 1081 459 1163 religionis
481 1089 588 1144 nostro
610 1083 736 1142 nomine
749 1081 907 1142 vobisoum
919 1082 1091 1163 metanda,

168 1171 307 1228 nostrum
330 1172 362 1226 et
382 1165 471 1225 buius
493 1164 627 1227 sanotae
642 1162 731 1226 Sedis
752 1164 915 1246 Nunnium,
936 1165 979 1226 ad
1001 1168 1091 1248 insig·
1175 1188 1178 1197 ·

168 1267 238 1308 uam
255 1249 352 1321 vistum
376 1255 560 1309 nonusntum
581 1250 626 1308 ire
647 1249 801 1325 iussimus,
822 1248 911 1310 vobis
928 1248 1023 1311 latius
1041 1269 1090 1311 ex·
1173 1298 1176 1305 .

168 1331 312 1410 plioanda
332 1333 563 1408 -oommisimus,
601 1333 687 1391 ouius
726 1330 826 1392 verbis
858 1349 915 1392 vos
950 1332 1090 1411 eandem,

168 1433 268 1494 quum·
282 1416 394 1476 nostris
416 1412 612 1495 adhiberetis,
633 1412 726 1474 tidem
749 1412 903 1476 adhibete.

250 1497 363 1559 Datum
386 1496 505 1559 Rornae
532 1497 613 1578 apud
646 1494 681 1560 S.
713 1497 850 1575 Petrum,
885 1497 943 1559 sub
978 1499 1089 1560 annulo
1171 1502 1174 1519 '

167 1579 350 1658 Pitumnus,
374 1581 424 1641 dis
453 1582 503 1646 25.
525 1580 675 1641 Novomb.
699 1582 791 1643 Anno
813 1581 991 1646 M.D.XXH.
1015 1582 1089 1645 Pon

168 1663 300 1725 tifloatus
322 1665 419 1725 nostri
441 1681 523 1724 anno
546 1665 656 1744 primo.

169 1876 282 1975 Breve
323 1886 498 1999 quoddam
540 1885 661 1998 Papae
697 1845 844 1974 Adriani
874 1884 922 1973 il
966 1888 1089 1976 sdrsr·
1167 1902 1171 1963 ἑ

510 2021 562 2063 sus
583 2001 758 2065 Lutherum.

510 2122 539 2184 2.
562 2119 695 2182 Timoth.
719 2120 748 2184 3.

257 2234 443 2316 Insipientia
465 2257 571 2299 sorum
595 2238 756 2298 manifesta
778 2239 834 2299 erit
855 2238 1011 2302 omnibus.

251 2353 342 2434 Sunt,
365 2355 416 2434 qui
439 2374 545 2435 parum
573 2355 686 2415 latinos
714 2360 823 2433 putant
843 2354 996 2434 Papisius,
1040 2354 1088 2415 His

169 2435 383 2515 adnotavimus
402 2437 529 2498 duarum
544 2437 750 2519 Epistoiunrum
773 2437 942 2515 sohemata,
966 2457 1088 2518 quarum

169 2519 296 2581 alterurn
332 2520 486 2582 Adrianus
527 2521 683 2600 Pontifex,
716 2520 843 2580 aiterum
880 2520 1018 2602 Legatos
1054 2519 1088 2582 sd

168 2601 341 2665 Germanos
372 2606 501 2685 scripsit.
544 2605 688 2666 Fortasse
701 2605 791 2664 novis
813 2603 997 2684 quibusdam
1020 2605 1088 2685 figu-

168 2687 209 2747 ris
232 2694 364 2751 utuntur.
408 2687 468 2748 Sed
491 2689 635 2769 ignosces
657 2685 828 2768 hospitibus
849 2687 938 2767 Latii,
961 2687 1088 2750 Macedo

169 2769 301 2851 Legatos
326 2779 383 2848 est,
405 2790 535 2851 graeoo,
557 2771 618 2832 hoo
640 2776 702 2851 esi,
725 2769 866 2830 mendaci
889 2774 990 2853 magis
1011 2775 1088 2852 inge-

168 2855 231 2931 nio,
254 2871 344 2932 quam
359 2852 500 2914 Romana
521 2854 636 2935 lingua.
666 2852 799 2914 Alterius
822 2854 928 2934 lingua
954 2863 986 2916 et
1008 2872 1089 2916 mens

168 2935 283 3017 Papam
312 2936 432 2999 decent.
476 2937 554 2998 Vale
576 2944 608 2998 et
632 2936 786 3018 gratulare
808 2937 971 3018 ecelesiae,
991 2939 1088 3020 palam

167 3018 232 3080 fleri
254 3020 461 3100 insipientiam
484 3022 597 3098 impias
620 3020 708 3082 Sedis
729 3022 908 3101 papistioae.

168 3197 388 3279 Maguiiiois
430 3221 471 3261 ao
511 3201 743 3263 clarissimis
782 3203 959 3265 Dominis
1001 3204 1090 3266 Con·
1170 3250 1174 3275 ,

167 3279 282 3342 suiibus
316 3291 353 3343 st
378 3283 504 3346 Senatui
534 3285 672 3347 Civitatis
694 3285 952 3370 Bambergensis,
988 3290 1090 3350 amieis

475 3371 586 3430 nostris
610 3370 785 3432 carissimis.
915 3372 919 3379 ’

249 3499 404 3580 Magnifioi
427 3522 465 3564 aa
497 3504 656 3566 clarissimi
679 3503 821 3586 Domini,
854 3508 899 3567 uti
911 3508 947 3591 a)
973 3511 1091 3573 Fratres

163 3688 315 3820 stgtggq'
337 3688 364 3743 d.
383 3691 446 3747 Non
473 3697 538 3747 sunt
555 3690 673 3758 fratros,
704 3693 756 3750 ssd
783 3710 835 3752 nos
865 3691 1001 3771 fingimus
1032 3720 1091 3764 a„
