2392 4170
389 253 529 306 Ambrosii
549 252 703 308 Cathena.
724 253 803 310 intr.
1005 251 1067 319 383

138 479 382 542 Etrastabit
417 481 621 554 robustos,
658 487 697 541 et
724 481 912 561 populum
947 480 1065 543 Sanc·

540 575 671 627 torum.

222 713 305 774 Idem
330 715 368 776 de
391 715 561 790 Antiocho,
595 717 692 796 figura
714 735 829 795 papae,
861 716 934 776 dicit
956 717 1065 779 Daniel

138 799 241 877 capite
264 806 391 858 octavo:
415 799 454 858 Et
477 797 588 858 deiecit
609 799 714 858 stellas
739 798 826 874 coeli,
850 807 880 858 et
903 801 1062 862 conculca·

140 882 184 941 vit
206 899 276 958 eas,
298 890 328 941 et
350 881 487 941 Christus
504 882 609 942 Matth.
625 883 673 943 24.
696 883 725 940 in
751 901 883 941 errorem
908 884 1064 945 ducendos

138 964 255 1024 electos
277 964 434 1043 praedicit,
459 972 490 1024 et
513 964 623 1024 Paulus
634 962 669 1042 *l
693 963 848 1024 efficacem
867 985 1000 1026 errorem
1023 966 1066 1026 fu·

138 1055 238 1107 turum
272 1049 391 1108 asserit.
435 1047 465 1107 Si
496 1067 568 1107 vero
596 1049 667 1107 mihi
696 1048 853 1126 indulgere
876 1048 1003 1129 vellem,
1036 1056 1066 1111 et

137 1129 284 1190 hebraica
307 1129 399 1190 verba
421 1132 592 1209 acciperem
614 1134 644 1190 in
668 1150 705 1191 eo
720 1150 820 1205 sensu,
844 1141 875 1190 ut
896 1151 951 1211 pro
976 1132 1064 1194 robu-

138 1216 191 1272 stis
227 1213 354 1289 robora,
389 1231 444 1292 pro
479 1215 593 1293 populo
626 1213 806 1274 Sanctorum
842 1216 1001 1293 apostolos
1034 1225 1065 1278 et

141 1296 355 1375 Evangelistas
386 1300 616 1376 interpretarer,
644 1297 674 1356 id
708 1297 789 1375 quod
820 1298 914 1358 verba
938 1318 997 1358 uon
1021 1301 1064 1359 in·

140 1381 201 1438 vita
223 1379 295 1438 mihi
319 1379 500 1459 concedent,
523 1387 735 1455 senensesset,
757 1399 870 1460 papam
884 1381 974 1440 talem
988 1382 1063 1460 fore,

137 1463 188 1540 qui
205 1461 376 1540 Scripturas
401 1471 524 1522 sanctas
550 1475 647 1542 (quae
670 1464 791 1522 unicum
805 1462 897 1523 robur
913 1465 1063 1526 ccclesiae

138 1550 225 1617 sunt)
251 1555 281 1604 et
305 1546 451 1625 populum
476 1546 672 1623 Sanctorum,
703 1546 732 1605 id
756 1554 819 1623 est,
849 1547 1009 1626 apostolos
1033 1558 1064 1608 et

138 1628 362 1707 evangelistas,
392 1638 615 1708 corrumperet,
642 1628 784 1708 perderet
813 1636 844 1689 et
865 1639 1008 1706 vastaret,
1032 1640 1063 1691 ut

138 1714 186 1789 qui
212 1712 295 1770 nulla
316 1714 479 1772 autoritate
501 1712 678 1792 Scripturas
704 1713 799 1772 teneri
829 1720 860 1772 et
886 1715 955 1793 capi
980 1716 1062 1791 velit,

137 1793 191 1853 sed
214 1813 322 1854 omnes
345 1794 516 1875 Scripturas
547 1797 584 1854 ad
608 1815 694 1855 suam
725 1795 880 1855 libidinem
911 1805 1063 1876 torqueat,

137 1877 298 1957 depravet,
327 1886 504 1957 corrumpat
533 1899 569 1938 ac
591 1878 715 1959 perdat,
744 1880 822 1937 sicut
850 1899 957 1940 revera
979 1882 1061 1944 facit.

137 1959 204 2021 Hoc
226 1980 335 2036 sensu,
363 1959 393 2019 id
423 1960 506 2040 quod
535 1963 685 2040 sequitur,
716 1980 812 2040 prona
840 1966 1063 2045 consequentia

137 2045 283 2122 sequitur.
326 2043 399 2104 ldeo
424 2046 504 2104 enim
527 2044 690 2124 Scripturis
720 2045 805 2104 nolet
828 2048 912 2124 cogi,
943 2066 1000 2106 nec
1030 2049 1060 2106 in

139 2128 277 2186 ordinem
300 2119 407 2205 redigi,
430 2129 501 2205 quia
523 2147 579 2188 suo
603 2129 728 2188 arbitrio
751 2129 845 2188 libere
867 2131 971 2189 omnia
989 2131 1061 2190 velit

135 2211 208 2289 geri,
233 2210 308 2281 dici,
333 2209 447 2286 doceri,
468 2211 596 2290 intelligi
619 2222 649 2271 et
671 2213 870 2291 interpretari.
915 2212 1005 2287 Quod
1029 2223 1060 2274 ut

136 2294 287 2370 obtineat,
311 2294 411 2372 potius
435 2295 538 2354 omnia
559 2296 735 2374 corrumpit,
758 2305 787 2354 et
808 2294 1059 2356 libidinosissime

137 2375 400 2454 audacissimeque
430 2377 658 2454 interpretatur,
693 2395 785 2456 quam
818 2388 851 2438 ut
879 2399 969 2438 sensu
1002 2400 1059 2441 suo

136 2459 233 2535 cedat,
256 2468 311 2528 aut
324 2478 442 2519 errasse
464 2479 501 2519 ac
515 2460 595 2520 mala
610 2462 711 2539 egisse
723 2460 817 2522 videri
831 2461 912 2538 velit,
937 2473 967 2522 ut
982 2463 1059 2524 haec

138 2543 236 2602 multis
258 2542 409 2621 exemplis
433 2543 514 2602 clare
543 2544 646 2603 doceri
669 2554 782 2622 queant
810 2546 840 2603 in
864 2546 926 2603 suis
949 2546 1059 2606 Decre·
1128 2562 1129 2565 ’

136 2627 185 2701 tis,
222 2626 272 2685 ubi
306 2645 456 2704 nusquam
490 2645 551 2685 non
590 2627 738 2706 depravat
769 2627 851 2687 dicta
873 2626 1058 2708 Scripturae,

135 2707 242 2768 Christi
266 2719 296 2768 et
318 2709 537 2788 apostolorum.
581 2709 649 2769 Hoc
679 2719 725 2770 est
753 2709 834 2789 quod
865 2730 946 2770 nuuc
968 2711 1058 2772 dicit:

318 2889 363 2949 Et
392 2890 436 2950 ad
466 2909 615 2951 sensum
645 2911 751 2952 suum
781 2893 863 2953 erit.

214 3040 306 3116 Quod
339 3041 481 3103 hebraice
515 3042 622 3102 dicitur
660 3044 732 3104 Veal
763 3044 923 3123 Schicth,
956 3055 986 3106 et
1018 3048 1057 3108 ad

133 3143 253 3184 sensum
268 3145 367 3195 suum,
391 3133 422 3185 ut
433 3127 642 3205 subintelligas
656 3128 791 3204 verbum,
815 3131 880 3207 erit,
894 3130 942 3189 vel
956 3131 1058 3211 faciet,

134 3200 179 3266 ve'l
208 3207 324 3287 aliquid
359 3209 518 3270 eiusmodi.
572 3210 630 3269 Hic
664 3213 796 3290 tangitur
829 3214 948 3293 insigne
983 3213 1056 3274 illud

132 3293 276 3370 papensis
305 3293 405 3371 regni,
434 3311 494 3370 quo
519 3293 658 3352 omuibus
682 3296 821 3373 superior·
843 3316 924 3376 papa
946 3298 1056 3357 nullius

131 3374 244 3434 iudicio
267 3374 426 3435 subiacere
456 3375 592 3436 docetur.
645 3376 761 3438 Omnes
790 3380 870 3438 enim
892 3382 959 3459 ipse
981 3381 1055 3441 iudi·

131 3475 199 3517 care
224 3457 298 3536 vult,
323 3477 341 3516 a
364 3460 485 3518 nemine
506 3461 650 3539 iudicari,
679 3461 757 3521 sicut
779 3462 894 3523 iactant
915 3462 1056 3524 scelerati

185 3749 211 3817 ⁴)
231 3748 257 3804 2.
276 3749 374 3803 Thess.
392 3749 416 3804 2.
