2392 4170
90 1628 96 1771 l

371 248 534 322 munem
552 248 588 305 n.
608 249 642 303 u
660 249 810 307 cauma.
998 247 1062 317 139
1111 326 1114 331 ⁵

147 405 204 484 usis
225 423 286 466 nen
302 403 598 467 iersstsnticlrristo
621 405 802 485 impiissimo
825 411 856 466 et
876 405 1061 467 rudissimni

147 487 224 564 Quod
246 489 353 570 optimi
376 488 517 549 homines
538 488 715 551 discernunt
725 490 897 550 haereticos
920 489 959 550 nb
982 509 1062 551 erru-

148 574 219 649 sris,
239 578 272 633 et
291 572 350 633 lios
373 571 411 633 sb
435 572 609 647 cilensivis,
642 573 699 633 lios
720 594 739 634 e
761 572 968 650 scendelosis,
1001 592 1062 653 qus

149 657 311 718 tutissime
333 657 579 717 certissimorum
601 656 759 717 hominum
783 656 979 718 distinctione
1001 657 1062 717 col·

149 737 265 819 innius,
282 758 445 805 erroneum
458 759 519 801 non
543 759 612 800 esse
623 740 818 801 haereticum.
856 739 946 816 Quod
959 747 1060 800 autem

148 821 319 884 lrserelieun
339 842 402 884 non
426 833 483 898 est,
505 823 578 902 quid
599 823 639 884 ed
661 823 857 884 damnatores
879 824 1059 884 ecclesiasti-

150 923 207 984 σοι,
233 908 283 986 qui
313 907 414 967 solum
448 908 601 967 haeretica
638 907 783 967 damnare
813 906 945 968 debent?
981 907 1060 967 Nem

151 988 218 1066 qnod
239 990 426 1050 haereticum
457 1010 518 1051 non
543 999 607 1068 est,
636 989 821 1051 catholicum
847 997 908 1066 est,
939 989 1061 1050 Christo

151 1071 267 1133 duum
291 1071 349 1148 Qui
371 1080 495 1134 nonest
516 1081 622 1134 contra
636 1093 702 1149 vcs,
723 1093 779 1154 pro
803 1073 891 1135 vobis
905 1082 960 1132 est.
994 1073 1060 1133 imo

150 1154 244 1217 vellem
265 1155 330 1217 deri
354 1157 426 1216 mihi
455 1156 582 1218 abistis
608 1158 678 1217 viris
706 1155 875 1236 magnificis
897 1156 1058 1216 articulum

152 1257 294 1301 snsuesm
323 1241 353 1299 in
382 1240 528 1316 ecclesie,
565 1241 615 1319 qui
644 1258 706 1300 non
735 1242 773 1299 sit
802 1240 983 1300 haereticus.
1028 1238 1058 1299 Si

152 1323 217 1383 enim
236 1341 381 1383 erroneus
409 1330 472 1401 est,
505 1323 578 1384 nihil
606 1323 706 1384 differt
734 1322 773 1383 eb
801 1322 972 1396 haeretico,
1003 1323 1060 1381 nisi

155 1407 304 1482 nulisncie
333 1408 507 1469 asserentis.
562 1406 673 1468 Omnle
701 1408 781 1466 enim
805 1406 973 1486 aequaliter
1009 1411 1062 1464 sut

154 1507 209 1549 vers
227 1500 280 1551 sut
301 1489 379 1550 ielse
401 1497 481 1567 sunt,
503 1490 573 1551 licet
587 1490 713 1551 effectus
734 1492 765 1550 in
790 1509 852 1551 unu
865 1489 968 1568 aliquo
988 1507 1061 1548 ver-c

154 1576 194 1632 snt
217 1573 290 1633 lelsc
313 1574 411 1633 maior
433 1577 464 1635 et
491 1575 589 1634 minor
616 1593 685 1634 esse
711 1574 819 1654 possit.
864 1572 958 1633 Vides
987 1589 1060 1650 ergo

154 1653 241 1714 lterum
269 1654 402 1717 bullatos
436 1676 522 1718 meus
563 1676 623 1717 non
660 1677 753 1738 posse
786 1656 944 1718 articulum
988 1654 1059 1714 mihi

90 1776 94 1795 .
155 1745 319 1813 monstrare,
352 1741 404 1818 qui
426 1759 571 1800 erroneus
594 1741 648 1819 sit,
677 1747 708 1800 et
729 1759 789 1800 non
814 1740 1000 1812 haereticus,
1030 1745 1061 1797 et

154 1820 241 1883 lterum
265 1820 373 1882 lsllsre
394 1825 473 1884 sieut
486 1824 627 1900 furiosos,
645 1824 696 1901 qui
708 1823 848 1883 nesciunt
863 1822 934 1902 quid
950 1822 1061 1898 dicent,

155 1901 315 1966 &mesmes
346 1907 376 1965 in
405 1915 544 1984 ventum,
579 1920 739 1967 erroneum
772 1926 833 1968 non
864 1906 1062 1976 haereticum,

154 1988 191 2064 qul
210 2007 269 2049 nen
292 1991 391 2068 pessit
414 2009 482 2050 esse
504 1991 534 2048 iu
548 1988 648 2068 rebus,
672 2008 772 2069 neque
789 1989 899 2071 verbis,
925 1997 965 2060 ut,
989 2005 1062 2066 que·

90 2154 92 2159 ¹
153 2067 185 2131 lus
202 2080 270 2134 suut
293 2073 422 2151 articuli,
445 2073 513 2132 telis
538 2074 576 2133 sit
598 2079 629 2132 et
649 2073 815 2134 damnatio·

215 2155 274 2215 Par
303 2155 455 2234 sepientis
477 2163 537 2231 est,
568 2155 784 2216 scandalosnm
814 2173 897 2230 esse,
930 2155 979 2233 qni
1004 2172 1061 2214 nec

151 2236 176 2296 sil
198 2237 391 2316 hacreticus,
425 2257 483 2299 nec
505 2258 660 2300 erroneus.
711 2239 815 2319 Detur,
838 2238 984 2315 obsecre,
1013 2239 1063 2297 ille

150 2337 195 2381 nnn
216 2320 312 2381 mede
335 2322 366 2380 in
390 2323 476 2397 meis,
498 2321 552 2382 sed
574 2323 604 2382 in
628 2323 762 2382 omnium
782 2322 938 2382 huminum
961 2320 1062 2381 verbis

149 2404 305 2483 tlscriptis
340 2403 379 2463 nb
408 2405 496 2465 initio
524 2405 627 2465 mundi
657 2423 754 2484 usque
781 2408 809 2464 in
839 2405 941 2465 linem.
987 2403 1062 2479 Quis

149 2503 203 2567 ligo
228 2487 309 2548 haee
339 2493 482 2566 portenta
510 2490 647 2566 cogitare
676 2490 779 2568 coegit
806 2489 943 2568 pepistss
966 2506 1062 2563 meos,

144 2570 186 2633 mi
207 2570 334 2631 inscitia
348 2570 486 2632 furiosa?
509 2573 564 2630 nisi
578 2572 655 2634 forte
677 2571 877 2632 scandalosos
895 2570 1061 2650 appellent,

142 2670 192 2733 quc
215 2652 313 2715 modo
337 2656 401 2713 veri
431 2661 460 2714 et
492 2654 633 2715 cdthnlici
667 2662 737 2715 sunt
762 2654 925 2714 sendelosi.
982 2653 1062 2712 Nihil

138 2739 209 2799 uim
234 2741 284 2796 est
305 2736 518 2799 scendelcsius
542 2739 682 2815 veritate,
706 2739 768 2798 imo
792 2737 859 2798 sole
882 2737 993 2797 veritas
1016 2742 1063 2795 est

136 2818 319 2884 wendelose
339 2820 479 2898 superbis
508 2829 537 2880 el
564 2822 743 2895 insensatis,
775 2822 853 2880 sieut
881 2820 920 2879 de
941 2819 1062 2880 Christo

134 2901 246 2966 lGnr.
273 2905 300 2964 l.
329 2901 452 2963 dicitur:
481 2904 545 2964 Nos
574 2905 786 2983 praedicamus
814 2903 966 2964 Christum
996 2920 1061 2963 ciu-

135 2986 274 3062 tiflxum,
305 2985 423 3046 ludaeis
447 2986 640 3065 scandalum,
669 2986 811 3065 gentibus
839 2987 1007 3059 stultitiam,
1031 2995 1060 3047 et

134 3068 202 3131 bne.
226 3071 261 3132 2:
285 3067 407 3135 Pusilus
431 3079 478 3128 est
499 3069 589 3130 blein
611 3071 730 3130 ruinam
753 3076 784 3130 et
807 3073 1058 3131 resurrectionem

134 3152 297 3217 multorum
320 3152 351 3211 in
374 3152 479 3213 lsrael.
523 3151 626 3228 Quare
648 3173 716 3213 cum
732 3155 872 3235 papistee
894 3156 952 3215 mei
975 3174 1060 3216 scen-

133 3234 259 3299 delnscs
287 3242 449 3295 secernunt
479 3234 517 3295 eb
547 3237 707 3297 haereticis
731 3243 761 3298 et
793 3240 944 3316 erroneis,
978 3240 1060 3318 qnod

133 3327 235 3381 sutem
258 3317 446 3378 haereticum
469 3326 500 3378 et
521 3339 680 3380 erroneum
704 3340 765 3381 nnn
795 3329 856 3396 est,
883 3322 913 3381 id
936 3323 1060 3384 catholi-

133 3419 201 3465 cum
223 3406 257 3460 et
278 3419 381 3460 verum
405 3421 474 3462 esse
502 3421 630 3463 necesse
652 3405 706 3480 sit,
736 3407 885 3485 sequitur,
914 3408 1058 3468 articulos

131 3483 335 3547 mndsloscs
363 3483 404 3543 el>
430 3485 474 3545 eis
504 3486 633 3566 intelligi
664 3496 694 3546 et
722 3487 858 3549 damnari
889 3491 1058 3552 catholicos

132 3576 161 3628 et
189 3585 293 3626 veros.
340 3566 367 3627 Θ
395 3565 489 3647 digne
523 3568 679 3631 damnatio
710 3572 848 3652 papistis.
891 3573 985 3651 Vide,
1017 3577 1057 3635 mi

131 3649 243 3725 lector,
272 3667 417 3728 quereri·
446 3670 515 3710 sese
544 3658 626 3713 rotet
650 3654 790 3733 impietus
819 3674 928 3730 caece,
964 3666 1056 3736 quain

130 3734 276 3879 mem
297 3731 401 3792 irridet
412 3739 442 3792 et
463 3732 572 3812 illudit,
594 3755 684 3816 quem
697 3737 787 3798 lecile
810 3740 969 3819 canituris
993 3743 1056 3801 suis

207 3815 214 3829 ’
234 3856 245 3896 ,
265 3833 363 3896 quem
375 3814 552 3898 impruden
566 3826 597 3882 et
617 3819 711 3885 strrlts
730 3822 771 3884 sit
790 3821 1062 3891 instantissimis·
