2340 4162
338 237 371 292 or
387 235 423 292 Ι
440 229 522 293 tua
540 230 725 291 madian.
963 230 1004 301 55

75 401 185 455 nostm
206 393 247 453 sd
268 387 368 454 Deum
391 406 446 473 per
461 390 655 452 sacerdotem
678 397 710 451 et
730 392 827 472 exigit
837 391 1008 454 exauditio

75 494 158 552 uem,
176 476 255 537 illud
274 475 449 549 dmoeudit,
469 475 532 535 boc
553 474 709 554 ascendit,
740 473 812 535 ideo
839 472 914 536 iliud
942 495 1005 537 non

75 562 202 641 requirit
222 559 399 620 necessario
419 559 546 638 dignum
568 566 599 618 et
620 560 704 638 pium
726 559 914 634 ministrnm,
946 558 1007 620 hoc

76 664 150 705 vcro
177 645 323 723 requirit,
357 643 428 720 quia
449 641 534 702 Dens
567 649 748 722 peccatores
778 660 842 701 non
871 642 1008 718 exaudit,

77 729 241 807 quinovit
267 746 324 806 per
344 726 442 785 malos
474 724 671 800 benefacere,
704 723 760 784 sed
792 722 904 786 nullius
934 725 1008 786 meli

76 819 221 890 acceptet
243 828 333 889 opus,
354 811 433 868 sicut
455 809 636 868 monstravit
657 810 688 867 in
701 808 788 879 Cain,
811 816 841 867 et
860 808 1005 870 Proverb.

79 898 129 959 15.
141 893 267 954 dicitur:
281 893 433 953 victimae
445 892 608 970 impiorum
621 890 844 952 abominabiles
857 893 1008 971 Domiu03

75 979 167 1038 Rom.
182 979 235 1039 14:
258 976 368 1055 Omne,
391 975 474 1054 qnod
486 993 549 1045 non
563 982 663 1034 estex
685 975 755 1050 tide,
777 983 939 1056 peccatum
952 983 1008 1036 est.

161 1059 204 1121 Ut
231 1066 334 1119 autem
362 1058 454 1118 linem
483 1058 572 1117 huius
594 1059 710 1138 primae
732 1061 827 1139 partis
848 1059 1013 1137 faciamus,

77 1143 200 1223 reliqua
221 1141 409 1222 producturi,
432 1142 484 1202 ubi
496 1143 693 1222 impugnator
703 1143 912 1221 insurrexerit,
936 1152 1009 1204 co'n·

77 1226 231 1287 cludimus
254 1225 459 1286 exomnibos
480 1225 544 1303 bis,
572 1224 754 1302 quibusnam
781 1227 877 1286 missa
898 1226 938 1287 sit
957 1236 1010 1307 ps·

77 1318 156 1389 rata,
176 1317 209 1370 et
231 1311 283 1388 qni
306 1308 399 1388 digne
421 1308 660 1383 communicent,
683 1322 794 1388 nempe
816 1310 874 1371 soli
895 1311 934 1386 ii,
958 1309 1010 1389 qui

78 1395 198 1473 tristes,
225 1390 374 1465 afflictas,
408 1391 617 1471 perturbatas,
640 1391 784 1452 contirsas
812 1401 843 1453 ct
864 1404 1010 1454 enodetis

78 1476 195 1536 babent
215 1476 431 1536 conscientias.
474 1472 554 1534 llam
582 1473 707 1534 verbum
737 1474 858 1537 divinae
879 1477 1010 1557 promis-

80 1560 176 1619 sionis
208 1558 299 1618 buius
327 1558 510 1617 saetamenti
545 1575 613 1616 cum
641 1557 787 1619 exhibeat
812 1568 1010 1640 pcccatorum

83 1643 312 1717 remissionem,
341 1657 449 1700 secure
471 1640 591 1700 accedit
618 1641 791 1720 quicunqne
811 1648 1010 1723 peccatorum

88 1742 205 1784 suorum
228 1731 361 1784 vexatur
387 1724 452 1784 sive
485 1741 606 1798 morsu,
635 1724 702 1783 sive
728 1720 912 1788 titillatione.
957 1716 1012 1786 nst

87 1809 165 1868 euim
185 1815 403 1868 testamentum
425 1807 487 1866 boc
509 1805 620 1866 Christi
643 1806 797 1887 medicina
818 1811 910 1870 unica
925 1824 1011 1889 prae

84 1892 260 1966 teritorum,
292 1891 499 1969 praesentium
534 1897 567 1949 et
604 1889 775 1950 futurorum
802 1892 1012 1972 peccatorum,

83 1974 177 2035 modo
198 1973 372 2033 indubitata
405 1971 467 2032 fide
494 1973 522 2032 ei
551 1972 743 2050 adhaeseris,
777 1979 808 2035 st
837 1975 1012 2053 credideris,

81 2057 136 2117 tibi
157 2051 292 2137 gratuito
315 2055 380 2116 dari
403 2055 451 2131 id,
473 2055 556 2133 qnod
579 2055 673 2115 verba
693 2060 868 2118 testamenti
890 2067 1012 2122 sonant.

83 2140 174 2216 Quod
197 2142 222 2199 si
244 2158 306 2199 non
331 2135 514 2215 credideris,
536 2147 704 2218 unsqdam,
726 2154 897 2219 nunquam,
921 2142 1012 2202 nullis

82 2223 244 2303 operibus,
267 2222 356 2281 nullis
379 2219 486 2281 studiis
509 2224 728 2282 conscientiam
751 2226 865 2302 poteris
882 2239 1012 2367 pacare.

82 2307 174 2366 Fides
204 2307 285 2365 enirn
320 2305 386 2365 sola
415 2311 463 2364 est
495 2323 558 2383 pax
590 2307 814 2385 conscientiae,
849 2309 878 2366 in
903 2308 1012 2369 delitus

82 2398 189 2451 autem
211 2388 280 2449 sola
303 2387 435 2448 turbatio
459 2389 677 2451 conscientiae.

263 2566 316 2626 De
342 2566 599 2628 sacramento
628 2567 834 2648 Baptismi.

170 2721 353 2781 Benedictus
383 2721 467 2780 Deus
498 2728 529 2780 et
556 2728 642 2800 pater
671 2720 794 2782 Domini
821 2718 917 2782 nostri
944 2722 1014 2783 Iesu

85 2805 215 2879 Christi,
252 2807 303 2882 qui
337 2804 505 2864 secundnm
535 2804 656 2864 divitias
685 2805 913 2865 misericordiae
941 2823 1016 2865 suae

84 2888 195 2946 scltcm
219 2887 279 2946 boc
300 2890 660 2948 unicnmsacramentum
683 2890 817 2948 servavit
838 2891 868 2947 in
884 2888 1016 2948 ecclesia

85 2989 143 3030 sna
164 2971 314 3030 illibatam
344 2980 374 3029 et
401 2972 675 3030 incontaminatum
707 2993 724 3030 a
747 2971 1016 3032 constitutionibus

86 3054 262 3129 hominnm,
292 3053 482 3132 liberumque
503 3053 576 3113 fecit
608 3055 749 3113 omuibus
780 3054 922 3134 gentibus
954 3073 1017 3113 om-

88 3139 233 3214 niumque
268 3137 426 3196 hominnm
459 3136 633 3196 ordinibus:
675 3155 732 3196 nec
760 3155 870 3215 passus
893 3143 956 3213 est,
988 3142 1018 3194 et

88 3221 187 3298 ipsum
212 3221 374 3279 teterrimis
397 3227 541 3297 quaestus
565 3228 595 3278 et
615 3221 803 3298 impiissimis
826 3220 1018 3297 superstitio-

88 3321 159 3361 num
191 3304 341 3381 portentis
371 3304 518 3383 opprimi,
551 3321 588 3361 eo
621 3303 738 3361 scilicet
773 3301 903 3361 consilio
935 3319 1019 3377 nsns,

88 3385 171 3464 quod
195 3386 355 3464 parvulos,
384 3387 434 3464 qui
458 3387 605 3445 avaritiae
628 3393 658 3444 et
679 3386 904 3464 superstitionis
927 3401 1019 3460 capa·

89 3484 141 3527 ces
164 3487 226 3527 non
250 3478 330 3542 sunt,
355 3488 394 3528 eo
416 3468 513 3528 voluit
524 3468 645 3544 initiari,
668 3476 698 3527 et
720 3467 946 3546 simplicissima
959 3464 1021 3523 fide

90 3551 173 3612 verbi
203 3553 250 3610 sai
280 3551 479 3626 sanctificari,
509 3544 618 3629 quibus
648 3556 679 3611 et
706 3551 900 3628 potissimum
929 3546 1023 3606 hodie

90 3634 217 3713 prodest
249 3635 428 3715 baptismus.
481 3634 560 3693 Nam
594 3634 619 3692 si
652 3633 763 3693 adultis
796 3639 827 3692 et
856 3628 1022 3690 maioribus

92 3717 274 3780 maden
293 3726 376 3780 esset
397 3719 458 3779 hoc
479 3723 721 3794 sacramentum,
743 3728 807 3776 non
829 3714 949 3774 videtur
970 3727 1024 3793 po·
