2392 4170
138 213 202 282 196
487 212 532 273 Da
549 212 715 287 abroganda

220 386 289 447 Huc
317 388 461 468 pertinet,
493 388 576 467 quod
609 387 721 466 laqueo
750 386 911 447 animabus
956 385 1060 466 posito

139 469 283 552 probibet
302 468 494 531 clandestina
508 471 712 548 matrimonia,
734 478 767 530 et
786 476 890 530 tamen
900 475 1062 529 contracta

139 551 318 630 confirmat,
346 555 450 614 invitis
486 554 671 633 parentibus.
721 553 768 613 lta
805 551 886 613 filios
919 559 952 612 et
978 550 1060 612 illias

138 637 314 717 parentibus
343 637 513 717 rebellare,
538 647 570 698 et
596 644 704 697 contra
735 655 842 697 eorum
868 635 1060 696 voluntatem

139 719 365 780 matrimonium
393 738 517 780 servare
539 721 663 781 docens.
698 718 758 793 Qui
780 720 805 779 si
827 717 993 779 dimitteret
1012 718 1061 779 ins

137 811 301 885 parentum
313 805 459 863 intactum
469 803 626 865 etobedire
639 802 765 863 doceret
778 800 858 862 filios
870 800 1060 881 parentibus,

137 885 296 965 nibilopus
310 886 390 946 forst
403 887 556 946 suastnlta
568 896 598 947 et
611 885 725 946 stolida
737 886 806 966 lege
814 884 854 946 de
860 884 1060 945 clandestinis

138 970 348 1032 matrimoniis.
391 968 470 1043 Quin
499 972 663 1031 autoritate
691 980 852 1049 parentum
879 966 1059 1028 iamdudum
1088 1036 1095 1047 ‚

138 1052 221 1111 nulla
251 1060 371 1127 essent,
392 1071 549 1131 nunquam
584 1055 674 1113 etiam
704 1052 834 1111 fuissent
866 1050 1059 1111 clandestina

139 1135 344 1211 niatrimonia,
366 1136 533 1196 scientibus
555 1135 640 1205 titiis,
664 1154 725 1197 non
748 1152 893 1215 passuros
915 1142 1060 1214 parentas

137 1237 242 1278 eornm
265 1218 389 1279 occulta
410 1220 576 1299 sponsalia.
619 1218 660 1279 Et
685 1226 787 1278 tamen
820 1216 901 1279 banc
921 1216 1060 1278 inobedi-

137 1303 249 1363 entiam
279 1303 368 1361 vestit
395 1322 456 1362 nou
486 1301 586 1366 solum
614 1303 718 1381 specie
744 1300 903 1381 praedicta
928 1300 1057 1361 Romani

138 1382 294 1444 Pontifleis
317 1384 503 1465 obedientia,
526 1385 581 1445 sed
604 1384 687 1465 quod
709 1386 936 1444 matrimonium
959 1400 1058 1444 sacra

137 1475 271 1528 mentum
295 1477 325 1526 et
347 1467 474 1528 liberum
497 1487 566 1528 esse
587 1468 670 1539 vult,
698 1467 781 1546 quod
801 1468 869 1547 ipse
890 1474 994 1528 tamen
1016 1466 1057 1526 in·

136 1548 229 1611 linitis
251 1549 370 1629 laqueis
394 1557 537 1611 vexatum
551 1560 636 1612 tenet
656 1552 905 1631 captivissimum.
938 1550 987 1610 lta
1005 1549 1056 1609 do·

136 1641 186 1694 cet
208 1635 385 1693 mandatum
407 1634 464 1694 Dei
486 1634 650 1694 tenendum
680 1635 785 1714 specie
807 1633 986 1712 verborum,
1013 1650 1057 1692 re-

137 1735 209 1776 vera
231 1724 334 1776 autem
356 1716 448 1777 docet
458 1717 701 1778 conculcandum
723 1717 824 1797 impiis
848 1718 910 1776 anis
928 1716 1056 1796 legibus.

29 1798 37 1807 ’
137 1798 244 1860 Sciant
263 1801 370 1879 itsque
391 1809 546 1880 parentes,
567 1800 625 1861 sibi
646 1802 694 1860 ius
716 1819 785 1860 esse
807 1800 1004 1859 matrimonia
1023 1795 1058 1857 fi·

135 1882 247 1943 liorum
269 1883 354 1943 irrita
375 1883 517 1961 faciendi,
540 1892 571 1943 et
591 1883 645 1943 lilii
669 1885 768 1944 sciant
788 1902 858 1942 sese
869 1882 997 1943 obedire
1007 1880 1058 1942 de·

136 1965 209 2026 bere
230 1966 259 2025 in
282 1965 327 2025 bis
350 1976 381 2026 et
402 1967 432 2026 in
456 1966 615 2046 omnibns,
638 1986 718 2046 quae
743 1975 851 2027 conus
871 1963 974 2026 Deum
995 1982 1057 2025 non

135 2055 217 2127 sunt,
238 2048 414 2128 parentibus
436 2052 510 2130 suis,
532 2058 563 2111 et
578 2052 772 2110 matrimonia
792 2067 849 2109 sua
870 2048 994 2109 occulta
1014 2048 1056 2108 ni·
1102 2124 1105 2133 Ι

136 2131 177 2192 bil
201 2150 280 2210 esse,
303 2133 362 2191 uisi
382 2151 420 2192 es
442 2134 562 2193 demum
585 2135 750 2213 impetrent
784 2132 889 2192 humili
923 2149 1058 2210 preces

135 2214 312 2296 parentibus
334 2224 401 2275 rata
421 2216 537 2291 haberi,
559 2225 590 2276 et
610 2223 807 2276 exsecrentur
827 2216 942 2295 Papam
964 2216 1055 2275 istum

135 2298 343 2358 adversarium
367 2296 426 2359 Dei
448 2319 516 2359 cum
539 2301 601 2359 suis
624 2299 752 2379 legibus.
798 2299 853 2358 Die
875 2298 972 2372 mihi,
1003 2316 1056 2358 cur

135 2399 197 2441 non
218 2381 302 2442 luere
325 2382 515 2442 claudestina
538 2385 732 2443 matrimonia
749 2384 778 2440 in
802 2382 917 2461 populo
940 2379 1056 2442 lsrael?

135 2463 215 2524 unde
236 2464 287 2524 hio
308 2466 411 2526 titulus
432 2467 505 2526 iuris
527 2468 556 2525 in
582 2467 723 2541 ecclesia,
746 2466 803 2524 nisi
826 2485 865 2524 ex
887 2463 1025 2525 Satauci

215 2545 301 2608 Idem
328 2548 367 2608 de
395 2547 466 2609 tiliis
494 2549 673 2629 religionem
709 2546 951 2629 ingredientibus
979 2546 1055 2607 iudi·

133 2631 264 2691 candum
287 2639 344 2707 est,
366 2639 399 2691 ut
421 2640 565 2713 parentes
586 2635 634 2693 ius
650 2631 848 2692 habeanteos
862 2629 1055 2709 extrahendi,

132 2715 159 2773 si
175 2715 277 2774 invitis
294 2715 338 2774 eis
360 2715 471 2776 suerint
492 2717 632 2796 ingressi,
655 2716 704 2775 vel
726 2734 804 2795 opus
820 2715 863 2774 eis
883 2713 1056 2789 habuerint,

136 2796 212 2858 nibil
234 2806 339 2858 curata
360 2797 532 2879 hypocrisi,
555 2801 580 2859 si
603 2800 722 2859 interim
747 2799 908 2873 voverint,
936 2798 997 2857 rasi
1025 2807 1057 2857 et

133 2881 216 2941 uncti
237 2881 267 2940 iu
290 2882 468 2943 sacerdotes
496 2883 615 2944 luerint.
657 2882 739 2942 Nihil
779 2889 825 2941 est
847 2899 951 2941 coram
976 2880 1057 2957 Deo,

133 2964 216 3042 quod
237 2983 291 3044 per
312 2973 472 3044 parentum
483 2966 723 3027 inobedientiam
745 2972 865 3044 gestum
891 2972 948 3030 est.
991 2962 1056 3024 Sia·

132 3054 165 3106 ut
185 3047 259 3108 nibil
282 3059 347 3123 est,
378 3049 403 3108 si
425 3051 562 3110 coniunx
589 3051 685 3109 invito
714 3050 867 3127 coniunge
888 3047 1055 3127 religiosus

135 3138 189 3190 aut
210 3129 355 3190 sacerdos
377 3130 440 3194 fiat.
478 3131 577 3208 Quam
600 3134 679 3192 enim
704 3132 754 3192 hic
776 3132 848 3191 nibil
872 3138 927 3208 est,
950 3131 977 3189 si
995 3129 1056 3190 iao

132 3218 175 3273 tet
196 3214 332 3273 coniunx
353 3213 392 3273 ad
415 3215 528 3275 cultum
547 3216 604 3276 Dei
627 3235 696 3279 sese
717 3215 903 3294 transivisse,
925 3220 989 3274 tam
1010 3213 1057 3273 ni·

131 3294 173 3354 bil
195 3305 265 3375 est,
287 3296 371 3376 quod
391 3298 477 3379 Papa
505 3301 668 3377 mentitur,
696 3299 768 3359 dum
790 3296 921 3358 filiorum
949 3296 1057 3357 inobs

132 3378 279 3439 clientium
302 3379 468 3460 religiones
481 3381 615 3443 defendit
637 3382 784 3443 adversus
808 3380 986 3442 mandatum
997 3378 1057 3440 Del

55 3516 60 3523 .
131 3460 247 3542 dicens,
270 3462 385 3523 cultum
407 3462 466 3526 Dei
489 3484 561 3526 esse
589 3485 681 3545 super
702 3472 861 3546 parentum
885 3462 1055 3525 obedienti·

130 3562 190 3607 am.
233 3545 302 3606 Non
324 3556 371 3607 est
393 3549 492 3608 cultus
513 3550 568 3609 Dei
591 3549 712 3630 religio,
732 3548 786 3609 sed
808 3547 941 3627 fingitur.
985 3544 1056 3608 cut-

131 3634 179 3687 tus
202 3626 259 3689 Dei
279 3635 326 3689 est
360 3630 486 3692 obedire
519 3632 671 3693 mandatis
694 3633 775 3711 sius,
807 3631 923 3710 alioqui
945 3648 1056 3690 omues

132 3712 300 3773 monachos
327 3711 392 3791 fieri
420 3716 589 3797 oportebit,
612 3735 680 3776 cum
711 3716 808 3776 cultus
831 3715 887 3776 Dei
918 3732 1056 3776 commn-
