2392 4170
297 257 408 313 Batiam
427 256 515 315 laon.
534 258 567 313 L
587 258 710 314 damnat
728 275 753 313 a.
774 260 853 319 1620.
979 260 1040 328 175

137 411 216 473 nundi
238 419 271 474 et
291 414 382 475 simui
401 412 562 492 immundi,
584 418 617 474 ut
626 416 749 495 purgari
772 424 893 496 egeant,
915 419 966 496 qui
982 419 1040 478 nisi

135 496 215 557 nundi
247 504 369 578 essent,
401 497 531 558 fructum
564 515 626 557 non
661 498 828 559 afferrent?
864 499 929 559 Nisi
957 500 1039 580 quod

133 596 216 640 verum
238 586 298 659 est,
322 582 405 660 quod
427 581 509 640 idem
530 581 553 640 1.
576 581 681 645 loban.
707 588 733 643 1.
756 581 842 644 dicit:
875 582 907 643 Si
929 583 1040 644 dixeri·

132 680 189 741 nu,
209 665 357 744 quoniam
376 669 540 746 peecatum
561 683 624 724 non
646 663 811 743 habemus,
833 668 892 745 ipsi
914 684 972 726 nos
994 686 1040 727 se-

92 786 95 825 3
132 745 264 824 bamus,
300 756 331 807 et
363 749 475 808 veritas
502 749 533 806 in
555 747 645 807 nobis
673 765 734 808 non
759 754 815 811 est.
858 748 983 810 Notavit
1007 749 1038 810 S.

92 836 96 905 t
131 832 310 910 Augustinus,
332 832 415 910 quod
438 848 500 891 non
524 831 616 889 dixit:
651 831 839 909 Habuimus,
868 831 923 890 sed
946 832 1037 892 babe-

92 912 95 961 ἱ
132 930 189 975 lue.
231 913 272 973 Et
298 912 410 976 Psalm.
440 913 537 989 191J:
569 913 692 975 Delicta
719 915 787 993 quis
816 914 978 994 intelligit?
1000 916 1039 975 ab

134 995 239 1058 mltis
277 999 355 1057 meis
386 997 501 1058 munda
529 1016 587 1058 me.
643 997 684 1056 Et
709 997 820 1059 Psaim.
850 995 929 1075 51²)
964 999 1040 1077 petit

133 1081 249 1159 quitum
271 1089 389 1140 rentum
419 1088 451 1140 et
478 1099 533 1140 eor
560 1078 706 1139 mundum
734 1083 765 1140 in
794 1099 828 1140 se
856 1080 938 1158 fleri,
969 1099 1039 1141 oum

131 1160 175 1223 iou
192 1182 254 1224 non
276 1165 336 1223 nisi
356 1164 418 1224 iam
441 1163 572 1224 mundus
595 1182 684 1224 orare
706 1168 821 1243 posset.
854 1163 942 1225 Unde
964 1180 1038 1243 ergo

92 1260 96 1353 ¹,
132 1246 138 1258 ‘
190 1246 383 1308 immunditia
404 1254 467 1307 tam
485 1249 599 1307 sanetis
622 1248 692 1306 viris
715 1249 820 1326 spiritu
842 1245 1039 1325 ferventibus,

92 1356 94 1369 ·
131 1329 224 1389 uadum
245 1331 432 1410 baptisatis?
455 1329 545 1405 Quod
569 1331 682 1390 maium
706 1331 761 1389 has
785 1340 889 1390 movet
911 1332 1039 1389 immun-

131 1410 223 1473 ditias?
251 1414 312 1474 nisi
342 1413 478 1475 rudioaIe
506 1412 579 1473 iilud
604 1414 731 1492 originis
754 1413 882 1490 matum,
918 1412 1039 1490 dequo

92 1550 95 1577 ‚
130 1492 267 1575 ΜΨ)
290 1496 527 1558 Colossensibus
560 1499 674 1556 sanatis
708 1496 828 1556 scribit:
856 1494 1039 1554 Mortificate

92 1602 95 1615 ·
132 1578 249 1640 neutra
270 1589 388 1661 vestra,
416 1598 496 1659 quae
519 1588 589 1640 sunt
611 1598 703 1660 super
725 1589 854 1658 terram,
887 1578 1039 1638 tornius-ti-

131 1676 222 1742 onam,
258 1664 499 1743 immunditiam,
541 1662 714 1740 libidinem,
757 1664 1039 1744 oonoupisoentiam

132 1744 242 1825 mam,
268 1748 448 1828 evantium,
482 1765 544 1807 uon
577 1746 659 1826 quod
693 1747 740 1806 bis
762 1749 898 1826 peoontis
925 1746 1039 1819 serene

132 1844 175 1887 eos
193 1838 308 1910 arguat,
331 1829 387 1890 sed
410 1838 443 1889 ut
464 1839 646 1910 repugnent,
669 1831 774 1890 neeis
797 1831 940 1888 serviant.

198 1912 236 1973 itt
260 1921 293 1972 ut
320 1912 414 1974 finem
445 1913 609 1992 iaciamus,
645 1913 713 1974 sola
743 1913 841 1973 oratio
877 1912 1041 1971 Dominioa

135 2010 218 2055 uonna
246 2014 354 2056 omnes
384 1997 541 2058 oonoludit
573 1996 630 2057 sub
666 2003 846 2076 peecatum,
881 1994 952 2054 dum
976 2012 1039 2054 om·

134 2076 203 2138 nibus
241 2080 465 2159 quantumlibet
499 2082 614 2140 sanatis
655 2079 780 2140 mandat
823 2097 928 2140 orare:
974 2078 1041 2138 Fiat

92 2200 95 2215 ,
135 2159 254 2223 vuinus
276 2171 345 2241 tua,
377 2162 590 2224 Sanctificetur
617 2181 729 2223 nomen
753 2171 855 2240 tuum,
888 2161 1043 2222 Adveniat

92 2224 98 2329 Ι
136 2258 239 2323 mgnum
261 2253 357 2307 tuum.
392 2246 471 2323 Quid
490 2246 663 2324 confitetur,
687 2248 738 2325 qui
760 2249 837 2326 petit
849 2245 913 2305 fieri
937 2245 1042 2305 volun·

92 2354 97 2367 ·
139 2332 207 2387 Nun
227 2330 301 2410 Dei,
333 2331 392 2391 nisi
419 2349 488 2391 sese
510 2330 644 2390 noudum
667 2331 758 2410 plene
779 2331 880 2390 faeere
903 2328 1044 2388 volunta-

142 2412 182 2469 ttn
198 2412 268 2490 Dei,
296 2432 335 2473 ae
355 2432 410 2493 per
431 2415 493 2474 hoo
514 2432 583 2474 esse
605 2415 833 2474 inobedientem
856 2412 947 2473 Deo?
971 2411 1041 2493 (ne-

144 2498 275 2569 wenim
296 2495 378 2557 fiatis
399 2497 450 2558 bie
471 2498 572 2557 verbis
596 2506 730 2577 oratur),
752 2498 813 2557 hoo
835 2496 904 2556 solo
926 2495 1041 2573 salvus,

143 2578 197 2653 qud
224 2582 368 2661 agnoseit
398 2588 429 2641 et
456 2580 639 2661 depreeatur
670 2601 756 2641 suam
790 2580 1041 2656 inobedientiam,

139 2674 164 2719 tt
177 2661 203 2721 in
221 2672 369 2743 quantum
393 2672 461 2725 orat
482 2671 514 2724 et
536 2666 687 2745 agnoscit,
709 2672 827 2724 tantum
848 2664 922 2723 facit
935 2662 1039 2721 voiun-

137 2746 206 2805 ittun
227 2747 302 2826 Dei,
324 2748 355 2806 id
378 2755 440 2826 est,
467 2748 497 2807 in
518 2750 642 2828 spiritu,
665 2747 718 2807 sed
742 2750 772 2807 in
796 2766 903 2824 earne,
934 2755 1042 2805 eontra

136 2841 206 2903 qiam
227 2832 273 2891 sie
289 2836 368 2910 orat,
390 2830 526 2892 nondum
550 2833 631 2892 tabit.
674 2833 719 2891 lta
741 2832 793 2910 qui
815 2832 890 2911 petit
911 2827 1042 2890 sanetifi-

135 2912 181 2971 au
203 2932 315 2975 nomen
337 2914 480 2993 Domini,
508 2933 612 2976 nonne
640 2916 751 2975 fatetur
780 2934 893 2975 nomen
918 2913 1040 2973 Domini

134 2992 215 3057 tdbuo
234 2999 264 3058 in
287 3017 322 3058 se
342 3000 441 3078 pollui
464 2999 635 3080 exparte?
662 2999 746 3078 quod
769 2999 876 3060 dolens
898 2998 1041 3078 depreea-

134 3080 181 3155 tur,
201 3088 231 3141 et
249 3081 393 3162 impletur
413 3082 488 3143 iliud
511 3086 541 3143 in
564 3102 619 3160 eo,
650 3084 759 3144 Roma.
784 3089 818 3148 7:
851 3083 942 3160 Quod
965 3082 1038 3142 nolo

133 3161 244 3245 nuum,
274 3164 336 3226 hoo
357 3166 454 3246 isoio,
486 3169 569 3247 quod
600 3167 672 3228 volo
696 3167 825 3249 bonum,
863 3188 924 3230 nou
947 3167 1039 3229 isoio.

132 3239 171 3303 tia
187 3249 236 3327 qui
269 3248 414 3310 advenire
441 3269 569 3331 regnum
592 3253 649 3312 Dei
678 3255 768 3332 petit,
803 3260 885 3314 certe
917 3271 1038 3312 servum

132 3323 227 3391 diaboii
248 3351 282 3393 se
304 3350 343 3392 ex
365 3340 453 3413 parte
473 3335 645 3416 confitetur,
668 3357 735 3397 oum
759 3338 901 3418 apostolo
920 3338 1040 3398 diosna:

134 3406 215 3474 Video
234 3416 325 3476 aliam
360 3416 460 3497 legem
488 3421 519 3479 in
542 3421 685 3481 membris
708 3424 800 3501 meis,
832 3425 1038 3503 captivantem

135 3510 173 3555 ue
188 3497 217 3557 in
238 3498 336 3580 legem
360 3503 489 3580 peooati.

174 3706 203 3847 ἐξ
221 3709 311 3834 lgled.
331 3712 415 3838 ogig:
437 3711 478 3766 18.
518 3709 552 3779 2)
573 3708 657 3762 lbid.:
676 3709 719 3765 50.

245 3796 328 3838 ooss.
367 3819 374 3836 .
