2392 4170
346 246 442 307 Barth.
461 247 596 308 Bernardi
613 246 839 309 Veltliiroheosis.
996 250 1058 319 111

135 415 195 477 illis
227 414 374 495 refragari
403 415 521 496 possit,
548 433 637 475 mese
664 419 746 474 certe
779 414 988 477 oonsoieutise
1016 413 1060 489 ita

135 498 348 579 satisfsoiunt,
379 509 412 558 ut
432 517 488 584 pro
517 499 561 558 eis
585 499 662 560 mori
696 516 759 558 non
783 496 927 562 dubitem.
970 496 1061 565 Absit

135 583 217 643 enim
245 602 263 643 a
286 583 415 642 meista
444 583 612 662 impietas,
646 576 728 661 duod
762 582 856 643 verbo
880 581 937 643 Dei
966 580 1058 642 velim

135 667 220 727 abuti
255 665 293 726 sd
327 663 467 726 fictitium
498 672 691 745 praetextum
715 667 774 725 mei
796 666 878 730 faeti.
921 664 961 727 dt
989 683 1056 725 eum

135 750 396 826 ieameamer
419 768 487 809 oum
510 749 701 810 conscientia
728 768 797 809 mea
824 749 864 809 sit
885 749 928 811 ita
949 746 1057 810 oonflr·

136 839 228 910 mata,
250 851 328 912 quse
349 833 470 892 tandem
483 831 607 893 durities
622 839 678 912 est,
696 831 787 893 malie
803 851 853 893 ms
866 851 1059 912 oppressum,

136 935 227 995 quam
249 918 361 976 reotius
382 914 604 975 informatum?

219 998 310 1074 Quod
344 1008 445 1059 autem
481 1016 630 1078 seousor,
660 996 742 1076 quod
773 1017 832 1079 ego
864 1017 941 1060 unus
965 998 1056 1060 velim

137 1084 245 1147 toliere
270 1092 301 1142 et
322 1082 471 1160 abiicere,
494 1100 572 1161 quse
595 1101 613 1142 a
634 1081 783 1142 Romsuis
805 1081 1003 1145 Pontificibus
1027 1089 1058 1145 et

136 1166 319 1227 Caesaribus
343 1168 509 1226 constituta
531 1174 620 1243 sunt,
653 1167 720 1244 quis
749 1183 811 1225 non
843 1166 942 1242 videt,
964 1184 1067 1245 quom¹

135 1251 195 1310 hoo
217 1268 275 1310 neo
296 1249 434 1329 possim,
460 1267 519 1308 neo
541 1248 642 1327 velim,
665 1249 826 1308 nonenim
849 1248 924 1310 tollo
948 1249 1059 1329 legem,

136 1344 238 1393 servet
261 1334 312 1412 qui
335 1343 448 1413 potest.
481 1331 543 1393 Sed
567 1331 605 1390 de
629 1331 864 1411 legehominum
887 1331 1057 1393 seeundum

136 1418 338 1496 Evangetium
353 1417 509 1495 dispenso,
531 1415 624 1494 idque
646 1422 796 1494 quatenus
819 1414 937 1493 debeo,
957 1414 1057 1477 debeo

136 1502 217 1559 enim
240 1500 386 1559 maiorem
410 1499 515 1558 salutis
540 1517 627 1558 meae
649 1499 798 1558 rationem
816 1497 940 1575 habere,
964 1517 1055 1577 quam

136 1584 283 1661 omnium,
306 1601 385 1661 quae
408 1588 479 1641 sunt
506 1581 544 1641 ab
567 1582 626 1640 iliis
649 1580 823 1641 hominibus
851 1583 975 1662 posita,
997 1582 1057 1642 Ao·

136 1674 194 1728 tor.
206 1671 235 1730 5.
260 1666 372 1745 Coegit
394 1685 442 1725 me
465 1683 550 1744 ergo,
573 1673 606 1723 ut
628 1664 777 1724 humanas
801 1665 980 1725 traditiones
993 1666 1057 1725 vio*

136 1750 247 1829 ierem,
276 1751 443 1810 necessitas
471 1747 613 1807 servandi
640 1749 713 1807 iuris
736 1745 851 1828 divini,
881 1766 1056 1827 quanquam

134 1836 220 1912 ipsos
243 1835 334 1892 etiam
357 1831 783 1910 Oenones,ipsasque1eges
806 1833 884 1892 adeo
906 1831 1057 1912 benignas
1119 1832 1125 1847 '

136 1919 213 1993 seio,
231 1924 263 1975 ut
285 1917 439 1977 neminem
463 1915 559 1974 velint
581 1914 750 1994 obligatum
774 1922 883 1977 contra
904 1915 1013 1977 Deum.

219 2000 327 2079 Neque
363 2007 410 2059 est
443 1997 525 2078 quod
559 1999 678 2059 causari
711 1997 891 2059 seandaium
924 1998 1055 2079 possint,

135 2103 198 2144 non
222 2093 268 2143 est
289 2085 368 2144 enim
399 2081 540 2143 habende
562 2081 697 2142 scandali
725 2082 803 2143 ratio
831 2083 862 2143 in
884 2081 1056 2144 ooeroendo

135 2178 278 2248 peooato:
302 2169 328 2229 1.
352 2166 488 2230 Corinth.
520 2170 627 2244 10,ut
653 2165 725 2246 quid
753 2166 905 2227 iudicatur
930 2165 1056 2228 libertas

135 2271 205 2310 mea
227 2251 264 2311 ab
288 2251 389 2310 atiena
411 2249 622 2309 conscientia?
664 2249 704 2308 Et
725 2248 862 2310 Christus
885 2250 990 2313 Matth.
1007 2253 1055 2314 to.

135 2336 322 2413 contempsit
343 2332 538 2409 scandalum,
566 2350 634 2392 oum
657 2332 737 2392 idem
760 2342 958 2395 causarentur
979 2351 1056 2414 apo·

133 2418 218 2479 stoli:
242 2417 397 2478 Pharisaei
420 2417 524 2476 audito
554 2415 613 2476 hoo
636 2415 729 2495 verbo
757 2417 952 2477 scandalissti
975 2423 1078 2496 sunt,.

133 2500 373 2582 responditque:
403 2500 500 2560 Sinite
523 2517 587 2579 eos,
613 2499 697 2558 oaeoi
720 2504 805 2577 sunt,
840 2505 872 2560 et
893 2519 1056 2561 esseorum

134 2585 245 2663 duces,
277 2603 387 2647 oaeous
420 2591 522 2643 sutem
554 2583 579 2642 si
609 2599 703 2642 eaeoo
738 2582 881 2643 ducatum
910 2590 1057 2663 praestat,

133 2670 226 2730 ambo
248 2670 278 2728 in
297 2670 418 2728 foveam
440 2665 563 2728 eadunt.
586 2665 640 2741 sis
650 2665 1057 2727 oontemuebatsoandaium

134 2754 283 2830 Christus,
305 2761 337 2811 ut
360 2770 425 2830 eos,
448 2751 499 2829 qui
513 2746 765 2831 praetendebant,
788 2767 899 2809 osseos
920 2757 1056 2831 voearet,

134 2845 166 2898 et
186 2837 355 2897 imitatores
382 2835 488 2894 itidem
516 2834 601 2893 oaeoi
623 2833 726 2911 fuere,
758 2834 809 2912 qui
840 2833 878 2893 de
901 2832 1055 2894 ooeiibstu

134 2927 327 2997 statuerunt,
350 2916 549 2979 attendebant
582 2918 662 2977 euim
692 2917 846 2997 spiritibus
879 2917 989 2977 erroris
1025 2924 1055 2977 et

134 3005 392 3080 daemoniorum,
437 3005 464 3065 1.
485 3001 561 3061 Tim.
595 3002 624 3062 4.
658 2999 735 3062 Sunt
771 3019 845 3081 ergo
886 2999 1055 3061 seoundum

134 3089 246 3151 Christi
269 3086 362 3147 verbs
383 3087 476 3146 etiam
491 3085 586 3163 oaeoi,
608 3085 660 3163 qui
683 3102 751 3145 oum
774 3084 911 3165 perieulo
934 3103 1056 3146 suarum

134 3174 305 3234 animarum
327 3172 377 3230 isti
401 3168 514 3229 erudeli
537 3166 692 3229 traditioni
714 3176 888 3248 paruerunt.

218 3256 315 3334 Mitto,
329 3256 395 3334 quis
413 3255 454 3313 sit
474 3259 564 3313 sutor
581 3250 762 3328 ooelibatus,
775 3251 890 3313 Caesar
903 3271 942 3312 an
955 3250 1053 3333 Papa.

134 3339 319 3421 Apostolum
350 3344 432 3398 oerte
454 3335 580 3396 Paulum
603 3342 726 3396 oonstat
746 3337 869 3413 spiritus
891 3336 1057 3398 mendaoes

135 3442 258 3502 vocare,
281 3423 332 3501 qui
357 3421 537 3498 prohibituri
564 3421 624 3480 sint
652 3421 783 3500 nuptias.
825 3419 896 3481 Non
918 3420 990 3481 volo
1008 3440 1056 3482 re·

135 3507 375 3568 verendissimse
402 3505 548 3584 potestati
571 3503 729 3584 derogari,
765 3502 819 3563 sed
848 3511 949 3564 mmen
972 3502 1057 3565 iubet

133 3591 249 3654 Paulus
271 3591 311 3651 ad
332 3590 501 3667 Romanos,
525 3606 564 3648 ne
586 3588 653 3667 quis
675 3588 707 3647 in
727 3587 804 3668 iilis,
827 3605 907 3666 quae
928 3600 1000 3648 sunt
1020 3587 1057 3648 li·
1144 3628 1146 3637 .

135 3675 261 3737 bertstis
285 3671 512 3756 Evangeiieae,
541 3672 668 3733 alterum
689 3669 819 3748 iudioet,
852 3678 883 3733 et
904 3668 1056 3733 eiusmodi

135 3778 245 3825 causes
276 3767 382 3820 oenset
403 3755 498 3818 solius
520 3755 577 3817 Dei
608 3757 720 3821 iudioio
743 3755 977 3844 relinquendas,
1003 3756 1058 3838 qui
