2392 4170
282 275 393 330 Bussam
412 275 689 330 Leon.X.damnat
712 273 837 330 n.1520.
960 269 1023 337 229
1100 236 1105 270 ι

98 430 225 509 arbitrii,
247 430 320 512 quid
342 449 417 510 ergo
441 428 567 491 liberum
590 428 746 491 arbitrium
769 435 817 489 est
838 428 896 489 nisi
921 447 970 488 res
985 427 1023 489 de

98 514 170 576 solo
193 514 304 575 titulo?
348 512 513 591 Quomodo
535 520 727 594 potestesse
749 512 787 573 ad
811 511 923 573 bonum
938 530 1023 592 prae

98 618 219 678 parare,
242 618 310 659 oum
338 617 395 658 neo
416 598 448 657 in
470 603 625 678 potestate
648 598 703 674 sit,
736 615 808 656 snas
838 596 903 656 vias
926 595 1023 655 malas

98 680 225 742 faeere?
268 681 346 742 Nam
366 687 400 742 'et
422 681 503 741 mala
526 699 620 760 opera
642 681 672 740 in
694 680 796 760 impiis
811 679 895 739 Deus
918 697 1024 759 opera·

98 762 206 840 mal),
229 772 262 824 ut
283 764 406 825 Prover.
430 765 478 827 16.
502 762 591 822 dicit:
626 763 737 824 Omnia
769 769 895 843 propter
917 766 1025 822 semet·

96 849 200 929 ipsum
222 854 366 926 operatua
391 847 610 924 estDominus,
632 847 723 907 etiam
747 846 873 926 impium
886 845 925 906 ad
942 845 1024 906 diem

98 930 225 992 malum.
269 931 308 992 Et
330 931 419 992 Rom.
443 935 485 993 1.:
521 929 659 991 Tradidit
684 928 739 991 illo
763 930 845 990 Deus
868 929 899 989 in
920 946 1024 1009 repro·

97 1013 173 1074 bum
195 1032 334 1092 sensum,
356 1021 390 1074 ut
411 1013 535 1090 iaciant,
557 1032 637 1092 quae
658 1032 721 1074 non
746 1013 942 1074 conveniunt.
984 1011 1025 1072 tat

97 1100 144 1163 9.:
168 1095 265 1172 Quem
288 1097 353 1159 vult
373 1096 511 1176 indurat,
534 1098 619 1156 ouius
641 1097 706 1156 vult
728 1097 895 1158 miseretur.
940 1093 1026 1156 Siout

97 1188 131 1240 et
152 1179 253 1242 Exod.
276 1183 305 1246 9.
329 1179 368 1241 de
388 1179 550 1241 Pharaone
573 1179 661 1239 dicit:
684 1179 717 1240 In
739 1179 801 1240 hoo
821 1181 921 1259 ipsum
944 1178 1026 1241 exei-

98 1265 164 1324 tavi
187 1271 233 1339 te,
265 1272 299 1323 ut
327 1263 488 1325 ostendam
523 1264 664 1323 virtutem
687 1281 786 1322 meam
814 1262 847 1322 in
878 1270 925 1339 te,
953 1260 1023 1322 ideo

98 1347 182 1407 enim
205 1352 252 1407 est
273 1345 412 1408 terribilis
434 1346 518 1406 Deus
540 1347 570 1405 in
590 1344 711 1406 iudioiis
733 1351 763 1406 et
785 1344 928 1426 operibus
951 1345 1023 1408 suis.

184 1428 215 1489 st
237 1448 340 1489 rursus
363 1429 508 1490 Proverb.
533 1432 598 1493 16.:
621 1429 761 1490 Hominis
780 1433 1025 1509 estpraeparars

98 1530 165 1590 eor,
187 1511 311 1573 Domini
336 1520 437 1572 autem
460 1519 507 1572 est
527 1511 698 1592 gubernare
721 1513 867 1592 lingnam,
896 1511 957 1572 hoo
979 1516 1026 1571 est

97 1596 195 1656 homo
218 1596 313 1656 multa
334 1595 415 1656 solet
433 1615 617 1676 proponere,
641 1615 710 1656 oum
734 1604 835 1655 tamen
858 1593 938 1656 adeo
961 1613 1025 1655 non

98 1678 212 1738 sintin
237 1697 328 1739 mann
353 1679 417 1739 eius
440 1697 535 1759 opera
557 1680 638 1754 eius,
660 1685 694 1739 nt
716 1697 774 1738 neo
795 1677 890 1739 verba
910 1678 942 1738 in
964 1678 1026 1738 hoo

97 1762 201 1841 ipsum
223 1761 336 1822 habeat
356 1762 388 1820 in
411 1768 564 1841 potestate
586 1782 652 1838 sua,
675 1768 802 1822 coaetus
824 1758 952 1821 mirabili
968 1760 1025 1821 Dei

97 1843 295 1925 providentia
317 1852 348 1904 et
370 1844 453 1924 loqui
476 1851 506 1905 et
525 1846 626 1906 faeere
647 1844 745 1923 aliter,
763 1863 854 1924 quam
867 1843 1025 1922 cogitavit.

97 1927 185 1988 Siout
210 1928 240 1986 in
277 1927 403 1988 Balaam
439 1935 641 1989 monstratum
675 1935 737 2006 est,
770 1927 861 1988 Num.
889 1928 938 1990 24.
986 1925 1026 1986 m

96 2009 201 2070 Psalm
227 2010 444 2085 131²):N0n
475 2019 521 2070 est
550 2030 650 2072 sermo
677 2012 709 2071 in
739 2010 842 2090 lingua
864 2028 943 2070 mea.
986 2008 1027 2069 Et

97 2093 211 2153 elarius
234 2093 311 2154 infra
333 2093 477 2156 Proverb.
501 2097 555 2160 16:
579 2094 641 2155 Cor
661 2094 795 2155 hominia
811 2094 929 2172 oogitat
943 2092 1024 2152 viam

97 2195 186 2236 suam
200 2176 390 2237 etDominus
414 2176 516 2257 dirigit
537 2195 660 2274 gressus
683 2195 766 2253 suos,
791 2195 865 2237 eooe
887 2195 950 2236 non
968 2175 1024 2235 sie-

98 2267 133 2319 ut
164 2257 258 2320 homo
288 2261 420 2340 cogitat,
449 2262 498 2320 via
520 2279 585 2320 erus
607 2260 763 2339 presedit,
786 2260 840 2320 sed
863 2260 941 2319 siout
964 2257 1025 2318 Do-

98 2342 201 2402 minus
230 2341 367 2421 ordinat,
401 2342 472 2402 ideo
495 2349 526 2403 et
545 2344 595 2407 21.
618 2343 704 2403 dioit:
742 2342 827 2404 Siout
857 2342 1025 2402 divisiones

98 2444 260 2505 aquarum,
280 2426 325 2486 ite
346 2445 399 2498 oor
420 2427 502 2506 regis
523 2427 553 2487 in
576 2446 668 2486 manu
688 2426 822 2504 Domini,
841 2443 1027 2506 quoeunque

98 2506 1026 2590 mmmmmffiffl.ffimfflmffimmw

99 2590 243 2651 bitrinm?
266 2590 446 2672 figmentum
469 2599 517 2652 est
537 2592 670 2673 penitus.

184 2674 287 2752 Atque
308 2676 333 2734 si
356 2672 513 2754 Scriptura
544 2693 605 2735 non
630 2674 756 2735 dooeret
777 2674 872 2751 haee,
905 2672 1027 2734 abunde

100 2776 141 2817 ex
164 2755 306 2818 omnibus
334 2757 469 2818 historiis
501 2757 581 2818 tiano
604 2758 762 2817 veritatem
786 2756 973 2816 disceremus
995 2761 1028 2816 et

100 2842 313 2920 unusquisque
339 2860 378 2900 ex
413 2842 476 2901 vita
507 2860 564 2901 sua
584 2840 719 2920 propria.
764 2840 839 2916 Quis
862 2841 942 2901 enim
970 2845 1027 2915 est,

101 2924 153 3003 qui
176 2924 282 2984 omnia
303 2942 383 3002 quae
405 2924 501 2984 voluit
523 2923 647 2985 effecit?
689 2923 755 2984 lmo
778 2924 846 3003 quis
868 2922 909 2996 id,
944 2920 1027 3002 quod

102 3007 253 3086 cogitavit
273 3005 385 3084 faeere,
408 3025 470 3067 non
493 3008 615 3088 saepius
638 3006 698 3067 alia
721 3007 822 3068 statim
839 3006 1029 3086 cogitatione

102 3089 243 3165 mutavit,
277 3089 417 3149 nesciens
439 3108 500 3168 quo
531 3090 625 3151 modo
648 3090 797 3150 mutarit?
840 3089 915 3166 Quis
937 3088 1030 3149 audet

102 3190 227 3251 negare,
250 3190 284 3230 se
306 3174 401 3233 etiem
423 3173 453 3233 in
477 3173 564 3233 malis
587 3172 731 3253 operibus
745 3174 869 3253 saepius
886 3177 1029 3236 ooaotum

101 3254 182 3315 aliud
206 3254 308 3315 faeere
339 3274 430 3334 quam
460 3257 629 3336 cogitavit?
672 3255 720 3316 An
743 3275 805 3316 non
828 3261 918 3335 putas
939 3254 1029 3315 huius

101 3338 211 3398 Bullae
234 3344 357 3398 autores
379 3339 410 3398 in
435 3358 472 3396 eo
504 3339 598 3399 fnisse
620 3339 692 3398 totis
724 3345 754 3398 et
783 3339 909 3398 summis
943 3336 1029 3398 liberi

104 3419 1031 3500 mfflwfflmummmmwssmmmmw

105 3501 235 3564 rentur?
278 3503 318 3563 Et
339 3523 423 3583 eone,
446 3523 535 3582 quam
559 3522 621 3564 non
644 3504 732 3565 fuerit
755 3505 786 3564 in
824 3523 931 3564 eorum
953 3503 1029 3564 arbi-

101 3589 160 3647 trio
189 3586 268 3647 huso
299 3589 447 3668 cogitatio
470 3595 501 3647 et
523 3587 672 3667 operatio,
695 3588 799 3648 omnia
821 3587 900 3648 euim
923 3592 1031 3647 eontra

157 3764 862 3838 fihwhmwmwhmmfflffl.
