2392 4170
136 246 198 317 104
377 252 414 308 Ds
432 251 512 324 capr.
532 250 632 324 Babyl.
653 251 793 308 Ecclesiae

134 426 211 488 qua,
244 426 341 489 rogo,
373 409 536 469 autoritate
564 415 617 470 ant
637 409 755 469 ratione
777 404 924 488 probati
948 404 1062 467 Nouus

134 493 236 552 omnia
261 498 332 552 sunt
352 490 432 552 illius
455 491 609 568 meditata,
633 511 670 552 ac
692 511 788 572 prope
811 489 938 552 somniis
961 488 1061 552 simil-

134 575 219 649 lirna,
250 573 275 634 'si
299 574 392 634 libere
414 576 498 655 legas
522 583 551 635 et
572 574 709 636 iudices?
751 575 783 635 ln
808 573 966 654 theologia
988 592 1062 635 vero

133 659 281 738 mystica,
320 676 410 737 quarn
445 660 489 718 sic
520 657 628 718 inflant
660 658 898 740 ignorantissimi
935 655 1060 737 quidam

134 740 354 821 theologicus,
376 743 466 802 etiam
489 743 765 822 perniciosissimus
787 749 848 818 est,
870 740 939 821 plus
961 738 1063 801 Plato·

134 825 238 884 nisans
260 842 350 903 quarn
381 824 634 901 Christianisans,
671 826 713 884 ita
741 830 774 885 ut
804 824 916 885 nollem
939 821 1061 885 fidelem

132 908 266 968 animum
278 908 325 967 his
338 907 419 970 libris
433 927 557 988 operam
570 908 643 968 darc
654 907 702 968 vel
714 909 880 971 minimam.
904 906 1060 969 Christum

132 989 173 1049 ibi
195 990 274 1050 adeo
298 1011 363 1068 non,
382 990 491 1071 disces,
514 1000 555 1069 ut,
578 993 602 1050 si
626 992 717 1051 etiam
740 993 830 1068 scias,
852 991 987 1064 amittas,
1010 1008 1061 1051 ex·

132 1079 235 1153 pertus
259 1074 383 1153 loquor,
414 1074 539 1134 Paulum
564 1075 666 1154 potius
689 1073 867 1152 audiamus,
891 1080 934 1137 ,nt
960 1073 1060 1133 lesum

133 1155 297 1237 Christum,
312 1163 342 1217 et
352 1156 433 1218 hunc
447 1157 625 1217 crucifixum
639 1157 800 1220 discamas.
824 1157 910 1217 Haec
921 1163 970 1217 est
980 1156 1061 1216 cuim

135 1239 193 1316 via,
206 1240 269 1300 vita
281 1248 311 1299 et
325 1241 446 1317 veritas,
468 1240 545 1301 haec
559 1241 653 1318 scala,
669 1260 724 1321 per
736 1239 866 1320 quaml)
890 1240 1013 1300 venitur
1024 1236 1063 1299 ud

134 1322 264 1401 Patrem,
277 1323 355 1383 sicut
369 1324 455 1384 dicit:
472 1324 570 1385 Nemo
584 1318 667 1385 ve'nit
679 1323 717 1385 ad
729 1323 858 1399 Patrem,
872 1324 928 1383 nisi
941 1340 1064 1403 perme.

215 1406 260 1467 lta
286 1407 317 1465 in
341 1407 551 1469 ecclesiastica
583 1407 754 1467 hierarchia
786 1406 857 1487 quid
881 1407 968 1481 lacit,
1004 1402 1062 1467 uisi

132 1488 214 1568 quod
237 1490 311 1549 ritus
339 1491 488 1569 quosdam
517 1490 744 1551 ecclesiasticos
768 1489 927 1565 describit,
950 1487 1061 1549 ludens

132 1571 288 1652 allegoriis
310 1575 388 1648 suis,
415 1592 491 1653 quas
521 1592 582 1634 ncn
612 1573 744 1654 probat?
775 1573 866 1652 quale
888 1572 971 1653 apud
993 1566 1064 1643 'bos

133 1654 219 1731 lecit,
250 1657 301 1734 qui
330 1655 437 1716 librum
470 1655 579 1736 edidit,
614 1658 664 1737 qui
692 1656 854 1717 Rationale
888 1656 1061 1717 divinorum

133 1736 250 1814 dicitur,
272 1740 442 1800 otiosorum
465 1741 621 1800 hominurn
646 1747 716 1799 sunt
737 1741 796 1799 ista
825 1737 926 1799 studia
948 1737 1063 1820 allego·

133 1822 254 1883 riarum.
298 1822 346 1883 An
368 1829 458 1902 putas
482 1823 554 1882 mihi
578 1822 701 1883 difficile
723 1841 793 1882 esse
814 1823 845 1882 in
869 1820 1009 1902 qualibet
1030 1838 1063 1881 rs

133 1910 237 1964 creata
259 1905 414 1986 allegoriis
443 1904 568 1966 ludere?
597 1905 707 1967 Nonne
735 1905 951 1967 Bonarentura
983 1910 1063 1965 artes

135 1986 274 2047 liberales
303 1989 468 2068 allegorice
497 1987 584 2048 duxit
612 1989 650 2048 ad
680 1988 892 2068 theologiam?
922 1988 1063 2068 Denique

134 2068 253 2130 Gerscn
267 2069 422 2131 Donatum
440 2073 587 2131 minorem
611 2073 684 2132 lecit
694 2073 855 2152 mysticum
870 2070 1062 2150 theologum,

134 2150 205 2211 Mihi
236 2170 297 2212 nco
335 2153 422 2213 luerit
455 2171 636 2233 operosum,
669 2154 825 2215 meliorem
858 2153 1060 2215 hierarchia·

133 2233 267 2294 scribere
289 2254 380 2314 quarn
403 2236 543 2317 Dionysii
566 2240 619 2313 sit,
648 2256 716 2298 cum
739 2237 791 2297 ille
814 2256 944 2317 papam,
967 2234 1061 2297 cardi

133 2317 228 2396 nates,
251 2319 503 2402 archiepiscopos
526 2322 682 2400 ignorarit,
706 2327 736 2380 et
752 2320 930 2399 episcopum
954 2318 1062 2381 lecerit

132 2419 317 2479 supremum.
362 2401 400 2461 Et
422 2404 488 2481 quis
511 2409 572 2463 tarn
595 2405 694 2462 tennis
717 2403 848 2483 ingenii,
872 2402 922 2481 qui
946 2400 1061 2483 allego·

133 2483 184 2541 riis
206 2502 267 2544 ncn
291 2492 385 2562 queat
411 2485 598 2565 periclitari?
641 2485 761 2546 Nollem
791 2504 850 2565 ego
882 2485 1060 2567 theologum

133 2564 288 2646 allegoriis
311 2586 437 2647 operam
462 2568 544 2645 dare,
568 2568 667 2629 donec
679 2574 910 2629 consummatus
923 2568 1061 2649 legitimo

133 2647 308 2728 Scripturas
338 2650 529 2730 simplicique
558 2670 649 2711 sensu
681 2651 786 2728 luerit,
815 2651 954 2730 alioquin
983 2651 1061 2713 sicut

132 2731 257 2812 Origeni
280 2735 422 2814 contigit,
455 2752 516 2794 non
540 2735 615 2794 citra
637 2735 805 2815 pericnlum
835 2733 1061 2814 theologisabil.

214 2815 282 2875 Non
316 2835 390 2897 ergo
425 2818 571 2878 continuo
601 2826 826 2879 sacramentum
858 2836 927 2878 esse
961 2816 1061 2897 debat,

133 2898 203 2975 quia
233 2898 398 2979 Dionysius
427 2899 539 2979 aliquid
571 2900 733 2980 describit,
766 2901 880 2981 alioqui
914 2918 968 2960 cur
998 2918 1061 2963 ncu

132 2979 224 3040 etiarn
248 2990 472 3041 sacramentnm
496 2983 627 3061 faciunt,
660 3003 751 3063 quam
780 2982 892 3044 ibidem
916 2981 1062 3043 describit

132 3064 377 3143 processionem,
408 3084 486 3144 quae
516 3085 613 3145 usque
640 3066 733 3127 bodie
760 3073 952 3148 perseveratt
985 3066 1059 3146 quin

132 3150 178 3205 tot
206 3152 295 3205 erunt
322 3145 445 3208 illorum
476 3157 684 3225 sacramenta,
719 3159 794 3229 quot
820 3149 901 3209 aucti
929 3156 1002 3209 suut
1029 3148 1062 3209 iu

136 3227 270 3289 ccclesia
291 3230 366 3289 ritus
389 3237 420 3291 et
442 3233 645 3293 ceremoniae.
689 3232 767 3293 Huic
795 3240 895 3292 tamen
924 3237 985 3293 tam
1008 3228 1063 3293 de·

131 3308 184 3369 bili
216 3311 415 3374 fundamento
443 3315 505 3374 nixi
536 3314 728 3376 characteres
756 3315 952 3390 effinxerunt,
983 3330 1064 3394 quos

134 3392 205 3452 huic
227 3413 283 3454 suo
306 3405 499 3458 sacramento
529 3397 710 3477 tribuerent,
740 3400 790 3477 qui
817 3397 1064 3478 imprimerentur

130 3474 278 3537 ordinatis
301 3478 481 3542 indelibiles.
525 3480 623 3559 Unde,
646 3499 777 3559 quaeso,
800 3481 876 3541 tales
899 3497 937 3541 co
960 3480 1063 3541 itatic·

134 3559 210 3619 nes?
233 3579 295 3639 qua
315 3563 501 3622 autoritate?
523 3582 584 3642 qua
605 3565 724 3624 ratione
749 3499 961 3624 stabiliuntur}
990 3562 1063 3626 Nou

185 3749 217 3812 1)
239 3748 268 3801 ln
288 3748 330 3802 ed.
350 3751 436 3820 cria:
455 3766 504 3820 per
523 3767 614 3820 quem.
