2392 4170
200 256 268 329 Μ
400 288 405 295 ·
510 256 554 314 Da
570 256 645 314 votis
664 252 825 313 monasticis

203 434 310 499 Turris
332 432 395 494 alta
419 429 555 509 (idest,
577 431 640 494 alte
662 430 823 514 opposita)
858 446 972 490 nomen
995 425 1130 498 Domini,

203 521 242 580 sd
267 518 366 598 ipsam
389 517 482 578 currit
500 517 599 577 iustus
621 523 652 577 et
673 513 848 577 salvabitur.
892 513 1006 576 conas
1028 530 1085 574 vos
1100 515 1133 570 ει

204 599 352 683 quidquid
391 596 539 662 molimini
569 600 626 662 erit
661 600 739 661 sicut
772 598 873 678 peries
906 596 1072 659 inclinatus
1102 599 1134 654 et

205 684 356 746 maneries
378 685 488 764 eiecta,
511 702 603 765 super
626 703 718 763 quam
741 683 790 764 qui
812 683 933 755 nititur,
965 678 1055 741 simul
1079 698 1132 738 cs·

204 768 280 843 det,
302 772 335 829 ει
353 767 492 829 elicietur
514 775 545 828 et
567 766 739 829 movebitur
761 766 898 828 multum.
937 761 1131 825 Vocabulum

202 852 325 934 irruitis,
347 851 457 912 volunt
477 852 568 912 etism
585 850 758 931 significare
779 849 810 910 id
832 848 914 931 quod
937 845 1133 929 congregari,

204 936 277 1080 {imm
299 953 496 1016 pravesoere,
519 941 682 1016 utrumque
705 932 867 996 confirmat
895 952 1019 994 sensum
1041 948 1132 1011 prae·

224 1019 329 1080 ictum.

287 1098 458 1165 Obscurum
482 1108 585 1163 autem
617 1107 649 1162 et
675 1101 851 1183 ambiguum
888 1106 949 1178 est,
979 1097 1070 1179 quod·
1085 1118 1130 1159 se·

204 1187 322 1268 quitur:
353 1185 393 1246 nt
414 1185 619 1247 elevationem
643 1185 709 1246 eius
731 1187 944 1266 cogitaverunt
965 1182 1133 1264 expellere

107 1290 110 1295 ·
205 1268 317 1337 Noster
328 1267 434 1330 babet:
458 1268 664 1330 Veruntamen
680 1271 811 1351 pretium
827 1288 941 1346 meum,
957 1269 1131 1329 Romanum

207 1351 405 1415 Psalterium:
431 1350 587 1413 Honorem
618 1372 729 1431 meum,
757 1352 980 1434 Hieronymus:
1009 1351 1132 1411 Partem

139 1488 143 1492 .
206 1455 330 1514 meam,
364 1435 483 1496 scilicet
517 1435 717 1497 oblationem.
762 1435 809 1498 Ab
844 1456 882 1498 eo
919 1437 1000 1497 euim
1036 1433 1133 1495 verbo

206 1519 390 1601 oblationes,
412 1519 494 1581 (lons
515 1524 547 1580 et
567 1525 671 1600 partae
697 1539 852 1582 sacrarum
870 1539 970 1582 rerum
993 1518 1135 1578 dicuntur

208 1602 246 1664 ab
268 1601 433 1666 elevando.
477 1602 555 1665 Puto
585 1605 678 1685 igitur
699 1623 823 1665 sensum
852 1621 941 1678 esse,
967 1602 1081 1682 impios
1102 1601 1132 1661 in

207 1685 390 1747 Sanctorum
413 1686 573 1767 exemplis,
594 1686 626 1748 id
648 1688 732 1766 quod
754 1688 853 1751 solum
875 1688 1056 1769 pretiosum,
1078 1684 1132 1746 bo·

206 1767 355 1850 uorebila‚
371 1768 594 1831 nobilissimum
618 1776 711 1850 etque
727 1771 806 1834 adeo
828 1773 897 1852 ipen
917 1771 1021 1850 portio
1043 1786 1131 1828 sanc

208 1853 302 1913 litatis
323 1850 424 1933 est1),
446 1872 558 1934 nempe
580 1852 683 1932 fldem,
705 1874 768 1917 uou
789 1855 889 1917 solum
912 1872 973 1915 uon
997 1848 1131 1931 sequi2),

207 1935 347 1998 seduno
370 1936 500 1999 oonsilio
523 1955 577 1997 een
600 1937 704 1999 furore
723 1941 826 2019 potius
846 1937 878 2000 id
899 1957 1002 2018 agere,
1024 1942 1059 1996 ut
1082 1935 1132 1995 sii·

207 2020 292 2080 ciant
311 2025 342 2080 et
356 2021 563 2098 exstinguant,
585 2021 659 2082 solis
682 2040 809 2102 operum
838 2022 929 2083 larvis
956 2019 1079 2080 iactatis
1102 2024 1133 2079 et

117 2156 120 2161 ,
207 2101 401 2183 praedicetis.
444 2100 544 2164 Nemo
566 2104 646 2164 enim
668 2107 768 2166 minus
791 2107 927 2185 nequitur
948 2103 1131 2164 Ssnctornm

208 2184 394 2266 exemplum,
413 2204 507 2247 nemo
528 2188 620 2248 etiarn
645 2191 743 2270 magis
766 2189 941 2268 exstinguit,
965 2206 1056 2267 quem
1081 2184 1130 2264 qui

207 2287 302 2348 opera
323 2269 401 2345 solo,⁴
423 2276 454 2331 et
474 2288 537 2331 non
550 2269 641 2331 fldem
665 2292 770 2333 eorum
794 2279 958 2339 sectantur,
982 2271 1131 2330 sicnemo

206 2352 305 2412 minus
326 2358 375 2413 εει
394 2352 487 2414 hodie
509 2354 739 2434 Frauoiecanus,
763 2375 854 2435 quam
877 2355 935 2434 ipsi
953 2353 1131 2413 Francisca-

205 2435 332 2515 nissimi,
356 2436 407 2515 qui
430 2435 468 2497 de
482 2437 678 2499 observantis
700 2437 850 2516 dicuntur,
873 2440 936 2498 imo
958 2438 978 2496 ii
991 2435 1131 2496 acerrimi

205 2517 311 2579 bostee
334 2520 400 2580 eiue
424 2527 503 2598 eunt,
527 2526 558 2581 et
580 2520 672 2582 tidem
695 2524 761 2583 eius
790 2523 902 2582 eiicere
924 2520 1065 2599 cogitant
1085 2517 1131 2578 iu-

205 2601 382 2666 riosissime.
426 2600 519 2665 Unde
541 2606 691 2683 sequitur:
719 2605 888 2666 Piscebunt
915 2602 970 2663 sibi
993 2604 1023 2662 iu
1048 2621 1132 2662 meu·

207 2683 307 2762 dacio,
330 2685 449 2748 scilieet
469 2687 604 2767 speciem
628 2694 743 2765 tenent,
764 2687 856 2748 iidem
880 2693 1003 2747 vastant
1015 2734 1023 2766 ,
1047 2691 1078 2746 et
1100 2685 1131 2743 in

208 2768 269 2829 boc
289 2769 472 2852 glorientur,
494 2770 614 2850 sibique
635 2771 759 2852 placent
781 2790 855 2850 prae
868 2769 1011 2832 omnibus
1034 2768 1132 2829 bomi-

205 2850 295 2912 nibus
318 2870 374 2913 eeu
396 2852 593 2931 sanctissimi,
615 2870 668 2915 ore
690 2853 885 2932 benedicunt,
907 2853 1014 2913 intimo
1036 2850 1132 2910 male

206 2933 318 2997 dicunt.
367 2933 508 2996 Laudant
540 2937 621 2997 enim
661 2937 760 2999 Deum
784 2937 948 3015 Christum,
980 2935 1010 2996 S.
1040 2934 1133 2994 Fron·

206 3018 550 3099 ciscum,1)ominicum,
572 3025 603 3080 et
620 3021 708 3099 alios,
731 3039 860 3100 quorum
879 3026 1049 3079 sectatores
1063 3036 1134 3076 sese

205 3102 329 3166 iactant.
361 3100 422 3162 ssd
444 3101 522 3164 boec
543 3103 612 3164 laus
635 3110 682 3164 est
704 3101 1036 3182 eummsblsspbemis,
1059 3099 1133 3160 dum

205 3182 297 3243 fldem
327 3184 452 3244 eiiciunt
483 3192 514 3247 et
542 3185 639 3247 solam
669 3187 804 3267 speciem
840 3205 896 3267 pro
919 3186 1047 3244 veritate
1070 3200 1134 3242 sm·

203 3266 384 3346 plectuntur.
428 3267 545 3328 lixtis
571 3270 632 3330 iarn
655 3275 737 3331 totus
758 3269 897 3330 Psalmus
926 3272 1049 3347 apertus
1073 3271 1130 3340 est,

206 3345 322 3409 docens
351 3368 409 3411 uos
436 3349 532 3412 fldere
559 3352 642 3428 Deo,
679 3358 710 3413 et
739 3353 805 3413 sine
833 3351 894 3412 lide
924 3351 1029 3411 omnis
1058 3366 1131 3409 esse

207 3429 379 3494 mendacia.

287 3514 383 3577 lssias
406 3518 447 3582 30
480 3516 562 3578 buno
595 3516 748 3579 Psalmum
772 3518 821 3579 vel
844 3516 1016 3579 aemulatus
1039 3514 1132 3574 etiam

209 3759 254 3815 mr
275 3684 307 3751 1)
327 3683 442 3833 w.
461 3686 555 3757 puers
573 3685 666 3747 deest:
685 3692 737 3746 est.
774 3687 807 3760 2)
829 3685 913 3745 itta:
938 3700 994 3745 uon
1012 3694 1135 3759 sequun-
