2392 4170
131 245 196 322 410
332 250 436 311 Contra
452 250 600 312 Hominum
618 270 711 328 ragom
728 249 852 328 Augilas

132 426 338 508 indulgentias
361 426 527 509 damnanti,
549 427 751 510 praeterhac
772 427 899 491 verbum
920 448 929 489 ε
948 423 1056 490 Indul-

132 513 256 593 gentiae
278 531 339 574 non
352 520 423 573 sunt
443 513 642 594 imposturae,
664 514 736 593 qnia
747 512 810 573 Leo
834 513 869 576 X.
896 510 1056 573 estbonns

133 597 188 671 vir,
209 616 283 675 ergo
307 604 430 676 oportet
451 597 497 657 sic
518 617 607 676 esse,
637 616 698 658 non
731 602 835 677 potest
864 595 955 656 aliter
976 614 1056 657 asse.

133 679 201 740 Hoc
235 689 418 761 argumento
454 681 540 760 regio
573 689 604 740 et
635 680 825 741 Thomistioo
858 698 933 740 nsua
964 685 1055 758 potes

133 762 254 822 dicere:
288 764 407 825 Romae
441 763 472 823 in
506 764 590 824 curia
612 764 715 844 Papae
742 763 816 825 nihil
851 761 925 823 mali
946 763 1057 843 agitur,

133 846 286 926 quiahoc
308 847 346 908 X.
370 847 468 907 bonus
491 849 536 907 vir
557 854 625 922 est,
657 857 688 907 et
708 847 754 907 sic
776 847 924 927 magistro
948 852 1055 906 nostro

133 930 246 990 eximio
270 928 405 991 Henrico
429 949 501 1010 rege
514 929 646 1011 Angliae
666 938 775 992 autore
795 928 977 991 laetificabis
995 946 1056 991 om·

133 1033 202 1075 nem
226 1013 308 1075 illam
331 1013 591 1075 abominationem
613 1015 773 1076 Romanae
795 1012 991 1094 perditionis.

216 1096 333 1158 Eodem
357 1105 538 1176 argumento
562 1104 594 1158 et
614 1106 686 1159 ante
708 1117 776 1158 enm
799 1096 949 1158 Silvester
973 1115 1056 1156 meus

133 1200 205 1240 usus
228 1192 284 1260 est,
306 1182 376 1261 quia
399 1182 518 1262 etipse
540 1182 698 1243 'l'lromieta
730 1182 794 1251 luit,
837 1179 916 1240 Nam
949 1180 977 1239 si
999 1178 1056 1240 hoc

132 1265 203 1325 loco
226 1266 376 1345 argutiam
409 1264 491 1324 illam
520 1272 668 1337 tractem,
702 1264 785 1345 qnod
816 1263 900 1325 aliud
929 1264 1055 1323 sitense

133 1347 246 1409 bonum
271 1349 377 1426 virum,
399 1347 480 1408 aliud
504 1349 617 1410 bonnm
640 1350 759 1426 civem,
783 1357 814 1407 et
835 1346 920 1407 alind
941 1345 1054 1407 bonnm

132 1433 311 1512 principem,
333 1438 367 1491 ut
390 1433 572 1494 Aristoteles
594 1453 699 1493 eornm
717 1431 821 1506 docet,
845 1431 959 1491 frustra
983 1437 1054 1491 trac

133 1524 239 1576 tavero
255 1535 359 1576 coram
377 1522 438 1575 tam
460 1516 589 1596 stupidis
606 1523 636 1576 et
649 1516 761 1577 crassis
780 1515 906 1578 truncis.
931 1511 1053 1588 Quanto

133 1601 232 1658 minus
255 1603 410 1678 caperent,
432 1599 458 1659 si
481 1599 648 1661 secundum
668 1599 788 1659 divinas
811 1599 915 1658 literas
939 1597 1054 1657 dehac

132 1701 166 1742 re
196 1681 406 1762 disputarem?
457 1682 536 1744 Nam
571 1702 677 1743 revera
707 1681 805 1742 bonus
832 1682 878 1740 vir
908 1699 972 1741 non
1004 1688 1053 1755 est,

133 1766 183 1844 qui
209 1765 306 1826 bonus
330 1767 473 1845 princeps
496 1785 648 1827 essenon
672 1771 784 1845 potest.
819 1763 952 1844 Spiritus
977 1763 1052 1824 enim

131 1848 243 1910 Christi
267 1846 347 1930 (qno
370 1849 438 1910 solo
456 1848 528 1911 boni
550 1847 673 1927 snmus)
698 1848 797 1909 reddit
812 1847 975 1907 hominem
993 1866 1052 1926 per·

124 1933 258 2006 lectum,
279 1933 317 1992 ad
341 1952 432 1992 omne
445 1953 523 2013 opus
546 1932 659 1993 bonnm
680 1933 871 2009 instructum,
896 1936 929 1989 nt
945 1930 1053 1991 Paulus

130 2015 169 2076 ad
191 2014 413 2094 Timotheon1)
447 2016 549 2080 docet.
592 2015 626 2076 ld
647 2014 730 2094 quod
752 2020 783 2074 et
815 2014 966 2074 historiae
989 2032 1053 2093 pro-

21 2107 24 2113 '
133 2096 208 2161 bant
230 2098 461 2178 Scripturarurn.
505 2099 617 2159 Coram
642 2097 816 2158 hominibus
839 2096 941 2156 locum
967 2095 1054 2157 habet

133 2184 252 2261 argutia
273 2183 342 2261 ista,
366 2182 448 2243 aliud
471 2191 517 2242 est
540 2181 734 2242 essebonum
760 2182 866 2255 virum,
892 2199 1007 2259 nempe
1028 2180 1052 2237 in

133 2267 279 2344 speciem,
303 2275 333 2324 et
344 2265 425 2324 alind
440 2266 553 2326 bonum
574 2266 740 2345 principem
756 2282 854 2341 aeque
867 2264 897 2321 in
912 2264 1053 2341 speciem.

132 2347 174 2406 At
196 2347 267 2407 Saul
291 2355 323 2407 ut
346 2348 434 2408 desiit
456 2369 525 2409 esse
548 2349 647 2409 bonus
669 2350 733 2427 vir,
762 2346 852 2406 simul
875 2345 970 2405 desiit
992 2364 1053 2405 esse

132 2430 230 2490 bonus
254 2433 404 2510 princeps.

214 2515 320 2593 ltaque
343 2515 415 2574 nihil
437 2515 591 2575 fecithoc
613 2524 721 2574 contra
743 2532 808 2589 me,
832 2511 919 2589 quod
941 2511 1053 2573 Leonis

132 2600 170 2661 X.
193 2618 357 2678 personam
398 2599 518 2658 laudavi
572 2606 602 2658 et
655 2595 861 2674 indulgentias
902 2594 1053 2654 damnavi.

134 2682 256 2761 Duplex
279 2691 325 2742 est
348 2683 398 2741 hic
419 2681 581 2759 iudicium,
612 2681 767 2739 hominem
799 2697 859 2737 non
885 2677 958 2736 licet
982 2676 1053 2738 iudi·

132 2784 212 2843 care,
235 2766 354 2824 etiamsi
376 2767 528 2844 pessimus
559 2766 597 2824 sit
619 2783 723 2823 coram
745 2760 833 2835 Deo,
856 2759 961 2820 donec
984 2760 1052 2821 loris

130 2849 197 2907 sine
220 2849 347 2909 crimine
370 2849 453 2926 vivit,
476 2848 536 2908 hoc
559 2848 639 2906 enim
661 2845 806 2905 indicium
831 2842 868 2903 ad
894 2863 967 2903 eum
992 2862 1052 2925 per·

133 2933 218 3009 tinet,
240 2933 291 3011 qui
313 2937 465 2991 scrutator
487 2937 534 2991 est
555 2929 655 2991 cordis
678 2935 709 2987 et
732 2947 849 2988 renum.
895 2926 991 2986 Aliud
1013 2929 1054 2985 est

132 3014 170 3074 de
192 3015 391 3094 indulgentiis
412 3013 567 3093 indicare,
601 3012 684 3091 quod
707 3010 746 3070 ad
769 3009 941 3069 doctrinam
968 3010 1051 3090 perti·

132 3104 204 3175 net,
235 3099 264 3158 in
294 3117 355 3175 qua
387 3105 420 3157 nt
447 3117 548 3157 errare
580 3103 710 3176 possunt
743 3101 803 3152 tarn
828 3091 902 3152 boni
933 3101 966 3152 et
988 3090 1053 3152 mall

133 3176 216 3260 (sive
239 3182 300 3240 sint
323 3199 393 3240 vere
422 3188 473 3240 aut
495 3179 564 3239 ficte
589 3179 699 3254 boni),
729 3178 789 3236 imo
814 3183 845 3234 et
867 3176 986 3252 electi,
1017 3176 1054 3233 ita

130 3266 304 3340 pertinaces
326 3266 356 3322 in
380 3283 483 3323 errore
504 3283 565 3323 non
590 3270 673 3341 sunt,
697 3261 754 3319 nisi
779 3258 940 3318 manifeste
964 3258 1054 3337 impii.

132 3345 200 3404 Hoc
221 3345 365 3405 iudicium
390 3347 427 3405 ad
452 3366 558 3406 omnes
582 3354 612 3405 et
626 3345 764 3424 singulos
784 3343 926 3421 pertinet,
952 3351 985 3401 nt
1007 3359 1053 3400 vo·

132 3445 199 3486 cem
223 3430 353 3507 pastoris
376 3437 407 3487 et
429 3430 597 3488 alienorum
621 3427 841 3488 discernamus.
885 3425 932 3484 De
955 3425 1054 3485 Leone

131 3518 233 3569 autem
256 3513 324 3589 ipso
340 3511 440 3570 adhuc
461 3512 554 3573 hodie
577 3513 711 3571 incertus
727 3529 804 3586 sum,
828 3507 900 3588 quid
925 3508 1055 3568 senserit

131 3593 212 3672 apud
236 3614 314 3674 sese,
337 3602 429 3654 etan
452 3597 594 3673 pertinax
617 3595 706 3654 luerit
734 3594 764 3652 in
788 3610 905 3653 errore.
950 3591 1054 3670 Neque

139 3721 228 3727 ——..-
236 3720 260 3726 ...
264 3721 396 3728 .-.-......

206 3778 238 3860 1)
259 3778 294 3836 In
311 3775 357 3837 ed.
372 3777 450 3836 lena
464 3776 567 3834 ‘litum
