2392 4170
425 237 510 302 Missa
527 237 640 316 prlsuu
656 237 691 300 D.
710 242 745 298 ld.
765 237 797 301 L.
1014 226 1076 311 1&

153 416 306 500 significet
327 418 491 500 accipere?
512 418 620 498 Neque
642 418 723 478 enim
743 417 884 499 accipere
903 416 954 478 hic
975 423 1076 500 sonat,

153 512 188 563 ut
209 501 320 563 tollant
341 502 498 584 manibus,
521 520 576 563 ceu
600 501 735 562 alienum
764 501 879 563 bonum
906 500 993 563 alteri
1015 519 1074 562 cx·

151 583 276 647 bibituri
298 603 353 647 seu
377 585 518 665 oblaturi,
540 586 595 646 sed
619 593 651 645 ut
673 585 826 667 sibiipsis
849 583 1022 666 vendicent,
1043 590 1076 646 ct

151 671 183 730 in
211 689 301 730 suum
330 670 526 731 commodum
562 675 693 750 vertant,
727 675 872 748 tanquam
900 667 1015 730 donum
1037 681 1075 730 aa

152 757 213 814 iarn
235 772 298 814 rem
329 754 494 835 propriam.
544 748 745 814 Possessores
773 753 853 813 enirn
885 750 958 814 lacit
989 752 1073 833 doni,

152 855 221 896 curn
246 837 332 900 dicit:
357 839 505 918 Accipite,
528 855 639 916 nempe
659 836 745 917 illud,
767 836 850 916 quod
863 834 948 896 dedit
968 843 999 896 et
1019 836 1075 896 ire-

151 921 205 1003 gir.
249 919 330 980 Nihil
352 938 426 1001 ergo
455 921 556 981 oli'erri
584 921 651 980 Deo
685 920 831 1000 permittit
865 919 926 983 hoo
948 918 1075 982 verbum

151 1003 340 1084 accipiendi,
369 1004 422 1064 sed
455 1003 567 1085 probat
594 1023 613 1063 a
643 1004 710 1064 Deo
742 1005 870 1083 venire,
899 1002 1074 1067 hominibus

151 1086 371 1167 accipientibus
393 1087 519 1149 donum.
557 1084 637 1162 Quid
659 1091 764 1168 potest
784 1095 893 1148 contra
914 1095 975 1148 tam
988 1086 1074 1150 clara

151 1169 245 1233 verbe
267 1170 405 1252 opponi?
448 1171 558 1231 Adhuc
580 1169 735 1232 Sodomce
757 1168 828 1233 illae
850 1172 881 1232 et
902 1169 1074 1233 Gomorrae

151 1271 209 1314 nos
231 1262 400 1333 accusant,
438 1255 521 1334 quod
554 1254 643 1316 nobis
665 1254 738 1314 solis
764 1272 943 1334 arrogemus
964 1255 1074 1314 intelli-
1168 1288 1170 1295 π

151 1338 287 1419 gentiam
310 1336 507 1419 scripturae?
536 1338 679 1418 Surgent,
702 1337 854 1417 resistant,
877 1337 951 1398 dent
971 1338 1074 1416 aliam,

150 1416 182 1482 ei
205 1420 365 1501 configant
385 1422 493 1482 oculos
506 1431 567 1482 tarn
589 1423 686 1501 aperti
708 1420 879 1502 Evangelii.
907 1419 977 1482 Non
990 1423 1071 1482 enirn

149 1501 263 1565 suflicit
302 1504 419 1564 dicere:
458 1503 545 1566 Haec
587 1503 762 1585 Propositio
797 1512 846 1564 est
876 1504 1071 1570 scandclosa

149 1587 269 1649 Scimus
289 1596 321 1648 et
342 1588 484 1649 volumus
507 1588 659 1648 Christum
693 1606 762 1649 esse
783 1587 1003 1671 scandalum*)
1026 1587 1072 1648 lu·

149 1670 245 1752 dacis,
267 1678 299 1731 et
319 1673 441 1752 signum
463 1671 715 1733 contradictionis
736 1671 862 1752 israeli,
884 1678 915 1732 ct
936 1669 1071 1753 lapidelb

149 1753 329 1815 offensionis
363 1774 544 1838 synagogae
567 1756 725 1835 Satanae,
756 1762 788 1818 et
809 1755 1071 1819 abominationem

148 1837 345 1920 lupanaribus
367 1841 536 1922 papisticis.

518 2013 687 2093 Quinto

232 2170 394 2232 Comedite
416 2180 447 2230 el
469 2170 571 2236 bibite.
615 2172 682 2233 Hoc
710 2177 757 2232 est
783 2162 957 2233 universum
981 2190 1070 2255 opus,

145 2252 228 2333 quod
258 2256 288 2315 in
319 2253 514 2317 Eucharistia
547 2256 648 2317 lacere
673 2253 821 2320 iubemur.
875 2253 951 2318 Ideo
987 2259 1069 2319 enirn

145 2338 267 2419 lrangit,
289 2336 352 2417 dat,
373 2338 457 2398 iubet
480 2339 636 2421 accipere,
659 2346 693 2400 ut
714 2339 912 2400 comedamus
934 2347 965 2400 et
985 2339 1068 2403 biba

145 2438 239 2501 mus,
268 2430 299 2482 et
330 2429 403 2503 post
429 2421 506 2481 haec
534 2426 713 2483 memoriam
748 2425 813 2484 eius
843 2421 1069 2503 praedicemus,

142 2503 194 2565 Sic
216 2514 247 2565 et
267 2505 438 2586 Apostolus
470 2504 584 2565 nullum
607 2505 690 2567 cliud
723 2523 802 2586 opus
823 2508 855 2565 in
876 2505 1069 2569 Eucharistia

142 2588 230 2648 novit
258 2591 316 2649 nisi
344 2588 508 2649 comedere
530 2596 561 2649 et
583 2590 707 2667 bibere,
741 2590 812 2648 dum
841 2590 935 2650 verba
956 2591 1068 2652 Christi

141 2673 253 2752 repetit
273 2671 378 2733 dicens
392 2670 460 2754 **):
483 2672 735 2753 Quotiescunque
754 2689 828 2752 ergo
843 2671 1068 2735 manducabitis

140 2774 252 2837 panem
281 2756 363 2817 hunc
400 2762 431 2816 et
459 2757 587 2817 calicem
616 2757 747 2835 bibetis,
785 2764 913 2816 mortem
942 2756 1068 2821 Domini

140 2839 377 2920 annunciabitis,
400 2839 501 2900 donec
523 2841 636 2904 veniat.
670 2840 753 2902 Nihil
774 2839 824 2900 hic
846 2838 969 2920 offerre,
990 2841 1067 2903 nihil

140 2924 271 3004 operari,
292 2925 347 2985 sed
369 2923 510 3004 accipere
541 2932 675 3004 tantum,
711 2922 876 2985 comedere
903 2931 934 2986 et
962 2925 1066 2987 bibare

140 3006 311 3070 mandatur.
354 3007 462 3089 Neque
485 3009 583 3088 enim,
611 3007 694 3090 quod
717 3006 907 3069 comedimus
938 3017 968 3070 el
990 3008 1067 3071 bibi·

140 3109 226 3171 mus,
249 3090 359 3153 offerre
380 3109 565 3173 possumus,
595 3113 663 3154 oum
697 3091 802 3175 potius
819 3092 1006 3155 aul'eramus
1034 3100 1066 3155 ct

137 3175 228 3235 nobis
250 3174 368 3258 demus,
391 3183 423 3235 et
442 3176 521 3236 intra
550 3195 606 3238 nos
628 3178 819 3258 recipiamus.
862 3174 903 3235 Et
924 3194 987 3239 non
1007 3196 1064 3259 pu·
1123 3211 1125 3215 <

137 3265 197 3336 tet,
225 3259 372 3321 adversus
401 3267 461 3319 tam
484 3260 640 3324 evidentis
672 3272 703 3323 et
724 3267 809 3320 certa
838 3259 933 3321 verba
949 3258 1066 3323 sacrifl-

135 3342 216 3402 cium
245 3343 347 3404 facere
385 3352 416 3403 et
439 3342 548 3406 offerre
581 3346 669 3429 Deo,
699 3342 781 3426 quod
812 3343 1003 3407 comedimus
1033 3352 1067 3419 tt
1150 3349 1153 3355 '

135 3424 277 3489 bibimus.
312 3428 428 3488 Natura
447 3428 528 3488 enim
550 3428 693 3490 sacrificii
714 3437 773 3509 cst,
794 3430 975 3509 pracsertim
996 3428 1064 3509 pe'r·

133 3510 307 3592 fcctissimi,
337 3511 421 3593 quod
449 3510 663 3574 holocaustum
700 3520 837 3592 vocant,
866 3519 965 3575 totum
992 3512 1068 3580 Dac.

134 3593 257 3676 offerri,
283 3598 358 3657 nihil
382 3612 482 3656 exeo
507 3596 684 3661 hominibus
717 3597 877 3678 relinquit:
906 3598 933 3660 si
961 3604 1064 3660 cutem

417 3720 554 3729 --—-..-..

127 3853 132 3861 ¹
206 3781 237 3856 ')
263 3783 285 3840 l.
305 3781 368 3842 Gor.
388 3783 413 3841 2.
453 3783 504 3855 ⁸⁴⁸)
528 3787 552 3844 1.
571 3784 635 3844 (lor.
657 3788 700 3847 11.
