2392 4170
134 242 197 315 502
427 240 588 299 Oonlnlntio
607 243 777 298 Luthsrisns

137 399 279 463 homines
301 414 411 459 omnes
423 397 484 458 hoe
500 397 771 460 vehementissimo
785 398 901 460 iudioio
922 397 963 458 sd
977 397 1060 460 oml-

139 491 221 545 stum
242 499 353 562 otgers
375 487 407 541 st
429 481 634 562 compellere,
670 492 702 544 ut
732 483 789 544 sub
821 483 887 544 eles
916 483 982 544 eins
1001 488 1059 543 tro

137 572 266 644 mentes,
287 562 504 644 desperantes,
526 566 706 628 anhelantes
728 586 797 628 esse
819 568 977 648 reeipient.
1022 565 1063 626 At

137 651 186 713 isti
195 649 283 711 huius
297 647 418 728 pennoti
428 653 593 726 negatores
599 651 713 712 leniunt
723 653 816 711 osoite
823 656 889 712 ntes
897 656 928 712 et
935 666 1062 711 ssouros

138 731 290 808 homines,
311 731 341 790 in
356 738 486 809 eoeepto
507 731 600 808 dono,
623 755 678 815 per
690 735 750 796 hoe
762 742 793 794 et
805 734 921 796 Christi.
932 734 1061 814 gretism

138 816 247 892 vilem,
275 820 307 874 et
327 813 566 875 misericordium
590 818 647 878 Dei
670 817 784 892 levem,
812 818 853 879 ed
874 836 954 896 queo
976 816 1062 896 sequi

139 897 315 963 nsossserio
322 903 445 976 oportet
452 897 546 977 frigus
554 902 678 978 amoris,
690 903 852 980 segnitiem
860 899 970 977 leudis,
983 905 1062 960 stis

139 1001 246 1064 ponem
263 980 466 1060 gratitudinis.
489 981 572 1043 Nihil
584 984 622 1044 de
636 982 759 1047 Christo
772 985 801 1044 hi
815 1003 940 1065 prorsus
953 984 1063 1045 seiont

226 1065 271 1128 Τπ
293 1082 369 1143 ergo
392 1082 469 1123 eave
502 1065 572 1126 illos
605 1067 887 1148 pestilentissimos,
922 1075 953 1128 st
979 1066 1064 1127 disne

143 1167 240 1231 opere
259 1145 317 1211 Dsi
342 1165 470 1225 megne,
494 1149 621 1210 mirifios
645 1157 676 1211 et
708 1151 845 1230 gloriose
866 1169 950 1212 esso:
987 1147 1063 1211 Ideo

141 1234 221 1297 soles
244 1237 307 1293 tete
328 1249 389 1290 non
414 1249 508 1310 posse
520 1232 581 1293 hon
592 1242 753 1313 pennotum
776 1236 1063 1314 eefieexeggerme.

141 1314 346 1397 nequeenim
367 1312 481 1375 malum
503 1317 568 1376 eius
589 1318 670 1377 ullus
684 1318 842 1378 hominum
865 1335 999 1397 unqunm
1021 1316 1064 1376 in·

143 1400 298 1478 vestigans
319 1403 373 1457 eut
394 1399 657 1478 comprehendere
691 1403 812 1482 penitus
843 1402 961 1482 potnit,
994 1418 1063 1460 oum

142 1486 181 1546 sit
203 1481 355 1545 infinitum
378 1487 407 1540 et
429 1488 598 1556 oeternum,
623 1492 655 1544 ut
677 1505 779 1545 misus
802 1502 897 1564 opere
908 1484 967 1544 Dei
990 1498 1064 1564 sog·

143 1584 254 1630 nososs
275 1566 306 1626 in
323 1563 445 1625 Christo
468 1571 569 1625 tenum
592 1567 674 1628 lente
694 1570 936 1634 esseimmnnse,
958 1565 1064 1645 utqui

144 1659 205 1713 tem
228 1655 386 1730 potentem
410 1647 463 1708 tibi
486 1649 517 1708 in
535 1649 656 1711 Christo
678 1652 808 1731 gretiam
831 1648 1065 1732 proeordinen't,

144 1751 224 1814 ques
245 1739 331 1795 lento
359 1731 443 1792 melo
476 1751 538 1793 non
572 1736 705 1813 potietur
725 1743 788 1795 tete
821 1733 923 1814 perdi,
957 1733 1065 1809 etqui

144 1814 335 1881 tentosmslo
357 1813 468 1893 dignus
491 1817 547 1892 sis,
578 1824 679 1878 temen
702 1817 783 1877 illius
805 1817 938 1878 hominis
954 1816 1066 1898 'gratim

144 1919 207 1962 non
229 1899 329 1960 solun
352 1896 405 1958 illo
428 1917 491 1959 non
514 1900 669 1977 perderis,
693 1901 747 1961 sed
769 1902 861 1962 etism
882 1899 1008 1960 leudem
1028 1894 1066 1959 eh

146 2003 184 2045 so
208 1982 353 2047 libereris.
397 1981 625 2058 hlegniiiesnde
653 1990 701 2044 est
727 1984 825 2061 glorie
848 1983 982 2063 gretes,
1001 1996 1067 2042 'neo

145 2072 250 2148 potest
271 2065 346 2125 setis
368 2063 574 2142 magnificari,
595 2067 639 2126 ite
661 2074 693 2126 ut
716 2067 875 2136 Peulus*l
900 2066 1069 2126 exolemet:

146 2149 270 2210 Gratias
293 2147 361 2207 Deo
391 2165 448 2225 pro
472 2148 665 2210 inenerrabili
694 2150 778 2211 dono
807 2151 881 2210 sius.
925 2149 972 2208 Ne
993 2165 1066 2228 ergo

146 2232 301 2294 auscultes
326 2228 441 2308 frigidis
463 2231 529 2291 istis
559 2239 590 2291 et
622 2233 773 2313 languidis
796 2233 1008 2313 Sophisterum
1031 2231 1066 2290 si·

146 2315 217 2376 hilis
239 2313 277 2374 de
292 2312 435 2392 operibus
460 2312 548 2374 bonis
570 2316 637 2375 sine
657 2324 798 2396 peeoelo,
822 2315 937 2375 deiide
959 2313 1067 2390 inluso,

147 2398 187 2459 de
209 2396 271 2458 fide
293 2396 461 2475 aequisita,
496 2396 534 2457 de
557 2398 655 2458 libero
676 2398 818 2476 erbitri03
851 2400 972 2458 somnis
1000 2403 1069 2459 snut

147 2488 178 2541 et
199 2479 317 2541 ludiore
339 2479 378 2539 ed
400 2481 490 2539 istem
517 2500 582 2541 rem
610 2483 731 2542 seriem.
775 2482 808 2542 ln
831 2481 985 2543 Christum
1008 2486 1068 2541 tels

147 2566 213 2645 repi
235 2568 367 2643 oportet,
389 2564 468 2622 siout
485 2562 543 2624 len.
560 2566 588 2626 2.
613 2565 699 2625 dioit:
722 2565 889 2645 Ingredere
904 2566 935 2624 in
951 2569 1067 2646 petrem

148 2656 180 2709 et
201 2645 392 2709 ebenondsre
412 2646 443 2705 in
466 2645 549 2707 fosse
570 2646 663 2707 humo
687 2667 705 2707 s
726 2648 804 2708 lenis
825 2648 944 2708 timoris
967 2647 1070 2707 Domi·

148 2733 178 2793 ni
201 2737 233 2791 et
252 2751 272 2790 e
309 2727 408 2808 glorie
435 2731 603 2789 maiestatis
625 2732 708 2808 eius3
744 2737 774 2790 et
795 2732 825 2791 in
848 2729 1068 2797 Cnntiois0⁶l:

148 2811 300 2876 Columba
327 2831 397 2872 mee
428 2813 458 2871 in
490 2813 692 2874 foraminibus
727 2823 831 2892 petrae
863 2816 893 2875 in
931 2813 1070 2874 nevernis

149 2896 312 2959 maneries.
353 2893 424 2955 Noli
435 2915 545 2955 errare.
581 2896 760 2975 Magnitudo
774 2897 975 2977 protentionis
997 2895 1070 2958 setis

149 2980 281 3054 ludioni,
303 2983 450 3058 quantum
474 2980 512 3037 sit
534 2986 694 3058 pennatum
717 2980 814 3057 istud,
838 2981 895 3041 nisi
917 2979 1069 3040 Christum

150 3063 244 3124 fllium
258 3062 316 3122 Dei
339 3062 496 3121 existimes
512 3061 643 3141 lignenm
657 3062 789 3142 aliquem
813 3064 979 3143 imaginem
995 3080 1069 3121 esse.

150 3146 266 3207 Omnes
279 3143 382 3205 Senoti
400 3151 534 3204 tremunt
544 3144 767 3222 hoeiudinium,
790 3155 829 3221 et,
845 3147 903 3206 nisi
918 3145 1070 3207 Christum

150 3234 324 3307 opertorem
340 3227 483 3299 hebeent,
507 3236 644 3307 pereunt,
658 3237 689 3289 et
703 3248 757 3290 nos
769 3229 869 3289 edhuo
881 3229 1071 3309 disputemus

150 3320 181 3370 et
193 3309 333 3386 ludimus,
356 3311 387 3371 in
403 3310 546 3390 operibus
560 3312 649 3372 bonis
663 3319 823 3392 pennatum
837 3332 914 3372 esse.
940 3312 992 3372 Sin
1013 3311 1070 3370 sni·

151 3395 224 3455 lieet
243 3392 281 3453 de
293 3394 451 3454 tremende
465 3396 625 3454 maiestate
638 3405 762 3455 aeterne
773 3397 919 3475 sapimus,
938 3394 1025 3474 quesi
1035 3393 1072 3452 de

150 3477 274 3538 homine
287 3477 396 3557 quovis
407 3476 605 3555 disputemus,
618 3479 741 3557 quando
756 3478 795 3538 de
808 3479 861 3538 ille
873 3478 1071 3557 disputemus.

235 3561 353 3622 Deinde
368 3560 509 3640 presedit
520 3562 680 3622 distinctor
701 3562 815 3638 diosus,
838 3561 957 3622 duobus
972 3559 1072 3622 oensis

150 3645 265 3720 vitium,
287 3642 369 3724 quod
388 3650 496 3704 eontra
509 3645 608 3724 legem
621 3645 677 3705 Dei
690 3665 759 3705 esse
774 3644 902 3721 videtur,
927 3663 989 3706 non
1004 3658 1074 3705 osso

150 3750 254 3832 ”””·)
274 3746 505 3819 WM'
518 3749 577 3830 u⁵³)
599 3762 673 3816 eene
694 3764 720 3818 2.
