2392 4170
130 216 196 289 w)
484 222 528 277 Da
546 218 712 292 abroganda

134 395 175 456 sit
197 394 397 474 musoritae,
418 412 480 456 non
502 402 607 475 potest
620 395 678 455 nisi
701 411 833 474 peceare
855 406 885 453 et
906 393 982 452 iram
993 408 1056 451 me

131 478 191 539 reri
208 476 253 539 'de
272 476 324 539 die
343 479 375 538 in
397 478 477 538 diem
498 479 618 558 magis,
646 478 748 539 donee
774 476 877 537 audiat
899 486 931 534 et
950 472 1059 534 eredat

133 560 285 622 Christum
307 580 378 622 esse
406 562 592 622 salvatorem
619 582 729 639 saum,
757 579 814 641 pro
835 579 871 620 se
892 565 1057 636 mortuum,

133 650 168 704 ut
187 664 208 706 a
228 646 364 726 pennatis
385 644 574 726 liberaretur,
595 665 664 705 eom
679 664 741 723 quo
759 643 864 704 auditu
884 644 977 702 intrat
996 642 1058 722 spi·

131 729 225 806 ritus,
255 735 288 789 et
315 726 426 788 diffusa
457 730 584 788 saritate
610 730 709 789 Deum
742 728 876 807 diligat,
904 723 1059 805 glorilloet

133 828 248 871 nomen
270 812 347 885 eius,
368 818 400 872 et
409 809 534 871 feriatus
557 813 719 892 apropriis
741 809 930 871 sinatDeum
952 808 1056 868 solum

131 912 189 954 sua
210 912 306 974 opera
325 895 356 954 iu
384 896 453 974 ipso
480 896 611 975 operari.
654 895 705 956 Sio
736 896 794 954 tria
821 892 967 953 mandata
998 890 1057 951 Dei

131 995 251 1037 somme
275 979 482 1038 neeessariam
509 980 665 1058 requirunt
692 975 865 1055 Christum,
891 994 982 1055 quem
1010 973 1055 1034 illi

131 1057 318 1140 superfluum
338 1060 464 1134 faciunt,
485 1060 557 1121 dum
580 1061 732 1122 naturalia
760 1066 890 1140 peceato
926 1057 1058 1118 liberant

134 1143 213 1203 oltra
232 1141 396 1222 Christum,
418 1150 450 1204 et
470 1145 515 1203 sio
528 1145 599 1206 looo
616 1146 728 1206 Christi
747 1144 873 1204 liberum
885 1141 1055 1218 arbitrium,

135 1225 207 1287 looo
229 1224 289 1286 Dei
309 1225 426 1287 idolam
441 1228 552 1299 sordis,
575 1228 645 1290 looo
657 1225 769 1300 fidei¹)
793 1226 972 1307 perditionis
990 1225 1055 1303 opi-

131 1309 259 1369 nionem
281 1310 413 1390 erigunt,
434 1317 467 1370 et
487 1311 698 1373 siochristum
722 1330 790 1370 eum
815 1315 881 1370 toto
901 1325 987 1368 novo
998 1306 1056 1368 'l'e-

130 1396 284 1453 stamento
305 1402 446 1474 negant,
474 1402 506 1454 et
528 1396 586 1455 tria
613 1395 712 1475 prima
732 1399 898 1475 praesepta
918 1390 1056 1452 solvunt.

132 1473 258 1536 Utinam
279 1474 383 1555 aliqua
403 1476 583 1537 Parisiensis
614 1476 744 1557 quernus
776 1486 827 1536 aut
854 1494 966 1555 porcus
989 1475 1056 1535 eius

131 1557 335 1638 glandirorax
356 1566 472 1639 surgat,
494 1568 525 1620 et
545 1562 696 1622 rationem
730 1580 805 1621 snae
826 1559 1057 1619 determinatio-

130 1640 178 1701 nis
190 1640 468 1703 Pariaiensissimae
481 1642 600 1721 reddat,
614 1663 675 1724 quo
690 1644 795 1703 liceret
806 1642 1054 1702 abominationes

129 1725 204 1784 istas
234 1724 410 1805 eopiosioro
440 1733 570 1787 traotatu
599 1727 657 1787 sub
685 1727 784 1789 lucem
807 1724 995 1807 producere,
1023 1732 1057 1785 et

130 1805 197 1867 orbi
220 1807 384 1868 ostendere
406 1816 553 1887 portenta
568 1811 629 1870 ista
650 1816 798 1889 tartarea,
820 1811 852 1869 in
879 1807 1072 1867 Academiis·

131 1889 219 1951 titulo
242 1889 458 1972 theologorum
480 1895 652 1972 regnantia.
694 1893 784 1953 Nuoo
805 1893 884 1952 ratio
906 1892 1054 1970 temporis

131 1978 164 2033 ot
184 1974 319 2055 suseepti
341 1976 511 2054 argumenti
535 1975 625 2036 latius
646 1996 739 2054 agere
767 1995 829 2036 non
857 1975 946 2047 sinit,
976 1973 1053 2033 alio-

129 2057 181 2135 qui
203 2062 235 2116 et
255 2055 294 2117 do
315 2055 545 2137 dispensatione
568 2061 630 2120 voti
654 2058 810 2137 dixissem,
833 2058 863 2116 in
882 2076 944 2136 quo
968 2056 1055 2136 Papa

129 2137 344 2200 abominabilis
367 2140 425 2201 sibi
437 2160 564 2221 regnum
578 2152 712 2223 arrogat,
735 2141 817 2220 qnod
829 2147 930 2200 tamen
947 2159 1052 2219 agam,

129 2220 180 2279 uhi
202 2220 240 2280 de
262 2222 483 2284 monachorum
506 2227 586 2285 votis
609 2228 782 2306 scripsero,
814 2242 869 2303 pro
894 2223 1051 2283 liberanda

128 2304 239 2363 misera
253 2304 409 2367 iuventute
431 2306 470 2367 ab
482 2307 639 2368 immunda
655 2309 715 2368 ista
736 2309 876 2368 castitate
896 2313 1050 2367 votorum.

210 2384 432 2466 Comparemus
453 2390 556 2469 itaque
577 2391 635 2451 bos
658 2390 735 2450 duos
751 2392 806 2450 Dei
830 2400 858 2448 et
874 2391 977 2468 Papae
1001 2388 1051 2448 de·

126 2468 264 2548 oalogm,
287 2476 320 2530 ut
338 2471 507 2551 videamus,
529 2492 620 2551 quam
643 2494 705 2535 non
736 2474 823 2533 aliter
845 2472 900 2532 sub
925 2474 1052 2531 nomine

127 2551 204 2632 legis
226 2552 348 2614 divinae
370 2553 470 2635 legem
495 2556 700 2636 transtulerit,
730 2576 819 2635 quam
843 2554 900 2616 sub
923 2557 1051 2614 nomino

128 2634 295 2696 sacerdotii
329 2635 493 2698 Christiani
537 2640 743 2701 sacerdotium
779 2637 992 2711 transtulit2l,
1023 2647 1055 2698 et

63 2738 71 2747 ’
126 2717 273 2797 prolege
294 2719 351 2779 Dei
373 2719 458 2801 leges
479 2741 565 2801 suas,
587 2742 644 2803 pro
666 2722 840 2783 sacerdotio
864 2722 974 2781 Christi
1001 2740 1051 2780 sa-

126 2799 295 2862 cerdotium
323 2820 431 2882 suum,
469 2804 500 2865 id
528 2811 593 2885 est,
620 2806 881 2867 abominationem
914 2805 943 2862 in
979 2803 1050 2864 looo

125 2889 233 2945 sanato
255 2886 402 2945 statuerit.

468 3067 700 3149 Deoalogus.

161 3170 164 3177 ,
247 3191 411 3254 Divinus
731 3196 965 3276 Papistious.

125 3317 194 3379 Non
218 3317 345 3380 habebis
367 3321 451 3383 Deos
474 3323 592 3384 alienos
680 3325 781 3386 Dioito
804 3344 865 3384 non
888 3324 1052 3387 habendos

165 3418 268 3462 eoram
293 3422 352 3469 me.
722 3406 867 3489 deos,sed
877 3407 990 3468 habeto
1001 3408 1052 3468 do·

725 3509 760 3551 os
784 3491 912 3554 alienos.

123 3600 537 3617 Quum—...-

196 3657 229 3722 1)
249 3656 280 3711 lu
301 3655 344 3711 ed.
364 3656 434 3728 orig.
454 3657 555 3713 desunt
573 3658 672 3714 verba:
698 3660 760 3714 loco
779 3657 852 3725 fidei,
873 3660 992 3729 repetita
1007 3660 1053 3717 hio

122 3731 187 3784 sunt
204 3740 239 3783 ax
258 3725 324 3783 adit
344 3728 399 3784 lan.
439 3731 471 3797 2)
492 3730 523 3786 In
545 3730 588 3786 od.
607 3731 678 3787 Ion:
698 3732 875 3788 transtulerit.
1043 3728 1050 3739 ⁴
