<?xml version="1.0" encoding="UTF-8"?>
<!DOCTYPE html PUBLIC "-//W3C//DTD XHTML 1.0 Transitional//EN"
    "http://www.w3.org/TR/xhtml1/DTD/xhtml1-transitional.dtd">
<html xmlns="http://www.w3.org/1999/xhtml" xml:lang="en" lang="en">
 <head>
  <title>
</title>
<meta http-equiv="Content-Type" content="text/html;charset=utf-8" />
  <meta name='ocr-system' content='tesseract 3.04.00' />
  <meta name='ocr-capabilities' content='ocr_page ocr_carea ocr_par ocr_line ocrx_word'/>
</head>
<body>
  <div class='ocr_page' id='page_1' title='image "./dmartinilutheri03luthgoog_0300.png"; bbox 0 0 2392 4170; ppageno 0'>
   <div class='ocr_carea' id='block_1_1' title="bbox 393 234 1062 308">
    <p class='ocr_par' dir='ltr' id='par_1_1' title="bbox 393 234 1062 308">
     <span class='ocr_line' id='line_1_1' title="bbox 393 234 1062 308; baseline 0.01 -14"><span class='ocrx_word' id='word_1_1' title='bbox 393 234 553 295; x_wconf 56' lang='lat' dir='ltr'><strong>‹Ambnnsii</strong></span> <span class='ocrx_word' id='word_1_2' title='bbox 573 241 681 296; x_wconf 78' lang='lat' dir='ltr'><strong>Callian.</strong></span> <span class='ocrx_word' id='word_1_3' title='bbox 702 257 726 295; x_wconf 77' lang='lat' dir='ltr'><strong>a</strong></span> <span class='ocrx_word' id='word_1_4' title='bbox 749 239 826 299; x_wconf 60' lang='lat' dir='ltr'><strong>lidi.</strong></span> <span class='ocrx_word' id='word_1_5' title='bbox 999 237 1062 308; x_wconf 74' lang='lat'><strong>289</strong></span> 
     </span>
    </p>
   </div>
   <div class='ocr_carea' id='block_1_2' title="bbox 138 477 1066 877">
    <p class='ocr_par' dir='ltr' id='par_1_2' title="bbox 138 477 1066 568">
     <span class='ocr_line' id='line_1_2' title="bbox 138 477 1066 568; baseline 0.003 -17"><span class='ocrx_word' id='word_1_6' title='bbox 138 479 207 551; x_wconf 75' lang='lat' dir='ltr'><strong>Ad·</strong></span> <span class='ocrx_word' id='word_1_7' title='bbox 225 477 344 554; x_wconf 85' lang='lat' dir='ltr'><strong>librum</strong></span> <span class='ocrx_word' id='word_1_8' title='bbox 378 483 488 549; x_wconf 85' lang='lat' dir='ltr'><strong>eximii</strong></span> <span class='ocrx_word' id='word_1_9' title='bbox 520 483 672 568; x_wconf 78' lang='lat' dir='ltr'><strong>ileglstri</strong></span> <span class='ocrx_word' id='word_1_10' title='bbox 700 485 806 552; x_wconf 80' lang='lat' dir='ltr'><strong>nestri</strong></span> <span class='ocrx_word' id='word_1_11' title='bbox 833 484 871 552; x_wconf 88' lang='lat' dir='ltr'><strong>ll.</strong></span> <span class='ocrx_word' id='word_1_12' title='bbox 904 484 1066 554; x_wconf 76' lang='lat' dir='ltr'><strong>Ambrusil</strong></span> 
     </span>
    </p>

    <p class='ocr_par' dir='ltr' id='par_1_3' title="bbox 140 586 1064 664">
     <span class='ocr_line' id='line_1_3' title="bbox 140 586 1064 664; baseline 0.005 -10"><span class='ocrx_word' id='word_1_13' title='bbox 140 586 328 664; x_wconf 71' lang='lat' dir='ltr'><strong>munaum,</strong></span> <span class='ocrx_word' id='word_1_14' title='bbox 358 587 537 656; x_wconf 85' lang='lat' dir='ltr'><strong>defensuris</strong></span> <span class='ocrx_word' id='word_1_15' title='bbox 560 589 714 659; x_wconf 76' lang='lat' dir='ltr'><strong>silvestri</strong></span> <span class='ocrx_word' id='word_1_16' title='bbox 735 590 895 659; x_wconf 76' lang='lat' dir='ltr'><strong>Prien-atis</strong></span> <span class='ocrx_word' id='word_1_17' title='bbox 916 593 1064 659; x_wconf 80' lang='lat' dir='ltr'><strong>mernisti</strong></span> 
     </span>
    </p>

    <p class='ocr_par' dir='ltr' id='par_1_4' title="bbox 153 678 1038 877">
     <span class='ocr_line' id='line_1_4' title="bbox 153 678 1038 791; baseline 0.008 -31"><span class='ocrx_word' id='word_1_18' title='bbox 153 678 346 791; x_wconf 20' lang='lat' dir='ltr'><strong>¹lle-suenda</strong></span> <span class='ocrx_word' id='word_1_19' title='bbox 369 694 464 763; x_wconf 74' lang='lat' dir='ltr'><strong>Mart.</strong></span> <span class='ocrx_word' id='word_1_20' title='bbox 486 695 631 778; x_wconf 83' lang='lat' dir='ltr'><strong>Lntheni,</strong></span> <span class='ocrx_word' id='word_1_21' title='bbox 654 715 723 766; x_wconf 88' lang='lat' dir='ltr'><strong>eum</strong></span> <span class='ocrx_word' id='word_1_22' title='bbox 743 699 892 783; x_wconf 81' lang='lat' dir='ltr'><strong>exposita</strong></span> <span class='ocrx_word' id='word_1_23' title='bbox 912 699 1038 778; x_wconf 76' lang='lat' dir='ltr'><strong>visione</strong></span> 
     </span>
     <span class='ocr_line' id='line_1_5' title="bbox 338 799 858 877; baseline 0.017 -11"><span class='ocrx_word' id='word_1_24' title='bbox 338 799 453 870; x_wconf 77' lang='lat' dir='ltr'><strong>Daniel</strong></span> <span class='ocrx_word' id='word_1_25' title='bbox 475 800 561 870; x_wconf 85' lang='lat' dir='ltr'><strong>VIIL</strong></span> <span class='ocrx_word' id='word_1_26' title='bbox 583 801 622 869; x_wconf 87' lang='lat' dir='ltr'><strong>de</strong></span> <span class='ocrx_word' id='word_1_27' title='bbox 642 803 858 877; x_wconf 70' lang='lat' dir='ltr'><strong>mutinense.</strong></span> 
     </span>
    </p>
   </div>
   <div class='ocr_carea' id='block_1_3' title="bbox 539 957 659 1038">
    <p class='ocr_par' dir='ltr' id='par_1_5' title="bbox 539 957 659 1038">
     <span class='ocr_line' id='line_1_6' title="bbox 539 957 659 1038; baseline 0.017 -2"><span class='ocrx_word' id='word_1_28' title='bbox 539 957 625 1037; x_wconf 86' lang='lat' dir='ltr'><strong>lesu</strong></span> <span class='ocrx_word' id='word_1_29' title='bbox 634 997 659 1038; x_wconf 92' lang='lat' dir='ltr'><strong>s.</strong></span> 
     </span>
    </p>
   </div>
   <div class='ocr_carea' id='block_1_4' title="bbox 139 1189 1064 1547">
    <p class='ocr_par' dir='ltr' id='par_1_6' title="bbox 139 1189 1064 1547">
     <span class='ocr_line' id='line_1_7' title="bbox 141 1189 1064 1318; baseline 0.007 -22"><span class='ocrx_word' id='word_1_30' title='bbox 141 1199 281 1298; x_wconf 71' lang='lat' dir='ltr'><strong>Viaeilee</strong></span> <span class='ocrx_word' id='word_1_31' title='bbox 303 1235 410 1313; x_wconf 86' lang='lat' dir='ltr'><strong>Liueo,</strong></span> <span class='ocrx_word' id='word_1_32' title='bbox 435 1229 681 1316; x_wconf 77' lang='lat' dir='ltr'><strong>Augustinianae</strong></span> <span class='ocrx_word' id='word_1_33' title='bbox 697 1236 845 1300; x_wconf 73' lang='lat' dir='ltr'><strong>Familiae</strong></span> <span class='ocrx_word' id='word_1_34' title='bbox 860 1189 993 1318; x_wconf 75' lang='lat' dir='ltr'><strong>Vissule,</strong></span> <span class='ocrx_word' id='word_1_35' title='bbox 1016 1258 1064 1302; x_wconf 86' lang='lat' dir='ltr'><strong>ee·</strong></span> 
     </span>
     <span class='ocr_line' id='line_1_8' title="bbox 139 1317 1064 1405; baseline 0.004 -25"><span class='ocrx_word' id='word_1_36' title='bbox 139 1317 314 1401; x_wconf 82' lang='lat' dir='ltr'><strong>elesiasti1)</strong></span> <span class='ocrx_word' id='word_1_37' title='bbox 338 1317 593 1399; x_wconf 79' lang='lat' dir='ltr'><strong>Nurmbergensis</strong></span> <span class='ocrx_word' id='word_1_38' title='bbox 616 1320 777 1398; x_wconf 78' lang='lat' dir='ltr'><strong>eeclesiae,</strong></span> <span class='ocrx_word' id='word_1_39' title='bbox 799 1340 871 1382; x_wconf 81' lang='lat' dir='ltr'><strong>vere</strong></span> <span class='ocrx_word' id='word_1_40' title='bbox 892 1321 1064 1405; x_wconf 75' lang='lat' dir='ltr'><strong>Theologu,</strong></span> 
     </span>
     <span class='ocr_line' id='line_1_9' title="bbox 227 1403 973 1547; baseline 0.004 -85"><span class='ocrx_word' id='word_1_41' title='bbox 227 1422 285 1464; x_wconf 88' lang='lat' dir='ltr'><strong>aue</strong></span> <span class='ocrx_word' id='word_1_42' title='bbox 307 1404 338 1463; x_wconf 91' lang='lat' dir='ltr'><strong>in</strong></span> <span class='ocrx_word' id='word_1_43' title='bbox 362 1403 495 1464; x_wconf 84' lang='lat' dir='ltr'><strong>Domine</strong></span> <span class='ocrx_word' id='word_1_44' title='bbox 518 1403 805 1547; x_wconf 59' lang='lat' dir='ltr'><strong>lgqqqqqmllarlinus</strong></span> <span class='ocrx_word' id='word_1_45' title='bbox 826 1403 973 1467; x_wconf 73' lang='lat' dir='ltr'><strong>lutherus</strong></span> 
     </span>
    </p>
   </div>
   <div class='ocr_carea' id='block_1_5' title="bbox 80 1634 1064 3549">
    <p class='ocr_par' dir='ltr' id='par_1_7' title="bbox 80 1634 1063 3371">
     <span class='ocr_line' id='line_1_10' title="bbox 219 1634 1062 1718; baseline 0.004 -21"><span class='ocrx_word' id='word_1_46' title='bbox 219 1636 266 1697; x_wconf 83' lang='grc' dir='ltr'>Βι</span> <span class='ocrx_word' id='word_1_47' title='bbox 288 1636 351 1697; x_wconf 85' lang='lat' dir='ltr'><strong>tibi·</strong></span> <span class='ocrx_word' id='word_1_48' title='bbox 364 1634 448 1696; x_wconf 80' lang='lat' dir='ltr'><strong>tuum</strong></span> <span class='ocrx_word' id='word_1_49' title='bbox 464 1635 657 1698; x_wconf 85' lang='lat' dir='ltr'><strong>Ambrosium</strong></span> <span class='ocrx_word' id='word_1_50' title='bbox 678 1637 885 1718; x_wconf 81' lang='lat' dir='ltr'><strong>Ostherinum,</strong></span> <span class='ocrx_word' id='word_1_51' title='bbox 908 1637 1062 1700; x_wconf 80' lang='lat' dir='ltr'><strong>venerabi·</strong></span> 
     </span>
     <span class='ocr_line' id='line_1_11' title="bbox 137 1719 1064 1797; baseline 0.004 -18"><span class='ocrx_word' id='word_1_52' title='bbox 137 1720 173 1780; x_wconf 88' lang='lat' dir='ltr'><strong>lis</strong></span> <span class='ocrx_word' id='word_1_53' title='bbox 195 1722 225 1781; x_wconf 84' lang='lat' dir='ltr'><strong>in</strong></span> <span class='ocrx_word' id='word_1_54' title='bbox 249 1719 370 1780; x_wconf 79' lang='lat' dir='ltr'><strong>Christe</strong></span> <span class='ocrx_word' id='word_1_55' title='bbox 395 1719 543 1797; x_wconf 78' lang='lat' dir='ltr'><strong>visullae,</strong></span> <span class='ocrx_word' id='word_1_56' title='bbox 557 1740 671 1782; x_wconf 86' lang='lat' dir='ltr'><strong>novum</strong></span> <span class='ocrx_word' id='word_1_57' title='bbox 694 1720 777 1780; x_wconf 91' lang='lat' dir='ltr'><strong>illum</strong></span> <span class='ocrx_word' id='word_1_58' title='bbox 804 1722 979 1782; x_wconf 82' lang='lat' dir='ltr'><strong>ltaliaatam</strong></span> <span class='ocrx_word' id='word_1_59' title='bbox 1001 1721 1064 1783; x_wconf 87' lang='lat' dir='ltr'><strong>lau·</strong></span> 
     </span>
     <span class='ocr_line' id='line_1_12' title="bbox 138 1803 1063 1885; baseline 0.002 -22"><span class='ocrx_word' id='word_1_60' title='bbox 138 1803 228 1865; x_wconf 88' lang='lat' dir='ltr'><strong>datae</strong></span> <span class='ocrx_word' id='word_1_61' title='bbox 255 1811 393 1883; x_wconf 82' lang='lat' dir='ltr'><strong>parium,</strong></span> <span class='ocrx_word' id='word_1_62' title='bbox 421 1823 529 1864; x_wconf 84' lang='lat' dir='ltr'><strong>revera</strong></span> <span class='ocrx_word' id='word_1_63' title='bbox 557 1805 706 1885; x_wconf 80' lang='lat' dir='ltr'><strong>insignem</strong></span> <span class='ocrx_word' id='word_1_64' title='bbox 740 1803 909 1866; x_wconf 81' lang='lat' dir='ltr'><strong>Silveslrini</strong></span> <span class='ocrx_word' id='word_1_65' title='bbox 928 1804 1063 1884; x_wconf 71' lang='lat' dir='ltr'><strong>liegistri</strong></span> 
     </span>
     <span class='ocr_line' id='line_1_13' title="bbox 137 1885 1061 1973; baseline 0.003 -26"><span class='ocrx_word' id='word_1_66' title='bbox 137 1896 425 1951; x_wconf 72' lang='lat' dir='ltr'><strong>consummatorem.</strong></span> <span class='ocrx_word' id='word_1_67' title='bbox 470 1885 550 1962; x_wconf 80' lang='lat' dir='ltr'><strong>Quid</strong></span> <span class='ocrx_word' id='word_1_68' title='bbox 563 1887 665 1973; x_wconf 88' lang='lat' dir='ltr'><strong>mihi,</strong></span> <span class='ocrx_word' id='word_1_69' title='bbox 657 1889 786 1966; x_wconf 79' lang='lat' dir='ltr'><strong>inquies,</strong></span> <span class='ocrx_word' id='word_1_70' title='bbox 799 1888 947 1948; x_wconf 87' lang='lat' dir='ltr'><strong>insulsum</strong></span> <span class='ocrx_word' id='word_1_71' title='bbox 971 1889 1061 1950; x_wconf 84' lang='lat' dir='ltr'><strong>istum</strong></span> 
     </span>
     <span class='ocr_line' id='line_1_14' title="bbox 136 1964 1063 2048; baseline 0.003 -19"><span class='ocrx_word' id='word_1_72' title='bbox 136 1979 166 2029; x_wconf 84' lang='lat' dir='ltr'><strong>et</strong></span> <span class='ocrx_word' id='word_1_73' title='bbox 187 1969 350 2046; x_wconf 79' lang='lat' dir='ltr'><strong>stolidum,</strong></span> <span class='ocrx_word' id='word_1_74' title='bbox 378 1969 416 2036; x_wconf 90' lang='lat' dir='ltr'><strong>de</strong></span> <span class='ocrx_word' id='word_1_75' title='bbox 438 1987 500 2048; x_wconf 88' lang='lat' dir='ltr'><strong>que</strong></span> <span class='ocrx_word' id='word_1_76' title='bbox 523 1964 755 2031; x_wconf 76' lang='lat' dir='ltr'><strong>benediceres:</strong></span> <span class='ocrx_word' id='word_1_77' title='bbox 783 1968 818 2033; x_wconf 91' lang='lat' dir='ltr'><strong>Iu</strong></span> <span class='ocrx_word' id='word_1_78' title='bbox 842 1977 907 2032; x_wconf 87' lang='lat' dir='ltr'><strong>tolo</strong></span> <span class='ocrx_word' id='word_1_79' title='bbox 931 1989 992 2032; x_wconf 86' lang='lat' dir='ltr'><strong>uun</strong></span> <span class='ocrx_word' id='word_1_80' title='bbox 1015 1979 1063 2032; x_wconf 83' lang='lat' dir='ltr'><strong>est</strong></span> 
     </span>
     <span class='ocr_line' id='line_1_15' title="bbox 136 2051 1062 2134; baseline 0.001 -20"><span class='ocrx_word' id='word_1_81' title='bbox 136 2071 266 2134; x_wconf 79' lang='lat' dir='ltr'><strong>serpere</strong></span> <span class='ocrx_word' id='word_1_82' title='bbox 289 2055 369 2115; x_wconf 87' lang='lat' dir='ltr'><strong>mina</strong></span> <span class='ocrx_word' id='word_1_83' title='bbox 394 2051 488 2114; x_wconf 86' lang='lat' dir='ltr'><strong>salis?</strong></span> <span class='ocrx_word' id='word_1_84' title='bbox 522 2053 724 2134; x_wconf 80' lang='lat' dir='ltr'><strong>Respondeoz</strong></span> <span class='ocrx_word' id='word_1_85' title='bbox 751 2052 800 2132; x_wconf 84' lang='grc' dir='ltr'>Βι,</span> <span class='ocrx_word' id='word_1_86' title='bbox 823 2062 855 2114; x_wconf 86' lang='lat' dir='ltr'><strong>tu</strong></span> <span class='ocrx_word' id='word_1_87' title='bbox 883 2054 957 2134; x_wconf 90' lang='lat' dir='ltr'><strong>qnid</strong></span> <span class='ocrx_word' id='word_1_88' title='bbox 978 2053 1062 2115; x_wconf 90' lang='lat' dir='ltr'><strong>illum</strong></span> 
     </span>
     <span class='ocr_line' id='line_1_16' title="bbox 136 2135 1061 2218; baseline 0.004 -23"><span class='ocrx_word' id='word_1_89' title='bbox 136 2135 175 2195; x_wconf 86' lang='lat' dir='ltr'><strong>ad</strong></span> <span class='ocrx_word' id='word_1_90' title='bbox 198 2155 247 2197; x_wconf 89' lang='lat' dir='ltr'><strong>me</strong></span> <span class='ocrx_word' id='word_1_91' title='bbox 270 2137 394 2214; x_wconf 86' lang='lat' dir='ltr'><strong>misisti,</strong></span> <span class='ocrx_word' id='word_1_92' title='bbox 416 2155 454 2196; x_wconf 87' lang='lat' dir='ltr'><strong>ae</strong></span> <span class='ocrx_word' id='word_1_93' title='bbox 475 2154 536 2196; x_wconf 86' lang='lat' dir='ltr'><strong>non</strong></span> <span class='ocrx_word' id='word_1_94' title='bbox 562 2156 635 2197; x_wconf 87' lang='lat' dir='ltr'><strong>mox</strong></span> <span class='ocrx_word' id='word_1_95' title='bbox 658 2137 797 2218; x_wconf 83' lang='lat' dir='ltr'><strong>Pegnitio</strong></span> <span class='ocrx_word' id='word_1_96' title='bbox 827 2146 880 2198; x_wconf 89' lang='lat' dir='ltr'><strong>tuo</strong></span> <span class='ocrx_word' id='word_1_97' title='bbox 909 2149 963 2198; x_wconf 88' lang='lat' dir='ltr'><strong>aut</strong></span> <span class='ocrx_word' id='word_1_98' title='bbox 992 2138 1061 2199; x_wconf 89' lang='lat' dir='ltr'><strong>Vul-</strong></span> 
     </span>
     <span class='ocr_line' id='line_1_17' title="bbox 136 2219 1061 2302; baseline 0.003 -22"><span class='ocrx_word' id='word_1_99' title='bbox 136 2238 215 2281; x_wconf 86' lang='lat' dir='ltr'><strong>uanu</strong></span> <span class='ocrx_word' id='word_1_100' title='bbox 238 2219 484 2281; x_wconf 74' lang='lat' dir='ltr'><strong>commendasti?</strong></span> <span class='ocrx_word' id='word_1_101' title='bbox 506 2239 545 2279; x_wconf 88' lang='lat' dir='ltr'><strong>ne</strong></span> <span class='ocrx_word' id='word_1_102' title='bbox 569 2227 614 2281; x_wconf 88' lang='lat' dir='ltr'><strong>tot</strong></span> <span class='ocrx_word' id='word_1_103' title='bbox 636 2221 727 2281; x_wconf 86' lang='lat' dir='ltr'><strong>boras</strong></span> <span class='ocrx_word' id='word_1_104' title='bbox 741 2221 811 2281; x_wconf 91' lang='lat' dir='ltr'><strong>mihi</strong></span> <span class='ocrx_word' id='word_1_105' title='bbox 834 2223 864 2281; x_wconf 91' lang='lat' dir='ltr'><strong>in</strong></span> <span class='ocrx_word' id='word_1_106' title='bbox 878 2240 916 2282; x_wconf 91' lang='lat' dir='ltr'><strong>eo</strong></span> <span class='ocrx_word' id='word_1_107' title='bbox 930 2221 1061 2302; x_wconf 86' lang='lat' dir='ltr'><strong>legendo</strong></span> 
     </span>
     <span class='ocr_line' id='line_1_18' title="bbox 136 2303 1061 2384; baseline 0.001 -21"><span class='ocrx_word' id='word_1_108' title='bbox 136 2303 295 2382; x_wconf 83' lang='lat' dir='ltr'><strong>perderes,</strong></span> <span class='ocrx_word' id='word_1_109' title='bbox 331 2321 408 2382; x_wconf 89' lang='lat' dir='ltr'><strong>quas</strong></span> <span class='ocrx_word' id='word_1_110' title='bbox 437 2303 543 2364; x_wconf 87' lang='lat' dir='ltr'><strong>melius</strong></span> <span class='ocrx_word' id='word_1_111' title='bbox 577 2304 701 2364; x_wconf 85' lang='lat' dir='ltr'><strong>inissem</strong></span> <span class='ocrx_word' id='word_1_112' title='bbox 735 2306 863 2384; x_wconf 81' lang='lat' dir='ltr'><strong>partitus</strong></span> <span class='ocrx_word' id='word_1_113' title='bbox 895 2306 927 2366; x_wconf 91' lang='lat' dir='ltr'><strong>in</strong></span> <span class='ocrx_word' id='word_1_114' title='bbox 958 2303 1061 2366; x_wconf 90' lang='lat' dir='ltr'><strong>ludum</strong></span> 
     </span>
     <span class='ocr_line' id='line_1_19' title="bbox 135 2385 1063 2468; baseline 0.001 -21"><span class='ocrx_word' id='word_1_115' title='bbox 135 2387 267 2466; x_wconf 80' lang='lat' dir='ltr'><strong>aliquem</strong></span> <span class='ocrx_word' id='word_1_116' title='bbox 296 2385 495 2447; x_wconf 72' lang='lat' dir='ltr'><strong>circulatoris</strong></span> <span class='ocrx_word' id='word_1_117' title='bbox 518 2395 570 2446; x_wconf 89' lang='lat' dir='ltr'><strong>aut</strong></span> <span class='ocrx_word' id='word_1_118' title='bbox 599 2388 930 2468; x_wconf 85' lang='lat' dir='ltr'><strong>eomputatiuneulam,</strong></span> <span class='ocrx_word' id='word_1_119' title='bbox 958 2399 990 2448; x_wconf 83' lang='grc' dir='ltr'><strong>ιιι</strong></span> <span class='ocrx_word' id='word_1_120' title='bbox 1018 2390 1063 2448; x_wconf 88' lang='lat' dir='ltr'><strong>sie</strong></span> 
     </span>
     <span class='ocr_line' id='line_1_20' title="bbox 136 2469 1060 2550; baseline 0.004 -20"><span class='ocrx_word' id='word_1_121' title='bbox 136 2470 210 2531; x_wconf 89' lang='lat' dir='ltr'><strong>ltalo</strong></span> <span class='ocrx_word' id='word_1_122' title='bbox 232 2469 299 2531; x_wconf 88' lang='lat' dir='ltr'><strong>sale</strong></span> <span class='ocrx_word' id='word_1_123' title='bbox 323 2473 483 2550; x_wconf 85' lang='lat' dir='ltr'><strong>meipsum</strong></span> <span class='ocrx_word' id='word_1_124' title='bbox 496 2469 613 2545; x_wconf 88' lang='lat' dir='ltr'><strong>saliam</strong></span> <span class='ocrx_word' id='word_1_125' title='bbox 637 2489 727 2549; x_wconf 90' lang='lat' dir='ltr'><strong>quam</strong></span> <span class='ocrx_word' id='word_1_126' title='bbox 751 2471 822 2531; x_wconf 92' lang='lat' dir='ltr'><strong>dum</strong></span> <span class='ocrx_word' id='word_1_127' title='bbox 839 2472 1060 2550; x_wconf 81' lang='lat' dir='ltr'><strong>sterquilinium</strong></span> 
     </span>
     <span class='ocr_line' id='line_1_21' title="bbox 136 2553 1062 2614; baseline 0.004 -4"><span class='ocrx_word' id='word_1_128' title='bbox 136 2553 297 2614; x_wconf 83' lang='lat' dir='ltr'><strong>verborum</strong></span> <span class='ocrx_word' id='word_1_129' title='bbox 327 2553 536 2613; x_wconf 86' lang='lat' dir='ltr'><strong>verbosissimi</strong></span> <span class='ocrx_word' id='word_1_130' title='bbox 564 2559 596 2613; x_wconf 86' lang='lat' dir='ltr'><strong>et</strong></span> <span class='ocrx_word' id='word_1_131' title='bbox 628 2553 853 2613; x_wconf 87' lang='lat' dir='ltr'><strong>maledieisaimi</strong></span> <span class='ocrx_word' id='word_1_132' title='bbox 882 2554 1062 2614; x_wconf 83' lang='lat' dir='ltr'><strong>Themistue</strong></span> 
     </span>
     <span class='ocr_line' id='line_1_22' title="bbox 134 2637 1063 2733; baseline 0.002 -37"><span class='ocrx_word' id='word_1_133' title='bbox 134 2637 334 2733; x_wconf 84' lang='lat' dir='ltr'><strong>perlustro,</strong></span> <span class='ocrx_word' id='word_1_134' title='bbox 316 2656 356 2696; x_wconf 90' lang='grc' dir='ltr'><strong>ιιι</strong></span> <span class='ocrx_word' id='word_1_135' title='bbox 380 2656 479 2698; x_wconf 83' lang='lat' dir='ltr'><strong>eosne</strong></span> <span class='ocrx_word' id='word_1_136' title='bbox 504 2638 563 2696; x_wconf 88' lang='lat' dir='ltr'><strong>isto</strong></span> <span class='ocrx_word' id='word_1_137' title='bbox 586 2655 664 2717; x_wconf 88' lang='lat' dir='ltr'><strong>pene</strong></span> <span class='ocrx_word' id='word_1_138' title='bbox 694 2656 786 2733; x_wconf 78' lang='lat' dir='ltr'><strong>pense</strong></span> <span class='ocrx_word' id='word_1_139' title='bbox 817 2638 917 2700; x_wconf 83' lang='lat' dir='ltr'><strong>miser</strong></span> <span class='ocrx_word' id='word_1_140' title='bbox 960 2637 1063 2698; x_wconf 84' lang='lat' dir='ltr'><strong>Talio-</strong></span> 
     </span>
     <span class='ocr_line' id='line_1_23' title="bbox 134 2719 1060 2800; baseline 0.003 -22"><span class='ocrx_word' id='word_1_141' title='bbox 134 2720 180 2780; x_wconf 89' lang='lat' dir='ltr'><strong>nie</strong></span> <span class='ocrx_word' id='word_1_142' title='bbox 202 2722 268 2780; x_wconf 83' lang='lat' dir='ltr'><strong>iure</strong></span> <span class='ocrx_word' id='word_1_143' title='bbox 291 2739 359 2779; x_wconf 89' lang='lat' dir='ltr'><strong>eum</strong></span> <span class='ocrx_word' id='word_1_144' title='bbox 381 2722 509 2800; x_wconf 82' lang='lat' dir='ltr'><strong>resipis,</strong></span> <span class='ocrx_word' id='word_1_145' title='bbox 532 2739 570 2779; x_wconf 89' lang='lat' dir='ltr'><strong>ue</strong></span> <span class='ocrx_word' id='word_1_146' title='bbox 593 2719 753 2799; x_wconf 88' lang='lat' dir='ltr'><strong>deiueeps</strong></span> <span class='ocrx_word' id='word_1_147' title='bbox 760 2721 824 2780; x_wconf 90' lang='lat' dir='ltr'><strong>eius</strong></span> <span class='ocrx_word' id='word_1_148' title='bbox 847 2719 969 2799; x_wconf 86' lang='lat' dir='ltr'><strong>generis</strong></span> <span class='ocrx_word' id='word_1_149' title='bbox 992 2739 1060 2799; x_wconf 65' lang='lat' dir='ltr'><strong>pen</strong></span> 
     </span>
     <span class='ocr_line' id='line_1_24' title="bbox 134 2801 1060 2882; baseline -0.001 -19"><span class='ocrx_word' id='word_1_150' title='bbox 134 2809 219 2864; x_wconf 79' lang='lat' dir='ltr'><strong>lente</strong></span> <span class='ocrx_word' id='word_1_151' title='bbox 240 2801 281 2862; x_wconf 86' lang='lat' dir='ltr'><strong>ad</strong></span> <span class='ocrx_word' id='word_1_152' title='bbox 309 2822 357 2864; x_wconf 90' lang='lat' dir='ltr'><strong>me</strong></span> <span class='ocrx_word' id='word_1_153' title='bbox 386 2807 489 2864; x_wconf 86' lang='lat' dir='ltr'><strong>venire</strong></span> <span class='ocrx_word' id='word_1_154' title='bbox 512 2822 615 2881; x_wconf 83' lang='lat' dir='ltr'><strong>eures,</strong></span> <span class='ocrx_word' id='word_1_155' title='bbox 635 2805 734 2882; x_wconf 89' lang='lat' dir='ltr'><strong>quasi</strong></span> <span class='ocrx_word' id='word_1_156' title='bbox 763 2821 824 2864; x_wconf 90' lang='lat' dir='ltr'><strong>non</strong></span> <span class='ocrx_word' id='word_1_157' title='bbox 853 2805 928 2864; x_wconf 85' lang='lat' dir='ltr'><strong>satis</strong></span> <span class='ocrx_word' id='word_1_158' title='bbox 951 2803 1060 2864; x_wconf 82' lang='lat' dir='ltr'><strong>habeat</strong></span> 
     </span>
     <span class='ocr_line' id='line_1_25' title="bbox 134 2884 1062 2948; baseline 0 -2"><span class='ocrx_word' id='word_1_159' title='bbox 134 2884 302 2947; x_wconf 78' lang='lat' dir='ltr'><strong>Germanis</strong></span> <span class='ocrx_word' id='word_1_160' title='bbox 335 2886 527 2947; x_wconf 82' lang='lat' dir='ltr'><strong>delirantium</strong></span> <span class='ocrx_word' id='word_1_161' title='bbox 556 2885 718 2947; x_wconf 82' lang='lat' dir='ltr'><strong>Euelorum</strong></span> <span class='ocrx_word' id='word_1_162' title='bbox 746 2892 779 2946; x_wconf 84' lang='lat' dir='ltr'><strong>et</strong></span> <span class='ocrx_word' id='word_1_163' title='bbox 806 2886 1003 2948; x_wconf 83' lang='lat' dir='ltr'><strong>Emsenorum</strong></span> <span class='ocrx_word' id='word_1_164' title='bbox 1032 2896 1062 2946; x_wconf 80' lang='lat' dir='ltr'><strong>et</strong></span> 
     </span>
     <span class='ocr_line' id='line_1_26' title="bbox 132 2969 1062 3051; baseline 0.001 -22"><span class='ocrx_word' id='word_1_165' title='bbox 132 2969 242 3029; x_wconf 89' lang='lat' dir='ltr'><strong>infiniti</strong></span> <span class='ocrx_word' id='word_1_166' title='bbox 266 2969 347 3049; x_wconf 85' lang='lat' dir='ltr'><strong>vulgi</strong></span> <span class='ocrx_word' id='word_1_167' title='bbox 370 2969 593 3051; x_wconf 70' lang='lat' dir='ltr'><strong>sophistarum.</strong></span> <span class='ocrx_word' id='word_1_168' title='bbox 624 2969 708 3032; x_wconf 78' lang='lat' dir='ltr'><strong>Osse</strong></span> <span class='ocrx_word' id='word_1_169' title='bbox 732 2969 873 3050; x_wconf 84' lang='lat' dir='ltr'><strong>denique,</strong></span> <span class='ocrx_word' id='word_1_170' title='bbox 896 2969 1062 3031; x_wconf 79' lang='lat' dir='ltr'><strong>uestinos</strong></span> 
     </span>
     <span class='ocr_line' id='line_1_27' title="bbox 133 3054 1061 3134; baseline 0.001 -21"><span class='ocrx_word' id='word_1_171' title='bbox 133 3055 234 3133; x_wconf 91' lang='lat' dir='ltr'><strong>ipsum</strong></span> <span class='ocrx_word' id='word_1_172' title='bbox 258 3062 375 3116; x_wconf 83' lang='lat' dir='ltr'><strong>stereus</strong></span> <span class='ocrx_word' id='word_1_173' title='bbox 400 3055 504 3117; x_wconf 84' lang='lat' dir='ltr'><strong>Endon</strong></span> <span class='ocrx_word' id='word_1_174' title='bbox 525 3073 649 3134; x_wconf 84' lang='lat' dir='ltr'><strong>regeres</strong></span> <span class='ocrx_word' id='word_1_175' title='bbox 672 3054 777 3132; x_wconf 83' lang='lat' dir='ltr'><strong>inme,</strong></span> <span class='ocrx_word' id='word_1_176' title='bbox 799 3055 916 3133; x_wconf 89' lang='lat' dir='ltr'><strong>alioqui</strong></span> <span class='ocrx_word' id='word_1_177' title='bbox 940 3074 995 3134; x_wconf 90' lang='lat' dir='ltr'><strong>per</strong></span> <span class='ocrx_word' id='word_1_178' title='bbox 1016 3055 1061 3134; x_wconf 84' lang='lat' dir='ltr'><strong>ip-</strong></span> 
     </span>
     <span class='ocr_line' id='line_1_28' title="bbox 80 3137 1061 3219; baseline -0.002 -18"><span class='ocrx_word' id='word_1_179' title='bbox 80 3198 84 3201; x_wconf 80' lang='lat'>.</span> <span class='ocrx_word' id='word_1_180' title='bbox 131 3156 199 3198; x_wconf 87' lang='lat' dir='ltr'><strong>sam</strong></span> <span class='ocrx_word' id='word_1_181' title='bbox 222 3137 471 3198; x_wconf 81' lang='lat' dir='ltr'><strong>Gathaninlsnem</strong></span> <span class='ocrx_word' id='word_1_182' title='bbox 494 3139 675 3219; x_wconf 86' lang='lat' dir='ltr'><strong>sapientiem</strong></span> <span class='ocrx_word' id='word_1_183' title='bbox 696 3138 774 3213; x_wconf 84' lang='lat' dir='ltr'><strong>iuno,</strong></span> <span class='ocrx_word' id='word_1_184' title='bbox 797 3139 918 3198; x_wconf 86' lang='lat' dir='ltr'><strong>toties</strong></span> <span class='ocrx_word' id='word_1_185' title='bbox 911 3159 941 3199; x_wconf 88' lang='grc' dir='ltr'><strong>ιιι</strong></span> <span class='ocrx_word' id='word_1_186' title='bbox 965 3147 994 3198; x_wconf 87' lang='lat' dir='ltr'><strong>te</strong></span> <span class='ocrx_word' id='word_1_187' title='bbox 1013 3155 1061 3199; x_wconf 80' lang='lat' dir='ltr'><strong>ne-</strong></span> 
     </span>
     <span class='ocr_line' id='line_1_29' title="bbox 131 3221 1060 3301; baseline -0.001 -19"><span class='ocrx_word' id='word_1_188' title='bbox 131 3222 261 3301; x_wconf 79' lang='lat' dir='ltr'><strong>iieietur,</strong></span> <span class='ocrx_word' id='word_1_189' title='bbox 284 3222 414 3283; x_wconf 88' lang='lat' dir='ltr'><strong>donee</strong></span> <span class='ocrx_word' id='word_1_190' title='bbox 407 3243 436 3283; x_wconf 86' lang='grc' dir='ltr'><strong>ιιι</strong></span> <span class='ocrx_word' id='word_1_191' title='bbox 459 3230 490 3283; x_wconf 86' lang='lat' dir='ltr'><strong>te</strong></span> <span class='ocrx_word' id='word_1_192' title='bbox 515 3222 639 3283; x_wconf 87' lang='lat' dir='ltr'><strong>haereat</strong></span> <span class='ocrx_word' id='word_1_193' title='bbox 655 3221 773 3298; x_wconf 85' lang='lat' dir='ltr'><strong>ultime,</strong></span> <span class='ocrx_word' id='word_1_194' title='bbox 787 3228 840 3282; x_wconf 86' lang='lat' dir='ltr'><strong>aut</strong></span> <span class='ocrx_word' id='word_1_195' title='bbox 852 3223 931 3283; x_wconf 78' lang='lat' dir='ltr'><strong>intes</strong></span> <span class='ocrx_word' id='word_1_196' title='bbox 946 3224 1060 3283; x_wconf 85' lang='lat' dir='ltr'><strong>iaetan-</strong></span> 
     </span>
     <span class='ocr_line' id='line_1_30' title="bbox 133 3309 402 3371; baseline -0.015 -1"><span class='ocrx_word' id='word_1_197' title='bbox 133 3309 205 3371; x_wconf 90' lang='lat' dir='ltr'><strong>dum</strong></span> <span class='ocrx_word' id='word_1_198' title='bbox 228 3315 402 3369; x_wconf 77' lang='lat' dir='ltr'><strong>evanescat.</strong></span> 
     </span>
    </p>

    <p class='ocr_par' dir='ltr' id='par_1_8' title="bbox 132 3326 1064 3549">
     <span class='ocr_line' id='line_1_31' title="bbox 215 3326 1061 3464; baseline -0.001 -12"><span class='ocrx_word' id='word_1_199' title='bbox 215 3391 308 3452; x_wconf 87' lang='lat' dir='ltr'><strong>Rides</strong></span> <span class='ocrx_word' id='word_1_200' title='bbox 332 3399 362 3450; x_wconf 87' lang='lat' dir='ltr'><strong>et</strong></span> <span class='ocrx_word' id='word_1_201' title='bbox 387 3392 490 3450; x_wconf 87' lang='lat' dir='ltr'><strong>ioeum</strong></span> <span class='ocrx_word' id='word_1_202' title='bbox 512 3388 693 3450; x_wconf 78' lang='lat' dir='ltr'><strong>existimas?</strong></span> <span class='ocrx_word' id='word_1_203' title='bbox 727 3389 852 3464; x_wconf 84' lang='lat' dir='ltr'><strong>utinam,</strong></span> <span class='ocrx_word' id='word_1_204' title='bbox 875 3392 909 3448; x_wconf 82' lang='lat' dir='ltr'><strong>ul</strong></span> <span class='ocrx_word' id='word_1_205' title='bbox 923 3326 1061 3451; x_wconf 83' lang='lat' dir='ltr'><strong>ridenda</strong></span> 
     </span>
     <span class='ocr_line' id='line_1_32' title="bbox 132 3469 1064 3549; baseline -0.004 -12"><span class='ocrx_word' id='word_1_206' title='bbox 132 3485 180 3538; x_wconf 83' lang='lat' dir='ltr'><strong>est</strong></span> <span class='ocrx_word' id='word_1_207' title='bbox 208 3476 298 3536; x_wconf 90' lang='lat' dir='ltr'><strong>huius</strong></span> <span class='ocrx_word' id='word_1_208' title='bbox 331 3472 398 3534; x_wconf 87' lang='lat' dir='ltr'><strong>Itali</strong></span> <span class='ocrx_word' id='word_1_209' title='bbox 434 3471 601 3549; x_wconf 82' lang='lat' dir='ltr'><strong>stoliditas,</strong></span> <span class='ocrx_word' id='word_1_210' title='bbox 636 3473 678 3532; x_wconf 88' lang='lat' dir='ltr'><strong>ita</strong></span> <span class='ocrx_word' id='word_1_211' title='bbox 706 3469 940 3533; x_wconf 83' lang='lat' dir='ltr'><strong>Germanorum·</strong></span> <span class='ocrx_word' id='word_1_212' title='bbox 960 3471 1064 3535; x_wconf 86' lang='lat' dir='ltr'><strong>nullus</strong></span> 
     </span>
    </p>
   </div>
   <div class='ocr_carea' id='block_1_6' title="bbox 160 3740 911 3900">
    <p class='ocr_par' dir='ltr' id='par_1_9' title="bbox 160 3740 911 3900">
     <span class='ocr_line' id='line_1_33' title="bbox 190 3740 648 3810; baseline -0.011 -12"><span class='ocrx_word' id='word_1_213' title='bbox 190 3749 219 3810; x_wconf 75' lang='grc' dir='ltr'><strong>ιι</strong></span> <span class='ocrx_word' id='word_1_214' title='bbox 239 3743 270 3798; x_wconf 92' lang='lat' dir='ltr'><strong>In</strong></span> <span class='ocrx_word' id='word_1_215' title='bbox 290 3742 333 3798; x_wconf 88' lang='lat' dir='ltr'><strong>ed.</strong></span> <span class='ocrx_word' id='word_1_216' title='bbox 351 3740 432 3797; x_wconf 67' lang='lat' dir='ltr'><strong>Jeme</strong></span> <span class='ocrx_word' id='word_1_217' title='bbox 453 3741 648 3795; x_wconf 72' lang='lat' dir='ltr'><strong>Ecclesiaslae.</strong></span> 
     </span>
     <span class='ocr_line' id='line_1_34' title="bbox 160 3813 911 3900; baseline -0.021 -7"><span class='ocrx_word' id='word_1_218' title='bbox 160 3850 252 3894; x_wconf 72' lang='lat' dir='ltr'><strong>nunes</strong></span> <span class='ocrx_word' id='word_1_219' title='bbox 265 3859 317 3900; x_wconf 76' lang='lat' dir='ltr'><strong>opp.</strong></span> <span class='ocrx_word' id='word_1_220' title='bbox 331 3848 360 3890; x_wconf 82' lang='lat' dir='ltr'><strong>v.</strong></span> <span class='ocrx_word' id='word_1_221' title='bbox 373 3849 401 3889; x_wconf 76' lang='grc' dir='ltr'><strong>Δ.</strong></span> <span class='ocrx_word' id='word_1_222' title='bbox 415 3847 445 3888; x_wconf 76' lang='grc' dir='ltr'><strong>ιιι</strong></span> <span class='ocrx_word' id='word_1_223' title='bbox 461 3847 503 3888; x_wconf 73' lang='lat' dir='ltr'><strong>res.</strong></span> <span class='ocrx_word' id='word_1_224' title='bbox 516 3846 567 3888; x_wconf 76' lang='lat' dir='ltr'><strong>nne</strong></span> <span class='ocrx_word' id='word_1_225' title='bbox 581 3845 596 3886; x_wconf 87' lang='grc' dir='ltr'><strong>ι</strong></span> <span class='ocrx_word' id='word_1_226' title='bbox 609 3855 629 3896; x_wconf 69' lang='grc' dir='ltr'><strong>μ</strong></span> <span class='ocrx_word' id='word_1_227' title='bbox 646 3844 696 3884; x_wconf 77' lang='lat' dir='ltr'><strong>ven</strong></span> <span class='ocrx_word' id='word_1_228' title='bbox 712 3845 738 3887; x_wconf 83' lang='lat' dir='ltr'><strong>v.</strong></span> <span class='ocrx_word' id='word_1_229' title='bbox 872 3813 911 3877; x_wconf 89' lang='grc'><strong>19</strong></span> 
     </span>
    </p>
   </div>
   <div class='ocr_carea' id='block_1_7' title="bbox 0 0 1200 4170">
    <p class='ocr_par' dir='ltr' id='par_1_10' title="bbox 0 0 1200 4170">
     <span class='ocr_line' id='line_1_35' title="bbox 0 0 1200 4170; baseline 0 2"><span class='ocrx_word' id='word_1_230' title='bbox 0 0 1200 4170; x_wconf 95' lang='lat' dir='ltr'><strong> </strong></span> 
     </span>
    </p>
   </div>
  </div>
 </body>
</html>
