2392 4170
134 289 198 359 502
477 280 716 343 munuum

134 453 278 517 toleravit
308 456 341 513 et
371 448 533 511 admittere
554 452 663 509 coacta
683 446 750 509 luit
791 444 855 508 Sed
875 468 973 528 nune,
995 468 1064 511 cum
1170 426 1173 439 ¹

136 555 188 598 res
208 536 335 616 cognita
356 533 584 612 manifestetur,
617 531 749 611 amplius
770 530 927 594 ludendos
949 540 983 595 et
1002 535 1065 595 irri-
1169 538 1173 553 ¹

138 620 256 682 dendus
277 619 362 680 Deus
383 637 446 678 non
468 624 530 695 est,
565 614 620 676 sed
653 613 818 694 fugiendae
856 626 930 678 sunt
959 618 1065 680 larvae

136 706 216 765 istae
237 702 468 764 mendaciorum
491 714 547 761 eeu
570 701 744 760 teterrimae
764 708 870 779 pestes
892 703 1064 764 animarum

137 794 169 849 et
190 787 361 866 ignominia
381 786 557 865 turpissima
578 782 728 844 ecclesiae
749 783 818 846 Dei.

223 869 282 946 Qui
305 875 407 930 autem
429 888 486 948 per
506 867 562 927 hae
584 867 685 927 larvas
706 865 746 927 ad
775 867 879 929 locum
904 870 1066 931 ministerii
1168 878 1172 927 ξ

136 954 238 1029 venit,
273 972 348 1033 age,
383 953 582 1012 ministerium
610 949 821 1030 apprehendat
849 960 880 1012 et
917 951 1065 1033 deinceps

136 1055 214 1117 pure
236 1055 274 1095 ae
295 1035 388 1116 digne
410 1034 611 1112 administret,
635 1033 828 1095 sacrificandi
851 1035 993 1097 officium
1017 1036 1065 1098 de
1168 1054 1171 1075 ²

138 1127 230 1198 serat,
252 1119 370 1180 doeens
392 1119 520 1179 verbum
542 1119 599 1178 Dei
620 1136 658 1177 ac
679 1137 791 1197 regens
810 1118 994 1196 ecelesiam,
1017 1140 1064 1182 ce·

136 1210 235 1263 terum
256 1210 417 1263 uncturam
440 1208 586 1263 ettotam
610 1199 852 1279 ordinationem,
890 1221 954 1282 qua
974 1206 1065 1266 intra·

138 1286 200 1360 rit,
228 1305 267 1346 ex
288 1287 392 1347 animo
415 1285 540 1347 damnet
561 1303 598 1345 ac
629 1284 806 1347 detestetur.
849 1283 962 1365 Neque
985 1288 1064 1350 enim
1166 1328 1170 1347 .

137 1386 266 1430 neeesse
289 1377 336 1430 est
357 1369 461 1431 locum
483 1387 607 1450 quoque
627 1369 786 1431 ministerii
807 1368 1002 1449 relinquere,
1034 1371 1064 1432 li-

138 1459 188 1512 cet
208 1453 311 1534 impiis
333 1471 371 1514 ae
391 1455 543 1534 perversis
565 1450 666 1512 modis
687 1451 882 1529 ascenderis,
905 1453 981 1517 dum
1004 1456 1065 1517 ani·
1167 1462 1171 1515 i

138 1555 207 1596 mus
228 1537 296 1617 ipse
318 1539 489 1618 corrigetur
509 1544 540 1596 et
561 1534 671 1595 modus
692 1537 760 1617 ipse
782 1534 956 1602 damnetur.
1168 1588 1171 1611 Ε

220 1619 329 1694 Porro,
351 1620 450 1681 uitiati
464 1619 508 1680 illi
527 1617 706 1680 sacerdotes
722 1626 752 1680 et
767 1618 904 1681 larvales
916 1620 1066 1704 Episcopi
1168 1618 1171 1653 ²

139 1702 203 1762 suis
225 1701 383 1764 ordinibus
406 1712 435 1762 et
458 1701 615 1763 sacrificiis
648 1702 699 1763 vel
732 1704 825 1764 animi
858 1722 957 1766 eausa
985 1706 1065 1768 lude
1167 1706 1170 1743 ²

138 1791 223 1866 rent,
258 1785 307 1845 vel
329 1787 392 1847 tale
414 1786 486 1866 qnid
508 1787 589 1847 serio
617 1792 763 1866 agerent,
784 1785 868 1866 quod
889 1786 1065 1866 Evangelio

138 1887 201 1928 noo
231 1888 270 1929 ex
304 1868 455 1931 diametro
487 1876 639 1949 pugnaret
661 1876 692 1930 et
723 1868 812 1930 nobis
846 1871 959 1933 saltem
981 1873 1065 1935 Obri-

138 1958 218 2012 atum
239 1953 270 2012 in
292 1972 389 2033 regno
412 1972 469 2013 suo
483 1952 601 2013 salvum
615 1952 811 2033 relinqueret,
833 1952 914 2016 torte
937 1956 1065 2017 stultitia
1168 1954 1171 1961 '

138 2052 245 2096 eorum
266 2036 367 2096 mitius
390 2034 665 2116 reprehenderetur
696 2037 745 2096 vel
773 2039 933 2099 temeritas
955 2039 1064 2102 tolera-

138 2126 230 2181 retur.
273 2118 315 2178 At
338 2139 420 2180 nune
442 2119 512 2180 talis
535 2125 582 2178 est
602 2118 725 2180 illorum
746 2119 883 2180 inroret
907 2124 1064 2184 abomina-

138 2201 207 2260 bilis
230 2204 382 2282 amentia,
413 2210 445 2263 ut
472 2202 624 2263 Christum
658 2205 697 2264 sit
724 2223 853 2263 necesse
882 2208 992 2287 negari
1031 2226 1065 2267 ac

137 2302 263 2362 prorsus
285 2285 410 2360 aboleri,
432 2287 459 2345 si
481 2306 537 2346 sua
558 2285 617 2345 illis
640 2289 778 2347 steterint
800 2288 955 2351 sacrificia
973 2296 1006 2351 et
1024 2290 1065 2352 ol·
1171 2298 1175 2371 ,

136 2365 225 2443 licia,
253 2367 283 2427 id
308 2368 390 2447 quod
414 2369 491 2429 alias
513 2368 636 2431 abunde
658 2371 823 2431 monstravi
854 2379 885 2432 et
909 2393 995 2434 nuno
1016 2394 1065 2455 pa·

135 2470 201 2510 rum
223 2458 363 2532 repetere
385 2471 447 2512 non
469 2451 597 2532 pigebit.

219 2532 274 2596 Sic
305 2534 398 2595 habet
430 2534 634 2616 Evangelium
667 2540 698 2596 et
729 2535 874 2595 universa
895 2534 1064 2616 Scriptura,

138 2616 290 2678 Christum
313 2635 382 2680 ease
405 2639 556 2678 summum
580 2618 789 2695 sacerdotem,
825 2620 876 2697 qui
912 2621 1012 2680 semel
1037 2626 1066 2679 et

138 2701 228 2760 unioa
251 2703 296 2761 sui
321 2703 415 2780 ipsius
438 2700 596 2762 oblatione
619 2703 754 2761 omnium
768 2708 899 2780 peecata
923 2703 1066 2763 exhausit

139 2790 170 2842 et
192 2785 222 2842 in
246 2786 463 2866 sempiternum
488 2786 714 2845 consummavit
736 2784 964 2861 sanctificatos,
992 2786 1063 2846 dum

136 2867 234 2926 semel
256 2869 380 2928 intravit
401 2869 430 2927 io
461 2874 568 2928 saneta
595 2887 650 2947 per
678 2869 835 2948 proprium
870 2867 1065 2947 sanguinem,

141 2957 267 3011 aeterna
278 2951 469 3012 redemtione
481 2953 616 3030 inventa,
637 2952 680 3010 ita
702 2956 735 3011 ut
756 2970 881 3029 prorsus
902 2952 988 3011 nulla
1006 2952 1065 3012 alis

138 3032 240 3093 hostia
262 3034 352 3096 nobie
374 3035 412 3094 sit
440 3034 556 3114 reliqua
584 3052 640 3112 pro
670 3035 806 3112 peccatis
834 3042 958 3113 praeter
984 3036 1065 3096 hauc

136 3117 277 3195 unicam,
298 3119 329 3178 in
351 3135 442 3196 quam
467 3117 527 3177 fide
548 3136 624 3197 pura
646 3116 755 3178 confisi
790 3118 856 3177 sine
893 3120 1013 3178 meritis
1036 3125 1064 3178 et

138 3200 284 3276 operibus
320 3203 433 3261 nostris
463 3220 481 3261 a
513 3201 651 3281 peccatis
682 3199 759 3259 salvi
801 3219 918 3263 sumus.
970 3202 1064 3263 Cuius

138 3280 258 3342 hostiae
281 3290 310 3342 et
332 3283 498 3344 oblationis
521 3285 566 3342 sui
596 3284 776 3343 memoriam
807 3290 991 3363 perpetuam
1023 3287 1064 3346 io·

133 3364 240 3441 stituit,
275 3365 346 3425 dum
385 3360 548 3427 ad'altare
583 3364 639 3426 sub
672 3366 866 3426 Eucharistia
900 3366 988 3428 illam
1013 3389 1064 3429 an·
1178 3364 1181 3375 '

133 3449 270 3508 nunciari
294 3454 324 3509 et
345 3448 437 3510 fidem
459 3451 490 3509 in
506 3450 589 3510 illam
602 3448 629 3530 ¹)
653 3448 692 3509 ali
716 3450 822 3510 voluit.
850 3452 891 3509 At
915 3451 990 3530 quid
1014 3453 1063 3512 hic

135 3531 280 3610 papistiei
303 3533 425 3593 ordines
448 3534 564 3594 iaciunt
585 3535 614 3592 in
639 3533 702 3593 suis
726 3531 1040 3596 abominationibus?

216 3613 335 3695 Nempe
356 3617 444 3695 quasi
466 3617 569 3677 hostia
599 3615 652 3676 illa
684 3617 777 3677 unica
808 3635 871 3677 non
903 3619 944 3678 sit
979 3620 1065 3697 satis,

204 3781 236 3853 1)
257 3778 290 3837 In
309 3779 353 3840 od.
372 3780 444 3843 Iena
464 3785 493 3841 et
509 3775 593 3842 tidem
612 3781 697 3842 illan.
