2392 4170
320 253 428 321 aaran
446 252 532 313 neon.
552 253 584 309 a
610 253 733 315 amnas.
753 268 779 309 a.
800 251 878 312 tuto.
932 312 934 317 ,
993 247 1055 319 221
1144 335 1150 346 ¹

384 491 622 552 Tricesimus
651 492 809 553 tertius:
904 574 917 584 .

150 636 151 640 ’
196 624 377 689 Haeretieos
397 622 538 723 nomhnri
569 633 615 685 est
644 631 751 685 eontra
782 623 970 685 uoluntatem
1000 622 1059 705 spi-

196 712 281 772 ritus.

179 877 180 880 ,
217 825 353 886 Primum
374 796 414 886 ab
435 826 625 905 experientia
653 825 746 887 totins
767 824 922 886 euslesies
948 821 1058 902 proha,

134 927 215 990 quae
238 907 278 978 ab
298 910 386 971 initio
408 909 455 970 sui
477 926 574 987 usque
592 908 656 969 huu
672 907 786 969 nullum
798 905 968 971 aombumit
988 904 1059 967 hae·

129 995 273 1071 setinum,
295 1010 356 1053 naa
375 991 542 1071 aliquando
564 989 746 1073 snmbnret.¹
775 990 998 1055 hlirumsutem
1015 1007 1059 1049 ea·

136 1082 196 1154 set,
219 1076 251 1136 in
279 1082 325 1137 tot
351 1075 462 1135 seculis
491 1093 552 1135 non
584 1093 653 1136 esse
674 1074 794 1154 aliquos
817 1072 1010 1148 combustos,
1030 1072 1059 1136 si

110 1170 112 1177 '
135 1158 280 1228 uniunt-as
302 1159 425 1238 spiritua
448 1158 508 1219 hoa
531 1157 687 1221 voluisset.
725 1157 773 1237 ¹At
788 1155 896 1238 ¹tliaant
909 1155 1058 1217 (innatan-

135 1243 211 1305 tiae:
227 1240 386 1313 'Iohannes
407 1241 488 1303 Huss
511 1250 542 1302 et
562 1239 768 1321 Hieronymus
791 1238 947 1318 dsPrsga
958 1238 1060 1319 exusti

135 1333 231 1393 sunt.
261 1323 463 1405 Respondent
496 1323 565 1404 Ego
587 1323 627 1386 de
647 1323 810 1385 haereticis
833 1322 958 1400 loquor,
987 1340 1060 1383 nam

135 1408 303 1472 iohannem
331 1406 414 1472 Huss
437 1413 468 1468 et
495 1405 733 1488 Hieronymum,
766 1407 847 1469 viros
879 1404 1059 1484 catholiam,

135 1491 373 1557 aumhuaaerunt
392 1491 538 1553 haeretiei
557 1490 617 1570 ipsi
639 1497 853 1570 stlapnetatae
872 1498 905 1549 et
920 1487 1060 1551 entiehri·

135 1573 354 1653 atirdisaipnlit
377 1582 472 1637 ulex
498 1575 640 1653 superius
669 1572 758 1637 dietis
785 1577 879 1653 patet.
923 1569 1059 1651 Quorum

132 1657 313 1737 'exemplum
326 1663 368 1721 st
394 1657 477 1720 multi
500 1657 551 1719 alii
578 1656 752 1718 homicidae
780 1655 890 1721 imitati
911 1656 940 1717 in
956 1654 1060 1720 ,diver-

134 1742 180 1803 sis
199 1740 282 1805 lauis
307 1749 438 1804 sanatos
461 1738 572 1803 Christi
602 1747 788 1800 exusserunt
814 1748 845 1801 et
871 1737 1060 1816 oeciderunt,

133 1824 315 1902 intorques
338 1822 544 1904 Hieronymus
565 1822 759 1887 Savanarols
772 1840 851 1883 anm
873 1823 937 1883 suia
957 1839 1061 1883 numa·

131 1905 249 1990 raudus
266 1904 399 1973 uidetur.
738 1961 742 1968 ,
877 1950 880 1967 2

221 1987 363 2057 Sananda
385 2008 427 2051 ax
448 1989 599 2069 scriptura
621 1989 704 2050 Esai.
726 1986 1060 2066 2.:.00nflahnnt;gla·

134 2073 306 2139 dinanum
331 2073 364 2135 in
383 2090 538 2151 -vomerss
571 2079 605 2133 et
629 2071 758 2133 laneeas
786 2091 859 2134 suas
890 2072 921 2132 in
939 2070 1060 2136 ‚duleas

132 2156 283 2222 Eiusdem
307 2156 360 2220 11:
381 2155 453 2216 Non
474 2154 626 2233 (renident,
639 2161 671 2217 et
690 2174 754 2217 non
775 2153 982 2217 nneshnntin
998 2155 1060 2216 uni

133 2258 227 2306 verso
251 2247 355 2302 monte
376 2245 483 2302 saneto
498 2257 587 2303 meo.
630 2239 669 2299 Et
691 2237 999 2319 Christue'apnstolis
1018 2239 1060 2300 ni-

135 2323 180 2383 hil
202 2340 311 2402 proeus
324 2340 479 2389 armornm
502 2323 665 2400 commisit,
678 2340 738 2383 nea
758 2322 850 2383 aliam
860 2340 993 2403 poenam
1007 2322 1060 2383 im-

134 2406 257 2487 posuit,
282 2424 373 2485 qnam
396 2413 429 2466 nt
450 2403 696 2485 haberetur·pro
718 2404 859 2482 ethnitm,
889 2407 941 2484 qui
964 2406 1060 2467 euola-

134 2490 215 2548 siam
237 2508 298 2550 nnn
322 2489 450 2567 audiret,
472 2488 577 2552 Matth.
602 2489 649 2554 18.
693 2488 732 2548 m
753 2487 930 2569 apostolus,
951 2489 1010 2550 Tit.
1031 2486 1060 2568 3,

135 2573 324 2634 haereticum
347 2572 504 2634 hominem
526 2573 615 2633 vitari
629 2571 742 2649 ,docet
762 2588 824 2632 non
853 2571 952 2633 oeeidi
974 2573 1063 2633 iussit

136 2657 231 2716 armis
252 2655 302 2716 vel
323 2657 405 2737 igne.
449 2655 489 2715 Et
505 2654 543 2714 ad
560 2653 697 2716 Oorinth.
713 2654 800 2715 dieit:
818 2651 948 2733 Oportet
958 2654 1061 2716 haere·

135 2756 188 2799 sea
211 2755 289 2815 esse,
312 2746 355 2817 nt,
376 2739 427 2818 qni
451 2738 573 2819 probati
596 2745 675 2814 sunt,
697 2734 850 2798 manifesti
872 2737 956 2800 liant.
1000 2738 1061 2799 Sed

135 2823 210 2902 quid
239 2821 289 2883 hie
317 2821 413 2898 dicet,
446 2820 570 2883 domine
596 2818 809 2899 sanctissime,⁴
835 2821 980 2881 sanutitas
1013 2841 1061 2880 ve-

135 2905 223 2968 stra?
265 2905 337 2975 hun.
366 2907 412 2986 9.,
449 2904 501 2967 ubi
536 2904 676 2985 diaeipuli
712 2903 856 2967 volebant
882 2906 984 2984 ignem
1023 2904 1061 2965 de

139 2991 230 3051 eaelo
253 2988 404 3055 deducere
426 2996 461 3055 et
472 2990 626 3051 divitatem
640 2986 778 3069 perdere,
793 2989 985 3069 compescuit
1005 3007 1061 3050 eos

137 3074 290 3150 Christus,
312 3072 431 3142 disens:
455 3071 598 3150 Nescitis,
620 3071 707 3132 anina
737 3072 862 3152 spiritus
890 3071 944 3133 filii
971 3071 1060 3133 sitia?

135 3157 207 3219 Non
231 3155 428 3228 venitFilius
455 3155 587 3218 hominis
610 3157 729 3217 animas
750 3154 889 3235 perdere,
918 3154 973 3217 aad
1001 3154 1059 3216 sal·

139 3259 221 3302 vare.
265 3237 569 3318 ,lioneanmdet
590 3257 649 3318 ego
673 3239 736 3299 dixi
763 3236 906 3317 aidica,
939 3238 1060 3307 Christe

138 3324 286 3404 magistro
320 3341 392 3395 eos,
410 3324 462 3401 qui
483 3323 555 3403 igne
577 3328 815 3401 persequuntur,
837 3320 977 3389 homines
998 3340 1061 3391 nan

137 3425 209 3479 esee
232 3407 305 3467 boni
327 3407 450 3487 spiritus
471 3403 560 3466 filios.
604 3403 699 3468 Cuius
720 3401 814 3465 tune?
836 3405 907 3466 mali
929 3407 1062 3485 spiritus,

139 3492 276 3570 quierat
295 3489 451 3550 homicida
473 3488 511 3549 ab
531 3489 628 3552 initio.

224 3573 361 3634 Christus
384 3591 446 3632 non
470 3571 566 3633 voluit
587 3572 617 3633 vi
643 3578 674 3631 et
695 3573 767 3651 igne
789 3588 902 3650 angers
923 3571 1062 3632 homines

140 3657 179 3718 ad
200 3655 302 3719 fldem.
347 3656 442 3731 Dedit
461 3654 501 3718 ob
523 3655 553 3715 id
576 3654 711 3736 gladium
734 3654 872 3736 spiritua,
894 3662 929 3733 ut
948 3655 978 3714 in
1002 3653 1063 3714 hoa

140 3747 330 3822 pugnarent,
345 3740 409 3821 ‘qui
436 3740 482 3802 sui
511 3738 634 3819 spiritua
668 3737 722 3800 filii
743 3742 821 3801 sunt
858 3739 907 3828 At
927 3736 1062 3821 gladium
