2392 4170
29 297 35 313 ,
129 246 197 318 268
397 250 740 306 ..menusanum

215 405 400 467 sicutenim
421 406 461 465 ab
483 406 570 468 initio
592 406 728 466 omnium
748 412 956 465 creaturaru-
976 420 1057 463 san-

134 509 190 571 par
209 491 344 570 pessima
374 508 516 569 quaeque
541 509 584 550 ex
614 489 738 569 oprimis
776 488 950 567 quibusque
980 490 1058 546 asta

134 581 215 636 sunt
256 572 335 635 Num
357 575 388 633 in
410 591 554 653 supremo
575 571 755 652 angelornm
777 572 885 646 cboro,
905 568 957 630 ubi
970 568 1057 629 Deus

135 657 268 719 maxime
290 658 425 717 omnium
454 667 598 735 operatus
619 660 683 732 est,
711 655 853 734 peccavit
879 652 999 713 busun
1023 659 1060 712 st

134 739 392 801 fecitmaximam
415 741 572 802 iacturam.
614 739 649 798 ln
671 737 818 799 Paradisc
841 739 871 796 in
893 737 1059 816 primuso-

135 840 195 903 que
216 825 335 902 optimo
362 822 486 884 bomine
511 823 624 883 lactum
656 827 704 881 est
731 822 899 880 maximum
927 827 959 879 at
985 836 1059 898 pec·

135 912 237 967 catum
258 916 291 966 st
310 906 463 967 damnum.
508 905 627 966 Deinde
648 904 726 964 Gen.
749 907 777 968 6.
795 901 1058 981 nascebanturgi-

134 997 244 1070 gantas
265 998 297 1049 et
316 991 453 1069 tyranni,
487 1009 526 1048 ex
558 988 650 1049 nullis
680 986 747 1046 aliis
772 1005 863 1066 quam
896 985 966 1045 liliis
997 984 1059 1046 Da

135 1071 272 1146 oruml)
315 1072 355 1132 Et
376 1072 514 1132 Christus
536 1072 593 1132 Dei
621 1071 700 1130 lilius
731 1089 792 1130 nou
821 1067 1059 1149 crucifigebatur

135 1157 193 1217 nisi
225 1156 393 1217 insaucia
423 1157 547 1216 civitate
566 1153 731 1215 Ierusalem
757 1156 889 1232 (inqua
922 1152 1060 1213 maxine

135 1239 271 1300 omnium
289 1239 461 1305 honoratus
484 1237 585 1301 erat²i
618 1245 651 1297 et
677 1237 809 1317 plurima
833 1237 948 1296 lecerat
969 1235 1059 1296 nius·

135 1322 236 1396 cula),
256 1341 356 1400 neque
378 1321 416 1382 ab
439 1322 506 1381 aliis
528 1340 620 1399 quarn
642 1320 862 1400 aprincipibus
877 1326 909 1381 et
929 1317 1059 1379 summis

135 1405 329 1466 sacerdotum
351 1411 384 1465 et
402 1405 587 1465 doctissimis
610 1412 703 1482 atque
719 1404 931 1476 sanctissimis,
954 1400 1010 1463 sed
1026 1408 1060 1462 at

133 1488 240 1550 ludam
263 1488 427 1568 oportebat
449 1488 562 1548 damno
584 1505 653 1546 esse
676 1506 738 1547 non
752 1483 1058 1568 vulgariordini,ssd

135 1570 346 1652 apostolorum
371 1572 481 1633 coetui.

219 1653 309 1736 Sic’)
332 1654 415 1715 Deus
436 1653 550 1714 nullum
573 1671 707 1732 unquam
729 1652 835 1712 urbem
856 1652 888 1711 in
911 1650 987 1712 orbe
1001 1659 1059 1711 tar·

135 1756 236 1798 rarum
264 1741 326 1799 tam
351 1738 452 1808 multis
481 1738 587 1817 gratiis
615 1747 647 1796 et
669 1735 790 1798 Sanctis
819 1733 992 1807 benedixit,
1024 1741 1059 1792 ut

134 1820 283 1897 Romam,
317 1824 365 1881 cui
398 1821 466 1900 plus
503 1839 594 1899 quarn
624 1819 766 1880 omnibus
794 1818 918 1896 reliquis
946 1817 1060 1877 tribuit.

136 1906 241 1982 ltaque
264 1908 389 1984 oportet
409 1924 477 1964 eam
501 1905 592 1963 etium
615 1901 842 1983 proreierenda
863 1901 972 1980 gratia,
987 1918 1060 1979 que

135 1987 333 2047 ruadmodum
356 1986 537 2064 Ierusalem,
570 1987 736 2044 maximum
759 1985 903 2044 damnum
934 1984 1008 2044 dara
1029 1990 1087 2043 st'

136 2069 249 2130 mundo
272 2090 375 2130 verum
399 2077 430 2129 et
458 2070 707 2128 nocentissimum
736 2067 944 2128 antichristum
970 2086 1060 2147 pras·

135 2161 226 2225 stare,
248 2157 300 2231 qui
322 2152 414 2230 longe
438 2151 505 2232 plus
527 2151 579 2211 det
600 2151 671 2210 mali
693 2159 723 2211 et
744 2151 943 2224 incommodi,
965 2169 1059 2229 quam

135 2235 272 2298 Christus
305 2237 388 2314 priua
410 2233 561 2295 bonorum
584 2235 720 2294 contulit.
765 2236 808 2293 lta
839 2253 921 2293 nunc
952 2251 1062 2292 revers

132 2317 178 2398 bt,
202 2325 235 2378 ut
256 2318 360 2378 omnia
389 2317 445 2377 sub
468 2318 523 2378 Dei
553 2325 584 2378 et
605 2318 716 2378 Christi
745 2317 869 2376 nomine
897 2325 927 2375 et
956 2317 1061 2396 specio

135 2400 220 2462 fient
241 2438 244 2463 ;
264 2401 305 2461 Ut
325 2420 416 2461 nemo
438 2401 554 2474 credat,
575 2397 856 2480 donecipsemet⁴j
882 2401 994 2475 veniat,
1008 2398 1060 2459 ab·

136 2484 279 2546 scondita
300 2483 493 2544 tenebrarum
517 2485 630 2544 lumine
652 2485 698 2542 sui
721 2482 881 2556 adventus,
897 2490 931 2542 ut
952 2481 1061 2543 beatus

138 2567 169 2628 fl.
191 2567 309 2628 Paulus·
324 2568 438 2644 scribit,
459 2568 692 2629 illuminaturus.

217 2650 256 2710 Hi
280 2651 397 2711 articuli
428 2669 510 2711 nunc
537 2651 610 2711 satis
633 2651 710 2725 sint,
741 2669 811 2709 nam
840 2650 864 2707 si
898 2649 1060 2726 quisquam

138 2734 325 2814 papistarum
368 2735 526 2813 voluptate
560 2734 699 2813 pruriens
737 2732 899 2792 conabitur
935 2730 1060 2792 eosdem

136 2819 212 2877 tueri
226 2824 256 2877 et
270 2815 441 2892 defendere,
460 2823 523 2876 tum
547 2836 606 2896 ego
628 2835 683 2875 eos
711 2816 805 2874 multo
828 2813 1010 2874 luculentius
1033 2821 1061 2873 et

137 2899 247 2960 clarius
271 2900 433 2980 depingam
457 2909 549 2978 atque
573 2898 753 2974 describam,
776 2898 868 2977 longe
890 2899 982 2958 etiam
998 2896 1061 2976 plu·

136 3001 185 3042 res
208 2984 358 3042 eiusmodi
381 2983 593 3061 producturus.
637 2982 674 3041 Hi
698 2983 776 3040 enirn
801 2983 861 3041 sint
881 2982 1000 3043 initium
1018 2999 1062 3040 se·

138 3063 323 3153 yeritatis‚⁶‚)
349 3066 499 3146 siquidem
523 3067 752 3126 hactenuscum
766 3083 860 3124 causa
881 3083 982 3144 papae
1005 3063 1062 3123 lusi

136 3144 254 3212 tantum
272 3146 309 3221 et
331 3149 449 3208 iocatus
471 3169 549 3208 sum.
589 3146 720 3209 Causam
742 3149 772 3207 iu
794 3147 850 3207 Dei
874 3148 998 3208 uomina
1021 3149 1062 3206 in·

138 3231 217 3310 oapi,
238 3250 366 3310 sperans
397 3251 466 3292 esse
488 3238 696 3311 opportunum
719 3239 750 3291 et
782 3231 870 3291 huius
906 3231 1064 3310 temporis,

211 3533 239 3600 1)
258 3532 288 3586 ln
311 3490 354 3586 ed.
365 3535 422 3587 lan.
433 3549 440 3587 z
452 3531 521 3586 Dei.
539 3532 571 3593 2)
589 3530 706 3586 Ibidem:
728 3534 757 3583 in
777 3546 832 3600 qus
850 3537 878 3584 et
890 3531 1010 3599 plurima
1026 3534 1063 3585 »te

137 3606 364 3661 osrstrnirreulu
382 3605 502 3673 ideoque
520 3607 643 3657 maxima
663 3605 788 3657 omnium
814 3604 966 3657 honoratus
994 3609 1062 3657 arat

136 3676 176 3745 b)
190 3675 275 3732 ibid:
295 3677 345 3730 lta.
410 3676 440 3741 4)
460 3675 581 3731 Ibidem:
601 3675 737 3729 Dominus
757 3674 823 3743 ipse.
890 3675 922 3748 5)
942 3676 1064 3730 ibidem:

28 3747 308 3926 ψ,
