2392 4170
135 251 198 324 396
330 254 434 315 Gontm
452 253 600 314 Hearicum
619 270 712 329 ragam
731 251 855 327 Augilas

136 428 267 492 motibus
289 435 321 492 at
341 430 513 491 ministeriis
545 447 614 491 ease
635 426 717 490 aliud
739 427 829 504 nihil,
860 444 950 509 quam
972 443 1059 488 mere

135 519 289 594 portenta,
310 511 403 593 idola,
426 513 537 593 larvas,
551 510 722 592 mendacia,
737 521 768 574 et
784 512 967 593 ipsissimam
984 509 1059 572 abo·

136 597 334 659 minationem
356 597 387 658 in
410 598 480 659 loco
503 604 611 658 sancto
633 603 776 676 stantem,
798 595 893 656 titulis
913 613 1058 656 verorum

135 681 352 762 episcoporum
374 688 406 743 at
426 679 577 742 ecclesiae
598 699 668 741 sese
690 681 937 760 prostituentem,
961 696 1060 738 more·

135 765 239 824 tricem
262 765 380 826 scilicet
398 764 483 826 illam
500 769 708 846 purpuratam,
731 782 822 844 super
834 761 963 823 bestiam
981 760 1060 822 mul·

136 847 281 928 tioipitem
303 845 472 925 sedentem,
495 847 609 909 ebriam
632 848 782 927 sanguine
796 847 917 907 testium
933 842 1059 925 Christi,

136 937 167 993 et
187 930 387 993 inebriantem
416 948 506 1012 reges
529 938 627 992 terrae
650 931 748 992 catice
769 930 1005 992 fornicationum
1028 939 1061 990 at

135 1013 399 1076 abominationum
421 1033 555 1077 suarum.

218 1096 266 1159 De
287 1098 396 1178 quibus
425 1097 566 1160 omnibus
589 1096 741 1179 Petrus*)
773 1094 943 1177 praedixit:
976 1094 1060 1156 Falsi
1091 1122 1095 1131 ·

135 1179 277 1242 doctores
299 1182 383 1241 iuxta
412 1181 605 1243 introducent
634 1187 734 1241 sectas
765 1179 960 1260 perditionis,
991 1176 1058 1240 Do·

136 1264 264 1339 minum,
288 1266 339 1344 qui
362 1283 416 1326 eos
440 1271 590 1327 mercatus
613 1271 674 1345 est,
696 1270 855 1345 negantes,
878 1264 958 1323 siam
983 1263 1060 1322 veri·

135 1347 206 1407 tatis
228 1345 495 1428 blasphemantes,
530 1356 560 1408 et
581 1346 660 1409 fictis
683 1346 783 1408 verbis
805 1346 844 1407 de
867 1345 955 1407 nobis
972 1346 1001 1419 ¹)
1026 1346 1058 1406 in

134 1431 263 1491 avaritia
284 1439 506 1512 cauponantes.

216 1513 293 1574 Nam
318 1534 394 1575 unus
409 1514 492 1588 furor
509 1522 556 1576 est
571 1515 658 1575 buius
675 1514 818 1595 sacrilegi
835 1512 953 1594 populi,
977 1511 1060 1573 velle

24 1584 27 1591 ’
134 1615 190 1676 per
211 1615 307 1677 opera
328 1616 431 1659 coram
455 1599 521 1659 Deo
545 1616 655 1678 agere,
677 1616 739 1658 nou
762 1597 830 1657 sola
853 1595 923 1658 fide.
967 1595 1059 1658 Unde

134 1697 263 1742 necesse
293 1687 356 1758 est,
389 1680 544 1743 Christum
577 1681 683 1762 negari
716 1687 747 1757 et
775 1679 865 1740 fidem
895 1679 1058 1761 exinaniri,

134 1781 273 1824 crescere
295 1772 395 1824 autem
420 1764 502 1825 lucra
517 1771 548 1824 et
561 1762 717 1826 absorberi
740 1765 833 1825 totius
851 1763 955 1824 mundi
980 1782 1059 1844 opes

134 1864 190 1926 pro
207 1847 308 1908 Missis
331 1856 361 1907 et
382 1847 494 1927 vigiliis
518 1848 590 1908 suis.
626 1847 678 1908 Sic
691 1848 771 1908 enim
790 1848 1057 1926 perversissimum

135 1929 194 1991 boc
220 1929 458 1992 abominationis
489 1931 597 2011 vulgus
625 1932 728 1992 omnia
756 1931 915 2011 pervertit3
949 1948 1056 2010 opera,

134 2011 243 2092 quibus
272 2033 346 2094 erga
378 2014 518 2075 homines
545 2011 690 2074 utendum
720 2022 785 2091 est,
819 2011 953 2075 offerunt
980 2014 1058 2090 Deo,

134 2093 241 2173 fldem,
270 2115 329 2176 qua
352 2097 419 2157 sola
442 2098 509 2158 Deo
537 2098 682 2176 servitur,
711 2096 846 2158 tribuunt
871 2094 1056 2159 homiuibus.

135 2178 212 2239 Nam
236 2179 377 2240 omnibus
400 2180 537 2240 humanis
560 2179 707 2241 doctrinis
730 2180 872 2259 credunt,
904 2180 971 2240 Deo
995 2198 1056 2239 non

116 2261 278 2337 credunt,
311 2283 427 2322 rursum
456 2264 531 2323 nulli
561 2264 717 2324 hominum
746 2263 957 2343 benefaciunt,
990 2263 1058 2323 Dco

134 2354 236 2405 autem
261 2345 463 2410 benefaciunt.

218 2429 282 2488 Hac
304 2431 407 2509 itaque
436 2430 562 2490 veritate
590 2430 695 2511 agnita
723 2437 847 2489 coactus
875 2448 941 2489 sum
967 2447 1057 2507 quae·
1093 2490 1097 2496 ,

64 2540 72 2548 -
135 2509 204 2570 dam
228 2531 364 2573 meorum
387 2519 567 2589 retractare,
601 2512 696 2571 sicubi
718 2512 800 2572 bona
821 2511 860 2571 ds
886 2512 1004 2591 Papatu
1027 2517 1059 2572 et

135 2592 172 2652 de
194 2594 241 2674 iis,
264 2614 342 2675 quae
365 2604 453 2655 extra
473 2596 661 2675 scripturam
685 2594 843 2671 docentur,
865 2596 985 2675 scripsi,
1008 2594 1058 2654 ds·

133 2678 225 2756 nique
248 2679 348 2738 adhuc
375 2697 489 2740 revoco
521 2686 553 2739 et
579 2699 618 2738 ex
648 2680 750 2738 animo
774 2677 884 2755 doleo,
918 2679 1057 2756 siquam

133 2760 282 2840 syllabam
313 2781 368 2841 pro
399 2762 481 2823 bono
510 2763 644 2842 Papatus
675 2769 706 2820 et
733 2763 818 2842 regni
848 2762 892 2819 sni
922 2778 1056 2838 unquam

133 2845 249 2923 scripsi.
284 2845 436 2925 Rogoque
460 2863 545 2906 meos
568 2845 716 2920 lectores,
741 2844 903 2925 dignentur
926 2844 1057 2923 pruden-

120 2932 179 2985 ter
201 2946 287 2988 meos
311 2928 461 2989 eiusmodi
484 2947 602 2988 errores
625 2947 746 2990 cavera.

216 3009 352 3091 Insuper,
368 3010 450 3091 quod
464 3011 582 3091 Regem
597 3012 689 3072 istum
704 3011 852 3073 larvatum
865 3009 1056 3071 Thomistam

132 3091 274 3153 insanum
303 3094 376 3154 iecit
402 3096 433 3154 in
461 3094 566 3156 libello
595 3094 633 3156 de
656 3096 833 3176 captivitate
856 3093 1059 3174 Babylonica,

132 3175 224 3234 etiam
247 3195 377 3254 revoco,
407 3185 438 3238 et
460 3179 558 3239 minus
589 3196 679 3257 quam
711 3177 847 3258 oportuit
870 3196 919 3237 me
942 3177 1059 3238 dixisse

133 3257 290 3323 confiteor.
334 3260 466 3321 Nimium
495 3263 576 3321 enim
599 3261 724 3322 honoris
753 3272 800 3320 est
823 3268 853 3320 et
874 3260 995 3341 gloriae
1018 3260 1059 3320 di·

132 3355 218 3413 oerc,
249 3342 396 3420 Papatum
428 3364 496 3405 esse
526 3345 682 3406 robustam
707 3345 901 3404 venationem
926 3343 1058 3404 Romani

133 3420 295 3502 Episcopi,
326 3445 396 3484 nam
420 3427 449 3485 id
473 3428 606 3507 exempli
629 3428 755 3489 Nimrod
780 3423 1059 3507 omuibus-princi·

131 3504 252 3583 palibus
275 3508 411 3587 profanis
430 3528 552 3590 quoque
566 3513 721 3590 convenit,
744 3510 854 3591 quibus
872 3516 976 3571 tamen
1002 3528 1060 3572 noa

134 3662 554 3676 m*

204 3761 236 3839 *l
256 3764 283 3827 2.
301 3761 379 3825 Patr.
396 3766 433 3826 2..
477 3768 511 3838 ll
529 3768 563 3824 ln
578 3767 624 3824 ed.
641 3767 720 3825 lam:
740 3767 828 3824 robis.
