2392 4170
391 250 515 302 Rationis
536 249 713 301 Latominnaa
729 255 783 302 eto.
994 244 1057 310 479

135 402 313 482 platricibus
348 402 520 464 animabus.
579 401 716 480 Quisque
749 421 836 463 suam
878 410 991 461 sortem
1024 402 1056 463 iu

135 484 401 547 abundantissimo
425 492 456 545 et
482 486 733 545 coromunissimo
757 483 849 543 verbo
872 483 928 543 Dei
950 501 1057 561 sequa·

135 577 200 646 tur,
230 575 261 628 et
289 567 383 629 verba
405 568 561 628 hominnm
586 578 638 627 aut
670 568 882 647 repudiemus,
915 577 966 626 aut
988 585 1057 637 cum

136 651 251 711 iudicio
274 651 423 730 legamus.
466 651 552 710 Haeo
574 652 648 711 satis
672 670 728 729 pro
751 652 809 713 ieta
832 651 1005 725 autoritate,
1029 656 1061 708 et

134 735 230 794 nimio
252 733 320 815 plus
344 753 435 812 quarn
458 735 541 794 satis.

541 932 654 997 Tertio.
684 910 686 915 Ι

218 1067 339 1127 luvadit
367 1066 494 1130 Paulum
519 1066 607 1126 Rom.
629 1071 659 1129 7.
702 1065 758 1124 Hie
781 1065 927 1126 Latomus
958 1085 1057 1128 meam

134 1151 317 1211 sententiam
342 1149 413 1208 mihi
427 1150 560 1208 maxime
583 1149 753 1224 confirmat,
775 1158 809 1209 nt
831 1148 941 1227 prodit,
965 1168 1056 1228 quam

135 1253 198 1295 uon
221 1233 322 1293 studio
347 1233 497 1308 veritatis,
528 1231 582 1290 sed
614 1233 717 1291 animo
741 1231 928 1310 depravandi
951 1239 983 1291 et
1005 1231 1056 1291 sal·

91 1313 93 1316 ⁴
136 1316 217 1376 leudi
240 1315 345 1375 orbem
362 1315 444 1374 hunc
468 1312 576 1374 librum
594 1315 759 1394 scripserit,
782 1321 898 1374 tanturn
923 1321 954 1377 ut
973 1315 1058 1393 iguo·

137 1399 261 1458 minium
282 1398 416 1458 incendii
439 1402 469 1457 et
489 1396 591 1456 iudicii
611 1396 753 1475 sacrilegi
774 1397 934 1458 solaretur.
979 1396 1056 1457 Nam

137 1479 359 1561 quantumlibet
380 1481 555 1540 cervicosus
578 1487 609 1539 et
630 1481 782 1559 pertinax,
804 1487 905 1547 tamen
929 1480 972 1540 ita
994 1479 1056 1558 pal-

135 1565 214 1625 lidus
237 1572 268 1623 et
290 1563 434 1643 trepidus,
458 1562 550 1622 silens
565 1572 735 1642 cautusque
751 1562 866 1622 incedit
886 1582 942 1642 per
965 1561 1058 1622 verba

135 1646 232 1726 Pauli,
255 1652 289 1706 nt
310 1647 447 1705 videatur
468 1645 606 1705 timuisse
628 1665 682 1725 per
703 1646 841 1725 singulos
865 1647 984 1726 apices,
1018 1664 1057 1706 ne

135 1732 235 1791 hiatus
271 1729 422 1808 quispiam
456 1738 618 1807 appareret
640 1738 670 1788 et
704 1728 854 1789 misellum
879 1728 1055 1808 sophistam

134 1813 322 1874 absorberet.
366 1811 531 1891 Postquam
564 1830 638 1871 vero
671 1812 810 1871 transivit
830 1813 890 1871 ista
922 1811 1058 1891 pericula

134 1906 165 1956 st
186 1897 216 1955 in
240 1915 327 1955 suunt
352 1913 495 1975 campum
521 1895 617 1972 venit,
648 1894 700 1953 ubi
721 1912 870 1953 excursus
893 1893 983 1970 lacit,
1016 1894 1057 1953 ibi

134 1981 257 2039 Petrum
280 1977 362 2037 dicta
380 1977 607 2057 conglomerat,
642 1996 680 2037 ac
708 1979 733 2036 ni
754 1995 810 2057 pro
834 1977 988 2037 miraculo
1004 1977 1056 2036 ha-

134 2063 198 2122 beri
222 2062 304 2138 velit,
326 2060 408 2139 quod
431 2059 622 2121 sedentarius
645 2067 677 2121 et
697 2061 815 2120 otiosus
842 2060 939 2121 lector
958 2059 1058 2123 rnulta

130 2147 236 2206 aliena
258 2145 474 2205 consarcinare
496 2152 527 2202 et
549 2145 718 2204 conlaroire
731 2151 842 2224 potest,
865 2143 1057 2211 fortassean

134 2249 190 2310 spe
212 2239 243 2287 et
264 2226 411 2303 consilio,
444 2226 525 2304 quod
557 2226 752 2287 multitudiue
778 2247 829 2287 me
863 2227 1056 2302 absterreret,

135 2332 174 2372 ue
196 2310 361 2371 scriberem
384 2308 501 2386 denuo,
525 2329 593 2369 cum
616 2310 724 2370 infiniti
747 2310 786 2368 sit
808 2310 988 2388 vol-uminis,
1015 2310 1056 2369 ad

134 2395 254 2475 singula
280 2395 344 2453 eius
366 2392 565 2473 respondere,
587 2392 642 2453 sed
664 2392 748 2453 sallat
768 2411 838 2453 eum
864 2411 946 2472 spes,
968 2392 1058 2453 robo-

133 2481 208 2539 ratis
230 2478 310 2537 enim
334 2478 410 2536 meis
433 2475 594 2554 Scripturis
623 2476 683 2535 hoc
715 2476 784 2555 ipso
807 2483 1056 2555 prostraturum,

134 2571 168 2622 ut
204 2560 406 2640 responsione
439 2559 587 2637 singulari
623 2558 764 2619 omnibus
803 2577 865 2628 uon
897 2560 936 2619 sit
969 2579 1056 2639 opus.

135 2645 263 2704 Summa
299 2662 373 2722 ergo
397 2642 598 2702 Latomianae
626 2641 779 2702 evasionis
806 2648 855 2701 est
877 2642 972 2702 haec:
1011 2642 1057 2703 na

135 2747 216 2808 quae
239 2727 288 2786 hic
311 2725 436 2786 aPanlo
459 2724 610 2802 dicuntur,
632 2725 705 2784 nihil
727 2723 810 2784 aliud
832 2724 942 2808 iacere,
965 2744 1057 2803 quum

134 2830 205 2872 esse
227 2807 433 2869 infirmitatem
460 2808 614 2888 baptismo
644 2808 807 2888 reliquam,
843 2826 922 2886 quoe
951 2826 1058 2887 penca·

135 2903 199 2954 tum
238 2899 374 2953 vocetur.
431 2890 635 2951 Nihilominus
676 2894 833 2971 spiritum,
864 2910 940 2977 pum
972 2891 1057 2953 itum

134 2978 259 3053 rexerit,
281 2976 326 3035 sic
348 2974 461 3035 bouum
486 2975 622 3054 operari,
655 2981 688 3034 ut
708 2974 781 3034 illud
801 2994 866 3034 non
887 2976 927 3034 sit
947 2993 1056 3054 peona·

135 3068 198 3120 tum
222 3059 397 3119 damnabile
420 3058 617 3135 censendum,
641 3077 698 3118 nec
715 3058 870 3118 hominem
894 3057 965 3118 idco
988 3076 1056 3138 pec

134 3162 207 3204 care
227 3145 257 3201 in
283 3141 365 3202 bono
388 3160 482 3222 opere
505 3151 558 3201 aut
579 3144 694 3202 servire
712 3150 856 3221 'peccato

218 3225 276 3285 Hic
297 3227 427 3305 primurn
451 3225 553 3303 vides,
586 3225 748 3286 Latomum
770 3226 911 3285 nonnisi
937 3224 1056 3287 differre

131 3319 166 3370 et
194 3308 347 3370 abducere
376 3308 536 3386 lectorem,
572 3328 609 3368 ac
634 3316 757 3388 tempus
784 3307 950 3385 redimere,
982 3309 1056 3372 dum

131 3394 227 3454 aliam
255 3412 274 3452 a
306 3393 467 3472 proposito
496 3400 607 3453 tractat
641 3392 864 3470 quaestionem.
915 3389 1057 3471 Suscepit

130 3479 217 3537 enim
235 3478 452 3554 quaestionem
476 3475 514 3534 de
530 3483 659 3556 peccato
676 3473 849 3553 ignoscibili
872 3493 926 3554 per
943 3476 1056 3537 miseri·

135 3559 289 3636 cordiam,
322 3559 360 3618 de
382 3577 443 3637 qno
470 3578 518 3617 me
546 3558 628 3637 loqui
661 3559 793 3638 ipsemet
813 3576 876 3621 non
893 3576 960 3618 uno
984 3557 1055 3625 loco

134 3651 271 3704 testatur.
317 3643 354 3702 Et
377 3662 431 3722 per
460 3660 581 3701 omnem
605 3648 730 3720 etpost
751 3659 874 3701 omnem
899 3643 988 3703 istum
1013 3649 1056 3702 tu·

136 3727 264 3787 multum
294 3727 537 3787 testimoniorum
568 3725 723 3786 concludit
749 3725 778 3784 in
803 3724 1055 3806 lrupppmodum:
