2392 4170
136 238 200 313 266
445 247 486 306 De
505 246 579 307 votis
597 247 757 307 monasticis

138 422 223 484 siunt
254 421 371 502 lapsum
404 422 507 486 inissa.
548 422 743 503 OScholas,
779 419 1057 496 oFscultstes‚o

137 505 370 587 Theologisras,-
385 505 487 570 faeces
510 508 696 570 novissimae
708 508 854 570 sentinae.
898 502 951 566 sio
969 503 1057 565 intel·

138 590 249 651 lectum
273 597 406 651 vestrum
439 589 571 673 (idest,
609 592 701 652 verba
722 591 799 667 Dei)
832 589 996 669 captivatis
1025 588 1057 648 iu

138 672 318 752 obsequium
342 672 464 756 Christi,
486 674 516 735 id
540 681 596 754 eat,
619 678 648 736 in
672 693 793 735 sensum
816 681 962 734 vestrum.
997 671 1058 733 Ds-

138 759 288 818 oernimua
311 759 415 837 itaqua
446 758 504 819 hac
526 760 690 821 autoritate
711 757 816 821 divina
838 764 868 818 et
890 774 959 816 cum
981 753 1058 815 lidu-

213 841 362 902 uudemus
389 840 506 902 dicere:
549 842 634 904 Haec
667 841 741 903 dicit
759 840 908 903 Dominus
941 838 1059 899 exerci-

137 859 238 1099 ἐξ),
268 932 341 984 vota
364 926 534 986 monastica
550 934 644 987 extra
665 925 755 987 iidem
779 924 860 986 facte
882 929 914 983 et
935 929 1060 982 servata

136 1028 151 1067 s
219 1016 356 1088 peccata,
368 1009 492 1088 perhoc
504 1015 535 1070 et
547 1009 639 1086 irrita,
661 1007 857 1083 damnabilia,
880 1003 1061 1067 revocanda

136 1097 167 1151 et
184 1090 367 1173 mittenda,
389 1100 441 1152 aut
463 1092 551 1153 aliter
572 1091 673 1153 denuo
688 1091 831 1154 vovenda
852 1087 1059 1151 etservande.

195 1172 282 1236 ‘lam
307 1175 387 1254 quod
411 1174 502 1236 tidem
525 1175 585 1237 lroc
607 1177 678 1237 loco
698 1176 813 1237 iaciunt
825 1172 1059 1248 conscientiam,

140 1276 223 1318 mern
253 1259 427 1319 temeritate
460 1259 617 1319 hominum
650 1261 775 1320 faciunt.
829 1257 935 1335 Neque
975 1256 1058 1319 enim

136 1361 229 1402 uuum
253 1342 315 1402 iota
336 1339 531 1422 eScripturis
554 1342 719 1422 adducunt
742 1361 803 1423 quo
827 1338 995 1421 probarent
1024 1337 1058 1398 fl-

136 1425 205 1486 dem
228 1425 392 1504 aliquando
416 1425 476 1486 hoc
497 1426 591 1488 modo
614 1427 722 1507 accipi,
746 1425 818 1486 mihi
841 1422 977 1487 nondum
1012 1427 1061 1483 ast

137 1510 220 1569 visus
245 1508 342 1589 locus,
364 1510 393 1568 in
418 1527 479 1587 quo
502 1508 578 1569 lides
599 1510 688 1570 aliter
704 1529 794 1589 quam
817 1506 929 1587 ubique
945 1513 975 1567 et
992 1505 1059 1566 uni-

137 1592 276 1657 formiter
295 1591 462 1672 uscipiatur
474 1589 506 1673 ¹)
531 1611 586 1673 pro
604 1592 666 1654 lide
681 1593 862 1672 Christiana,
885 1588 969 1670 quod
991 1607 1061 1669 pro

136 1675 227 1736 lixius
247 1682 314 1752 eat,
339 1695 430 1755 qnam
464 1682 497 1737 ut
526 1694 609 1737 nuno
637 1695 687 1738 res
719 1677 851 1758 patiatur
883 1671 1060 1735 ostendere.

134 1758 279 1820 Fararnus
306 1767 408 1820 lamen
431 1759 511 1820 hanc
533 1779 638 1822 eornm
661 1759 823 1822 obscuram
845 1757 1000 1839 glossam,
1029 1762 1061 1816 et

136 1842 217 1903 malo
240 1843 299 1902 islo
323 1842 457 1904 hnmano
480 1841 560 1905 bene
588 1853 717 1923 utamur,
740 1862 795 1924 per
816 1842 954 1924 spiritum
969 1836 1060 1900 nobis

136 1923 293 1988 donatum.
342 1923 374 1989 Si
411 1927 490 1987 enim
526 1934 610 1988 recte
643 1927 862 1988 conscientiam
886 1943 923 1984 ea
952 1923 1060 2003 glossa

135 2009 354 2089 intelligerent,
393 2028 455 2070 uon
488 2010 568 2071 mala
600 2010 761 2088 dicerent3'
786 2009 977 2070 verissimum
1012 2012 1061 2065 ast

136 2093 230 2167 enim,
265 2093 290 2152 si
323 2092 479 2172 quippiam
518 2094 653 2174 operaris
682 2101 712 2154 et
734 2090 914 2166 credideris,
948 2097 977 2149 te
999 2088 1061 2149 hoc

136 2176 203 2255 ipso
229 2175 307 2235 male
330 2177 469 2254 operari,
502 2184 563 2236 tete
591 2195 736 2256 peccare,
771 2183 801 2235 et
830 2183 861 2234 ut
884 2175 986 2248 aiunt,
1020 2170 1061 2231 ad

135 2258 307 2339 gehennam
331 2259 503 2324 aedificare.
548 2260 610 2322 Sed
634 2261 695 2321 lroc
722 2265 837 2339 errant,
867 2255 948 2337 qnod
978 2255 1061 2315 hanc

136 2342 355 2403 conscientiam
393 2363 454 2404 non
489 2343 603 2404 iaciunt
639 2343 822 2404 catholicam
849 2341 884 2400 in
918 2337 1060 2400 omnibus

136 2424 278 2505 operibus
301 2433 387 2487 extra
411 2425 500 2487 fidem
525 2425 635 2488 Christi
663 2426 766 2505 lactis,
794 2423 847 2484 sed
871 2422 961 2482 certis
990 2440 1060 2480 eam

135 2508 285 2569 duntaxat
308 2508 428 2570 casibus
451 2508 609 2590 deputant,
632 2508 788 2589 inquibus
806 2524 965 2568 erroneam
988 2522 1060 2564 con·

135 2591 293 2652 scientiam
326 2591 430 2652 haberi
461 2592 586 2654 dictant.
637 2592 705 2654 Hoc
738 2591 954 2664 ideo'erran-t,
989 2587 1062 2666 quia

136 2674 243 2734 oculos
271 2675 371 2735 solum
399 2673 498 2754 figunt
532 2676 562 2736 in
593 2694 696 2737 crassa
723 2676 781 2734 iata
810 2671 956 2748 libidinis,
986 2671 1061 2744 iras,

135 2757 309 2837 cupiditatis
333 2765 470 2838 peccata,
493 2778 598 2818 verum
625 2761 655 2819 in
679 2757 820 2818 sublimia
846 2756 903 2815 ista
927 2760 959 2814 et
991 2770 1060 2832 pro·

135 2839 229 2899 funda
242 2838 342 2899 cordis
356 2849 474 2920 pecata,
488 2843 706 2903 conscientiam
721 2839 813 2900 talem
826 2853 1062 2917 nunquam-pro-

136 2928 268 2984 moventi
293 2921 384 2998 Quod
396 2943 463 3002 nos,
481 2944 550 3004 ege,
563 2930 715 2985 tentemus
727 2943 766 2983 an
781 2922 882 2983 lacere
896 2919 1062 3000 possimus.

218 3005 252 3071 Si
273 3006 398 3087 aliquod
421 3027 499 3089 opus
521 3007 632 3087 facias,
655 3004 738 3087 quod
760 3025 821 3066 non
847 3002 955 3064 credas
971 3000 1063 3061 lirmi·

134 3095 179 3150 lsr
204 3091 272 3152 Deo
294 3091 428 3171 placere,
452 3097 505 3151 aut
526 3090 646 3152 dubitas
668 3089 801 3170 placere,
825 3106 928 3162 nonne
952 3091 1064 3146 contra

133 3174 355 3234 conscientiam
379 3173 477 3234 lacis?
506 3174 581 3234 lacis
611 3173 693 3234 enim
724 3179 756 3232 et
782 3189 843 3231 non
869 3168 969 3230 credie
994 3167 1062 3229 Deo

132 3254 266 3396 placare,
288 3258 313 3316 si
336 3265 438 3317 autem
461 3276 522 3317 non
546 3256 644 3317 credie
666 3255 807 3336 placere,
836 3252 1062 3313 conscientiam

123 3346 126 3353 ’
155 3338 239 3417 abes,
259 3357 337 3418 opus
361 3358 422 3400 non
446 3358 515 3400 ease
536 3340 693 3420 placitum.
729 3338 768 3398 Et
791 3338 836 3396 sic
858 3343 966 3396 contra
989 3353 1065 3395 oon-

135 3422 302 3496 scieutiam·
320 3424 456 3500 operaris
478 3421 519 3496 id,
542 3422 624 3503 quod
648 3441 711 3484 non
733 3439 802 3481 esse
825 3419 969 3500 placitum
992 3418 1062 3481 Deo

135 3502 240 3566 dictas.
277 3502 455 3565 sennocae
471 3506 628 3567 teliasunt
644 3505 748 3566 omnia
771 3509 843 3563 voto
865 3509 895 3561 et
918 3506 1063 3562 votorum

134 3605 230 3666 opera
252 3593 338 3646 extra
360 3585 473 3647 fidem?
508 3589 683 3667 Daunum,
707 3588 757 3668 qui
780 3584 893 3647 audeat
911 3603 1062 3664 asserere,

375 3721 552 3731 ww-..—

207 3772 238 3836 1)
259 3767 342 3824 Ibin:
362 3768 507 3840 accipitur.
