2392 4170
128 221 151 291 8
379 224 386 230 ’
433 218 509 278 Aeta
529 222 564 276 n,
583 220 620 277 Ι.
638 218 750 276 botberi

131 395 446 474 montemaltum
475 392 679 457 deliberandi,
702 399 736 453 ut
757 391 831 452 eitra
854 390 949 452 divini
971 388 1056 451 vorbi

131 479 273 541 iniuriam
301 486 334 537 et
359 478 482 537 animae
512 497 600 536 meae
621 476 791 557 perieulum
821 474 1055 555 interrogationi

134 562 331 623 mutantem.

215 645 326 705 Exeo
348 644 523 724 Principum
546 645 650 722 eoepit
672 641 869 719 deliberatio,
892 661 984 721 quam
1014 642 1057 700 ita

134 727 265 790 reddidit
285 724 436 790 Officialis
455 727 663 788 ‘l'rerirenaiet
697 727 762 786 Etsi
784 727 846 786 iam
868 730 911 802 tu,
927 725 1056 785 llartine

136 811 276 887 Lutbere,
298 831 339 870 ex
361 809 507 871 mandato
530 811 684 871 commo
706 812 782 870 aatia
802 809 975 889 intelligere
1004 827 1055 887 po·

134 895 238 969 tueris,
258 893 299 953 ad
320 893 392 973 quid
414 895 582 954 aeoeraitue
603 895 661 971 ais,
684 906 715 954 et
737 913 775 954 ea
796 892 837 954 de
869 912 964 953 nausa
995 893 1055 952 iam

137 977 299 1056 indiguus,
321 978 372 1036 oui
392 977 516 1056 longior
538 976 694 1056 cogitandi
719 997 806 1038 mora
828 976 934 1054 detur,
955 982 1056 1036 tamen

135 1081 176 1121 ex
190 1061 329 1138 ingenita
349 1060 512 1121 elementia
527 1059 682 1122 Caesarea
699 1061 843 1121 llaieataa
860 1060 941 1120 diem
962 1078 1054 1119 unum

138 1142 276 1223 indulget
311 1142 502 1205 meditationi
544 1152 632 1220 tuae,
681 1155 713 1203 nt
755 1164 824 1204 eras
874 1146 905 1202 in
948 1143 1056 1203 boram

135 1226 266 1287 eandem
308 1245 414 1286 eoram
457 1246 654 1305 eompareaa,
697 1247 736 1286 ea
777 1226 975 1305 eonditione‚
1019 1244 1057 1285 ne

138 1312 284 1389 scriptam
315 1313 498 1371 sententiam
532 1320 614 1369 tuam
648 1330 823 1389 proponas,
863 1310 919 1370 aed
958 1308 1058 1369 verbio

137 1393 329 1468 exsequaris.

219 1476 294 1537 Poat
314 1475 394 1536 haee
414 1477 531 1537 Ductor
551 1477 699 1537 llartinua
719 1497 775 1558 per
796 1477 943 1537 Fetialem
961 1474 1057 1536 reddi-

138 1568 187 1619 tua
209 1568 257 1619 eat
278 1559 414 1638 hospitio
435 1578 502 1623 auo.
545 1559 580 1621 Io
604 1579 664 1639 qua
687 1580 721 1621 re
743 1581 806 1621 nou
838 1561 892 1620 luit
927 1568 1058 1639 praeter·

138 1642 290 1720 eundum,
316 1642 400 1721 quod
422 1644 502 1703 inter
529 1638 661 1702 eundum
694 1642 733 1703 ad
765 1643 950 1705 audiendum
982 1642 1057 1704 cae-

139 1728 220 1785 aarie
242 1725 431 1801 mandatum,
452 1736 483 1787 et
504 1746 573 1786 eum
595 1728 657 1787 iam
679 1735 762 1787 esset
791 1729 821 1787 in
854 1729 924 1807 ipso
946 1726 1057 1787 Prinni·

138 1829 211 1889 pum
227 1828 376 1869 consessu
389 1809 549 1883 lutherus,
571 1810 610 1869 ab
627 1810 695 1870 aliis
714 1811 774 1871 alia
791 1830 870 1872 voce
884 1828 1059 1870 oommone·

139 1892 243 1964 batur,
266 1901 299 1953 ut
320 1902 403 1953 eaaet
423 1893 495 1954 forti
516 1894 638 1969 animo,
666 1901 699 1953 ut
720 1894 846 1954 viriliter
866 1899 989 1974 ageret,
1022 1910 1060 1952 na

140 1977 260 2036 timeret
280 1995 347 2051 eos,
375 1977 427 2054 qui
448 1996 561 2056 eorpus
597 1984 714 2036 tantum
748 1986 876 2056 possent
909 1974 1060 2045 occidere,

140 2059 273 2118 animam
296 2077 358 2118 non
382 2068 524 2137 possent,
546 2059 600 2120 sed
630 2062 731 2139 potine
753 2066 905 2122 metueret
936 2059 994 2119 eibi
1022 2057 1061 2118 ab

140 2159 192 2216 eo,
209 2144 260 2219 qui
284 2148 391 2220 poeset
412 2156 442 2201 et
464 2144 598 2202 animam
621 2152 652 2203 et
673 2163 785 2223 corpus
807 2142 937 2222 perdere
958 2143 987 2202 in
1011 2161 1058 2221 ge·

138 2223 283 2302 bennam,
305 2225 394 2284 item:
426 2226 507 2286 Dum
530 2229 673 2286 steteritis
707 2235 780 2286 ante
810 2227 931 2306 Reges,
965 2224 1059 2285 nolite

140 2308 288 2448 ζοςίὲαω,
310 2306 382 2385 quid
404 2308 582 2388 loquamini,
605 2310 727 2371 dabitur
749 2311 829 2369 enim
853 2308 940 2369 vobis
961 2309 991 2367 in
1008 2307 1060 2368 illa

163 2408 219 2449 ora
240 2397 299 2454 eto.

223 2472 370 2552 Sequenti
392 2475 469 2535 teria
490 2477 608 2554 quinta,
629 2482 701 2555 post
723 2483 861 2555 quartam
880 2472 1060 2554 pomeridia-

141 2575 223 2633 nam,
247 2559 330 2616 venit
352 2558 475 2618 Fetialie
497 2570 526 2617 et
561 2570 750 2637 assumptum
777 2559 816 2620 D.
838 2558 1000 2618 martinum
1031 2557 1060 2615 in

142 2640 255 2699 curiam
278 2639 421 2701 Caesarie
454 2642 615 2721 perduxit,
648 2641 698 2701 nbi
731 2650 855 2721 propter
888 2638 1060 2719 Principum

141 2724 365 2802 oocupab‘onea
388 2724 426 2784 ad
448 2733 569 2784 aextam
592 2745 688 2804 usque
716 2726 844 2802 mansit,
878 2726 1061 2802 exspeolana

140 2806 172 2865 in
197 2825 308 2886 magua
330 2806 488 2867 hominum
511 2809 692 2887 frequentia,
716 2828 750 2867 se
768 2809 866 2887 ipaom
884 2814 1062 2867 conterente

141 2908 215 2967 prae
237 2889 334 2950 turba.
379 2889 519 2969 Cumque
546 2911 711 2952 oooaeaaus
733 2892 832 2951 laotos
856 2898 939 2950 esaei
972 2894 1003 2949 et
1025 2888 1060 2948 D.

142 2971 289 3032 Martinus
311 2980 437 3048 astaret,
458 2976 597 3054 prorupit
619 2973 767 3035 Officialia
790 2975 819 3034 in
843 2973 921 3033 haee
955 2971 1061 3031 verba:

224 3053 377 3115 Hesterno
400 3059 520 3135 vesperi
550 3058 703 3118 Caesarea
726 3058 871 3117 Maiestas
897 3055 978 3115 bano
1006 3054 1061 3114 bo·

142 3155 207 3196 ram
228 3136 282 3198 tibi
304 3138 392 3215 dixit,
417 3140 547 3201 llartioe
568 3141 716 3207 Lutbere,
749 3138 997 3220 quandoquidem
1031 3137 1062 3195 li·

142 3218 225 3297 bron,
248 3239 327 3298 quoe
349 3221 413 3282 lieri
435 3225 655 3303 recensuimus,
678 3231 747 3284 tuoe
770 3243 839 3283 eane
861 3223 961 3301 palam
980 3239 1061 3280 rece-

143 3302 223 3381 pisti.
257 3302 398 3364 Ceterum
422 3305 460 3364 ad
475 3308 699 3384 quaestionem,
722 3326 761 3366 an
774 3305 940 3386 quidquem
958 3323 1061 3364 eorum

143 3385 259 3444 irritum
280 3385 384 3447 baberi
407 3388 513 3463 velles,
535 3410 574 3449 an
599 3392 703 3450 omnia
717 3389 876 3469 probares,
899 3407 978 3468 qnae
995 3405 1062 3466 pro-

147 3464 253 3547 fiteria,
276 3468 528 3532 deliberationem
551 3474 665 3552 petiati,
688 3492 767 3552 quae
789 3491 871 3533 nuno
893 3472 985 3530 finem
1012 3470 1063 3530 ha·

146 3551 209 3629 bet,
231 3551 352 3613 etiamsi
375 3554 442 3614 iure
470 3556 636 3634 impetrare
664 3575 724 3616 noo
759 3554 908 3616 debueras
942 3554 1063 3634 longius

148 3633 304 3714 cogitandi
327 3638 475 3716 spatium,
505 3639 556 3716 qui
579 3646 665 3699 tanto
694 3647 832 3719 tempore
863 3636 994 3711 scivisti,
1026 3634 1063 3696 ad

146 3716 218 3801 quid
240 3720 405 3784 vocareris.
447 3721 489 3782 Et
507 3720 579 3781 lidei
602 3724 759 3801 negotium
782 3730 843 3782 tam
867 3729 982 3787 eertum
1002 3736 1063 3783 ont·
