2392 4170
158 258 222 323 418
450 260 614 316 ὒοιιίιιιιιιο
631 262 801 316 Lutherisna

159 432 216 475 sna
236 416 379 511 propria,
412 415 512 477 verbis
535 416 657 477 Patrnm
685 419 847 497 imposita,
882 415 1004 476 subdoli
1032 415 1083 478 'ull'

158 516 300 578 operam.
340 553 350 583 ,

158 631 293 695 Tertius:
327 633 397 694 Non
431 636 537 696 omnis
558 635 712 778 fimordlslia
739 656 809 696 esse.
830 633 984 697 sacerdcti
1008 601 1082 695 ccu·

579 727 629 779 ten
653 738 682 781 s.

242 821 331 881 Hunc
353 821 531 882 damnatum
559 823 633 883 dicit
655 824 793 903 generali
814 823 972 897 Concilio,
1006 838 1081 900 crgo

159 912 206 964 est
238 904 418 981 damnatus,
456 913 541 966 tenet
570 908 813 985 consequentia,
849 925 869 965 n
889 905 1020 965 Latomn
1042 903 1082 964 td

158 1005 247 1047 sunm
271 988 452 1067 sapientem.
497 987 595 1063 Quam
625 997 728 1050 antem
751 989 941 1068 scripturam
968 1005 1027 1068 pro
1048 1005 1082 1047 se

158 1068 294 1148 habet2)
330 1070 525 1132 Concilium?
568 1071 599 1132 Si
625 1073 796 1133 Concilium
826 1074 893 1132 sins
925 1070 1082 1150 Scriptura

159 1153 257 1232 valet,
294 1161 329 1214 et
347 1156 421 1214 satis
453 1164 500 1214 est
532 1156 676 1215 infulatos
706 1165 737 1215 et
759 1174 848 1216 rasos
868 1154 932 1214 illic
953 1171 1081 1232 congre-

159 1239 236 1317 gari,
259 1257 313 1297 cnr
335 1256 398 1298 non
411 1237 513 1318 lignes
536 1247 565 1298 et
588 1239 710 1319 lapidea
721 1242 840 1318 signas
857 1237 986 1316 templis
1009 1254 1081 1296 cun·

159 1339 333 1400 gregsmus,
356 1330 387 1380 et
399 1322 551 1401 impositis
575 1323 670 1381 mitris
693 1321 835 1381 etinfulis
858 1321 998 1380 dicamus
1018 1317 1082 1378 illic

159 1403 330 1464 Concilium
353 1422 422 1463 esse
443 1404 609 1484 generale?
637 1404 748 1464 Nonne
771 1405 1001 1464 vitiosissimum
1024 1410 1082 1479 ssi,

159 1485 331 1547 Concilium
352 1487 420 1546 sine
442 1487 537 1547 verbo
559 1487 616 1547 Dei
639 1507 733 1566 agere
755 1495 809 1547 aut
831 1485 991 1548 maluere?
1022 1484 1081 1544 Vs-

158 1588 224 1629 ιιιι
247 1588 307 1649 ego
318 1579 413 1629 ‘nunc
433 1570 564 1649 emplius
587 1571 675 1648 dico,
697 1580 730 1630 et
751 1589 831 1650 nego
854 1569 1082 1630 consensionem

159 1652 742 1814 tdttlldfttltltld’llll,
755 1653 1082 1816 'tilltlltldt

157 1816 352 1879 Traditiones
373 1819 455 1879 enim
476 1818 634 1880 hominum
657 1819 833 1880 abolendae
862 1828 933 1879 sunt
963 1818 1003 1878 ds
1031 1835 1081 1877 es·

158 1901 274 1978 clesia,
306 1920 382 1981 quas
414 1909 445 1962 st
466 1901 613 1962 Lnlomus
647 1923 701 1983 per
723 1903 864 1963 homines
896 1900 963 1962 tolli
986 1917 1081 1979 posse

158 1982 290 2045 affirmat
311 1985 341 2043 in
365 1984 579 2065 suoDislogo,
602 1995 634 2046 at
655 1989 712 2046 ista
734 1986 889 2046 confessio
912 1983 995 2046 aliud
1018 2000 1082 2043 non

158 2074 215 2144 est,
238 2086 331 2147 qnam
355 2069 515 2148 tyrannica
537 2072 660 2128 exactio
675 2068 867 2146 Pontificum,
890 2066 980 2128 nullis
1002 2065 1083 2126 redi·

160 2149 246 2210 cibus
269 2149 445 2229 Scripturas
466 2152 550 2212 nixa.

158 2253 306 2316 Ultimus:
350 2254 449 2316 Omne
472 2275 550 2336 opus
582 2257 695 2317 bonum
720 2260 750 2316 in
774 2259 888 2317 sanctis
912 2253 1096 2315 viatoribus,

492 2359 560 2399 esse
582 2349 753 2420 peccatum.

241 2442 312 2522 Hui,
334 2462 424 2523 qnam
453 2445 617 2506 absurdum
658 2447 740 2506 hunc
777 2447 864 2523 lacit,
901 2451 932 2504 et
965 2443 1084 2505 videtur

160 2534 244 2588 tanto
275 2528 339 2587 viro
362 2526 476 2589 directe
503 2538 611 2589 contra
630 2528 703 2589 illud
726 2528 873 2610 symboli:
907 2526 966 2603 Qui
1000 2526 1084 2588 bona

160 2618 296 2694 egerunt,
319 2610 405 2671 ibunt
426 2613 455 2670 in
480 2614 572 2672 vitam
596 2623 762 2674 aeternam.
805 2611 862 2672 Hic
885 2630 958 2671 vero
982 2611 1083 2671 trium·

159 2694 233 2777 phet
259 2696 361 2772 serio,
383 2702 415 2755 ut
436 2695 612 2775 pudendum
637 2715 705 2756 esse
727 2697 837 2774 iactet,
869 2695 1020 2754 rationem
1044 2692 1083 2756 ab

159 2773 203 2838 eis
226 2784 335 2858 petere
364 2778 395 2837 in
423 2778 607 2838 huiusmodi.
651 2779 791 2858 Denique
824 2780 955 2838 minatur
990 2777 1082 2838 elium

158 2861 246 2922 ferox
268 2860 336 2938 ille,
374 2881 413 2921 ne
436 2863 504 2940 quis
526 2861 598 2921 mihi
632 2881 665 2921 se
687 2865 805 2922 socium
833 2862 934 2923 faciat.
979 2858 1031 2920 Sic
1055 2867 1085 2918 st

158 2936 263 3005 ludaei
285 2962 388 3005 coram
412 2944 525 3005 Pilato:
558 2944 673 3006 Sinon
709 2955 791 3006 essct
821 2945 869 3005 hic
894 2941 1084 3022 malefactor,

159 3046 222 3088 non
244 3025 298 3088 tibi
320 3026 549 3089 tradidissemus
572 3049 651 3090 eum.
695 3029 775 3089 Vere
797 3028 880 3088 stulti
897 3035 927 3088 et
949 3024 1084 3108 pudendi

160 3109 322 3190 mortales,
357 3112 409 3191 qui
430 3111 583 3190 Magistris
620 3112 805 3172 nostralibns
840 3108 1083 3173 Lovnuiensibus

160 3211 222 3254 non
244 3191 313 3254 solo
336 3200 410 3254 nutu
443 3193 656 3270 crediderunt,
691 3196 779 3275 quasi
802 3196 820 3253 ii
844 3197 920 3270 siut,
958 3197 1010 3274 qui
1032 3200 1084 3254 sut

160 3275 241 3338 male
263 3276 342 3338 velle
364 3287 416 3338 aut
440 3297 540 3339 errare
554 3280 681 3358 possint,
704 3279 784 3339 sicut
797 3279 890 3338 ceteri
914 3276 1084 3352 hominum,

161 3362 338 3446 praesertim
363 3379 432 3420 cnm
464 3368 494 3421 et
517 3360 671 3422 Bullarum
693 3364 858 3444 episcopus
893 3368 999 3422 eorum
1021 3357 1082 3420 lac·

160 3453 222 3505 tum
246 3443 469 3523 comprobavit,
493 3444 580 3505 Bulla
603 3445 719 3507 scilicet
740 3444 846 3508 bullas.

173 3550 183 3574 ·
244 3525 304 3588 Sed
327 3524 397 3589 vide
419 3529 587 3607 nequitiam
601 3529 745 3606 hominis,
769 3529 819 3607 qui
843 3544 994 3605 nusquam
1018 3546 1080 3591 nou

159 3612 374 3694 interpretatur
395 3620 556 3690 peccatum
582 3611 723 3691 (dequo
747 3630 805 3692 ego
829 3615 858 3672 in
882 3629 976 3690 opere
999 3608 1080 3671 bono

232 3753 261 3819 1)
282 3747 313 3804 ln
332 3748 374 3803 sd.
394 3751 482 3819 cria:
502 3716 613 3805 hebent.
