<?xml version="1.0" encoding="UTF-8"?>
<!DOCTYPE html PUBLIC "-//W3C//DTD XHTML 1.0 Transitional//EN"
    "http://www.w3.org/TR/xhtml1/DTD/xhtml1-transitional.dtd">
<html xmlns="http://www.w3.org/1999/xhtml" xml:lang="en" lang="en">
 <head>
  <title>
</title>
<meta http-equiv="Content-Type" content="text/html;charset=utf-8" />
  <meta name='ocr-system' content='tesseract 3.04.00' />
  <meta name='ocr-capabilities' content='ocr_page ocr_carea ocr_par ocr_line ocrx_word'/>
</head>
<body>
  <div class='ocr_page' id='page_1' title='image "./dmartinilutheri03luthgoog_0031.png"; bbox 0 0 2392 4170; ppageno 0'>
   <div class='ocr_carea' id='block_1_1' title="bbox 214 205 866 304">
    <p class='ocr_par' dir='ltr' id='par_1_1' title="bbox 214 205 866 304">
     <span class='ocr_line' id='line_1_1' title="bbox 214 205 866 304; baseline 0.009 -20"><span class='ocrx_word' id='word_1_1' title='bbox 214 229 258 300; x_wconf 82' lang='lat'>20</span> <span class='ocrx_word' id='word_1_2' title='bbox 453 234 488 288; x_wconf 87' lang='lat' dir='ltr'>De</span> <span class='ocrx_word' id='word_1_3' title='bbox 508 233 587 304; x_wconf 79' lang='lat' dir='ltr'>Capi.</span> <span class='ocrx_word' id='word_1_4' title='bbox 608 232 705 304; x_wconf 73' lang='lat' dir='ltr'>Babyl.</span> <span class='ocrx_word' id='word_1_5' title='bbox 726 205 866 290; x_wconf 79' lang='lat' dir='ltr'>Ecclesiae</span> 
     </span>
    </p>
   </div>
   <div class='ocr_carea' id='block_1_2' title="bbox 214 388 1142 3213">
    <p class='ocr_par' dir='ltr' id='par_1_2' title="bbox 215 388 1142 2049">
     <span class='ocr_line' id='line_1_2' title="bbox 215 388 1141 469; baseline 0.002 -19"><span class='ocrx_word' id='word_1_6' title='bbox 215 390 303 450; x_wconf 89' lang='lat' dir='ltr'>rintb.</span> <span class='ocrx_word' id='word_1_7' title='bbox 327 393 375 452; x_wconf 79' lang='lat'>11.</span> <span class='ocrx_word' id='word_1_8' title='bbox 398 388 536 465; x_wconf 75' lang='lat' dir='ltr'>adducit,</span> <span class='ocrx_word' id='word_1_9' title='bbox 569 390 618 467; x_wconf 87' lang='lat' dir='ltr'>qui</span> <span class='ocrx_word' id='word_1_10' title='bbox 642 391 798 469; x_wconf 86' lang='lat' dir='ltr'>accepisse</span> <span class='ocrx_word' id='word_1_11' title='bbox 822 411 838 449; x_wconf 90' lang='lat' dir='ltr'>a</span> <span class='ocrx_word' id='word_1_12' title='bbox 861 390 994 450; x_wconf 90' lang='lat' dir='ltr'>Domino</span> <span class='ocrx_word' id='word_1_13' title='bbox 1025 410 1074 464; x_wconf 90' lang='lat' dir='ltr'>se,</span> <span class='ocrx_word' id='word_1_14' title='bbox 1109 398 1141 452; x_wconf 89' lang='lat' dir='ltr'>st</span> 
     </span>
     <span class='ocr_line' id='line_1_3' title="bbox 219 472 1141 550; baseline 0.003 -17"><span class='ocrx_word' id='word_1_15' title='bbox 219 473 379 533; x_wconf 80' lang='lat' dir='ltr'>tradidisse</span> <span class='ocrx_word' id='word_1_16' title='bbox 402 472 564 533; x_wconf 83' lang='lat' dir='ltr'>Corinthiis</span> <span class='ocrx_word' id='word_1_17' title='bbox 596 481 625 531; x_wconf 87' lang='lat' dir='ltr'>el</span> <span class='ocrx_word' id='word_1_18' title='bbox 658 475 745 550; x_wconf 89' lang='lat' dir='ltr'>panis</span> <span class='ocrx_word' id='word_1_19' title='bbox 769 482 799 532; x_wconf 90' lang='lat' dir='ltr'>st</span> <span class='ocrx_word' id='word_1_20' title='bbox 821 474 924 533; x_wconf 88' lang='lat' dir='ltr'>calicis</span> <span class='ocrx_word' id='word_1_21' title='bbox 948 493 1033 533; x_wconf 90' lang='lat' dir='ltr'>usum</span> <span class='ocrx_word' id='word_1_22' title='bbox 1058 474 1141 536; x_wconf 84' lang='lat' dir='ltr'>dicit.</span> 
     </span>
     <span class='ocr_line' id='line_1_4' title="bbox 215 556 1139 636; baseline 0.001 -20"><span class='ocrx_word' id='word_1_23' title='bbox 215 557 273 617; x_wconf 88' lang='lat' dir='ltr'>Hic</span> <span class='ocrx_word' id='word_1_24' title='bbox 293 558 401 616; x_wconf 87' lang='lat' dir='ltr'>iterum</span> <span class='ocrx_word' id='word_1_25' title='bbox 424 563 528 615; x_wconf 90' lang='lat' dir='ltr'>noster</span> <span class='ocrx_word' id='word_1_26' title='bbox 548 557 702 635; x_wconf 89' lang='lat' dir='ltr'>speciator</span> <span class='ocrx_word' id='word_1_27' title='bbox 734 557 810 616; x_wconf 85' lang='lat' dir='ltr'>siout</span> <span class='ocrx_word' id='word_1_28' title='bbox 834 556 944 636; x_wconf 90' lang='lat' dir='ltr'>ubique</span> <span class='ocrx_word' id='word_1_29' title='bbox 967 556 1139 636; x_wconf 71' lang='lat' dir='ltr'>Scripturas</span> 
     </span>
     <span class='ocr_line' id='line_1_5' title="bbox 216 637 1140 720; baseline 0.001 -21"><span class='ocrx_word' id='word_1_30' title='bbox 216 641 339 719; x_wconf 83' lang='lat' dir='ltr'>egregie</span> <span class='ocrx_word' id='word_1_31' title='bbox 369 647 502 699; x_wconf 86' lang='lat' dir='ltr'>tractans</span> <span class='ocrx_word' id='word_1_32' title='bbox 532 637 637 717; x_wconf 79' lang='lat' dir='ltr'>docet,</span> <span class='ocrx_word' id='word_1_33' title='bbox 669 639 792 699; x_wconf 86' lang='lat' dir='ltr'>Paulum</span> <span class='ocrx_word' id='word_1_34' title='bbox 824 638 935 700; x_wconf 87' lang='lat' dir='ltr'>ibidem</span> <span class='ocrx_word' id='word_1_35' title='bbox 966 641 1140 720; x_wconf 81' lang='lat' dir='ltr'>permisisse</span> 
     </span>
     <span class='ocr_line' id='line_1_6' title="bbox 218 722 1140 802; baseline 0.002 -20"><span class='ocrx_word' id='word_1_36' title='bbox 218 729 379 802; x_wconf 88' lang='lat' dir='ltr'>utramque</span> <span class='ocrx_word' id='word_1_37' title='bbox 408 723 559 800; x_wconf 89' lang='lat' dir='ltr'>speciem,</span> <span class='ocrx_word' id='word_1_38' title='bbox 593 741 653 780; x_wconf 88' lang='lat' dir='ltr'>non</span> <span class='ocrx_word' id='word_1_39' title='bbox 685 722 855 782; x_wconf 75' lang='lat' dir='ltr'>tradidisse.</span> <span class='ocrx_word' id='word_1_40' title='bbox 899 722 1027 797; x_wconf 80' lang='lat' dir='ltr'>Quaeris</span> <span class='ocrx_word' id='word_1_41' title='bbox 1059 723 1140 784; x_wconf 89' lang='lat' dir='ltr'>uude</span> 
     </span>
     <span class='ocr_line' id='line_1_7' title="bbox 216 804 1138 886; baseline 0 -20"><span class='ocrx_word' id='word_1_42' title='bbox 216 804 345 886; x_wconf 82' lang='lat' dir='ltr'>probet?</span> <span class='ocrx_word' id='word_1_43' title='bbox 367 805 507 884; x_wconf 76' lang='lat' dir='ltr'>Ideapite</span> <span class='ocrx_word' id='word_1_44' title='bbox 529 824 596 882; x_wconf 89' lang='lat' dir='ltr'>suo,</span> <span class='ocrx_word' id='word_1_45' title='bbox 619 807 698 864; x_wconf 83' lang='lat' dir='ltr'>sicut</span> <span class='ocrx_word' id='word_1_46' title='bbox 720 812 750 864; x_wconf 92' lang='lat' dir='ltr'>et</span> <span class='ocrx_word' id='word_1_47' title='bbox 771 805 845 864; x_wconf 92' lang='lat' dir='ltr'>illud</span> <span class='ocrx_word' id='word_1_48' title='bbox 867 805 973 866; x_wconf 88' lang='lat' dir='ltr'>loban.</span> <span class='ocrx_word' id='word_1_49' title='bbox 988 809 1015 869; x_wconf 88' lang='grc'>6.</span> <span class='ocrx_word' id='word_1_50' title='bbox 1061 806 1138 867; x_wconf 86' lang='lat' dir='ltr'>Nam</span> 
     </span>
     <span class='ocr_line' id='line_1_8' title="bbox 216 887 1140 959; baseline 0.002 -11"><span class='ocrx_word' id='word_1_51' title='bbox 216 890 297 948; x_wconf 88' lang='lat' dir='ltr'>bunc</span> <span class='ocrx_word' id='word_1_52' title='bbox 319 887 477 948; x_wconf 89' lang='lat' dir='ltr'>Lectorem</span> <span class='ocrx_word' id='word_1_53' title='bbox 501 906 561 947; x_wconf 90' lang='lat' dir='ltr'>non</span> <span class='ocrx_word' id='word_1_54' title='bbox 592 888 680 947; x_wconf 89' lang='lat' dir='ltr'>decet</span> <span class='ocrx_word' id='word_1_55' title='bbox 703 890 850 948; x_wconf 88' lang='lat' dir='ltr'>rationem</span> <span class='ocrx_word' id='word_1_56' title='bbox 873 888 1001 948; x_wconf 84' lang='lat' dir='ltr'>reddere</span> <span class='ocrx_word' id='word_1_57' title='bbox 1023 907 1140 959; x_wconf 80' lang='lat' dir='ltr'>eorum,</span> 
     </span>
     <span class='ocr_line' id='line_1_9' title="bbox 216 970 1141 1051; baseline 0 -19"><span class='ocrx_word' id='word_1_58' title='bbox 216 990 294 1051; x_wconf 87' lang='lat' dir='ltr'>quae</span> <span class='ocrx_word' id='word_1_59' title='bbox 316 971 398 1043; x_wconf 84' lang='lat' dir='ltr'>dicit,</span> <span class='ocrx_word' id='word_1_60' title='bbox 421 990 489 1030; x_wconf 89' lang='lat' dir='ltr'>cum</span> <span class='ocrx_word' id='word_1_61' title='bbox 512 972 549 1029; x_wconf 88' lang='lat' dir='ltr'>sit</span> <span class='ocrx_word' id='word_1_62' title='bbox 572 970 609 1029; x_wconf 93' lang='lat' dir='ltr'>de</span> <span class='ocrx_word' id='word_1_63' title='bbox 632 971 822 1050; x_wconf 86' lang='lat' dir='ltr'>professione</span> <span class='ocrx_word' id='word_1_64' title='bbox 845 989 966 1050; x_wconf 89' lang='lat' dir='ltr'>eorum,</span> <span class='ocrx_word' id='word_1_65' title='bbox 998 974 1048 1050; x_wconf 91' lang='lat' dir='ltr'>qui</span> <span class='ocrx_word' id='word_1_66' title='bbox 1071 974 1141 1032; x_wconf 88' lang='lat' dir='ltr'>risi·</span> 
     </span>
     <span class='ocr_line' id='line_1_10' title="bbox 216 1053 1142 1132; baseline 0 -17"><span class='ocrx_word' id='word_1_67' title='bbox 216 1055 324 1115; x_wconf 90' lang='lat' dir='ltr'>onibus</span> <span class='ocrx_word' id='word_1_68' title='bbox 358 1055 420 1113; x_wconf 90' lang='lat' dir='ltr'>suis</span> <span class='ocrx_word' id='word_1_69' title='bbox 452 1055 555 1113; x_wconf 88' lang='lat' dir='ltr'>omnia</span> <span class='ocrx_word' id='word_1_70' title='bbox 585 1054 715 1132; x_wconf 87' lang='lat' dir='ltr'>probant</span> <span class='ocrx_word' id='word_1_71' title='bbox 748 1061 778 1114; x_wconf 89' lang='lat' dir='ltr'>st</span> <span class='ocrx_word' id='word_1_72' title='bbox 811 1053 932 1114; x_wconf 87' lang='lat' dir='ltr'>docent.</span> <span class='ocrx_word' id='word_1_73' title='bbox 986 1054 1142 1115; x_wconf 90' lang='lat' dir='ltr'>Docemnr</span> 
     </span>
     <span class='ocr_line' id='line_1_11' title="bbox 215 1136 1140 1218; baseline 0.001 -21"><span class='ocrx_word' id='word_1_74' title='bbox 215 1156 289 1218; x_wconf 86' lang='lat' dir='ltr'>ergo</span> <span class='ocrx_word' id='word_1_75' title='bbox 326 1138 449 1212; x_wconf 88' lang='lat' dir='ltr'>ethic,</span> <span class='ocrx_word' id='word_1_76' title='bbox 487 1137 659 1216; x_wconf 85' lang='lat' dir='ltr'>apostolum</span> <span class='ocrx_word' id='word_1_77' title='bbox 695 1156 732 1196; x_wconf 91' lang='lat' dir='ltr'>eo</span> <span class='ocrx_word' id='word_1_78' title='bbox 769 1136 828 1196; x_wconf 91' lang='lat' dir='ltr'>loci</span> <span class='ocrx_word' id='word_1_79' title='bbox 865 1157 925 1196; x_wconf 92' lang='lat' dir='ltr'>non</span> <span class='ocrx_word' id='word_1_80' title='bbox 960 1137 1140 1199; x_wconf 87' lang='lat' dir='ltr'>aduniver·</span> 
     </span>
     <span class='ocr_line' id='line_1_12' title="bbox 215 1219 1137 1299; baseline 0.002 -19"><span class='ocrx_word' id='word_1_81' title='bbox 215 1240 267 1281; x_wconf 91' lang='lat' dir='ltr'>sos</span> <span class='ocrx_word' id='word_1_82' title='bbox 300 1219 474 1281; x_wconf 83' lang='lat' dir='ltr'>Corinthios</span> <span class='ocrx_word' id='word_1_83' title='bbox 507 1221 682 1299; x_wconf 79' lang='lat' dir='ltr'>scripsisse,</span> <span class='ocrx_word' id='word_1_84' title='bbox 719 1219 772 1280; x_wconf 90' lang='lat' dir='ltr'>sed</span> <span class='ocrx_word' id='word_1_85' title='bbox 809 1221 847 1280; x_wconf 89' lang='lat' dir='ltr'>ad</span> <span class='ocrx_word' id='word_1_86' title='bbox 880 1220 976 1280; x_wconf 91' lang='lat' dir='ltr'>laicos</span> <span class='ocrx_word' id='word_1_87' title='bbox 1008 1227 1137 1298; x_wconf 88' lang='lat' dir='ltr'>tantum,</span> 
     </span>
     <span class='ocr_line' id='line_1_13' title="bbox 217 1302 1141 1385; baseline 0.002 -21"><span class='ocrx_word' id='word_1_88' title='bbox 217 1303 287 1364; x_wconf 91' lang='lat' dir='ltr'>ideo</span> <span class='ocrx_word' id='word_1_89' title='bbox 311 1302 521 1363; x_wconf 88' lang='lat' dir='ltr'>sacerdotibus</span> <span class='ocrx_word' id='word_1_90' title='bbox 543 1302 604 1362; x_wconf 90' lang='lat' dir='ltr'>illio</span> <span class='ocrx_word' id='word_1_91' title='bbox 626 1303 698 1361; x_wconf 88' lang='lat' dir='ltr'>nihil</span> <span class='ocrx_word' id='word_1_92' title='bbox 721 1305 905 1382; x_wconf 86' lang='lat' dir='ltr'>permisisse,</span> <span class='ocrx_word' id='word_1_93' title='bbox 928 1303 982 1364; x_wconf 93' lang='lat' dir='ltr'>sed</span> <span class='ocrx_word' id='word_1_94' title='bbox 1004 1305 1141 1385; x_wconf 88' lang='lat' dir='ltr'>privatos</span> 
     </span>
     <span class='ocr_line' id='line_1_14' title="bbox 216 1386 1141 1467; baseline 0.001 -20"><span class='ocrx_word' id='word_1_95' title='bbox 216 1407 285 1448; x_wconf 90' lang='lat' dir='ltr'>esse</span> <span class='ocrx_word' id='word_1_96' title='bbox 307 1387 449 1447; x_wconf 88' lang='lat' dir='ltr'>universo</span> <span class='ocrx_word' id='word_1_97' title='bbox 471 1395 680 1463; x_wconf 77' lang='lat' dir='ltr'>sacrament03</span> <span class='ocrx_word' id='word_1_98' title='bbox 702 1386 811 1446; x_wconf 87' lang='lat' dir='ltr'>deinde</span> <span class='ocrx_word' id='word_1_99' title='bbox 835 1387 916 1466; x_wconf 91' lang='lat' dir='ltr'>quod</span> <span class='ocrx_word' id='word_1_100' title='bbox 940 1386 1141 1467; x_wconf 27' lang='lat' dir='ltr'>novalGram·</span> 
     </span>
     <span class='ocr_line' id='line_1_15' title="bbox 217 1469 1138 1549; baseline -0.001 -18"><span class='ocrx_word' id='word_1_101' title='bbox 217 1472 342 1547; x_wconf 81' lang='lat' dir='ltr'>metica,</span> <span class='ocrx_word' id='word_1_102' title='bbox 365 1469 480 1549; x_wconf 88' lang='lat' dir='ltr'>Accepi</span> <span class='ocrx_word' id='word_1_103' title='bbox 505 1489 523 1527; x_wconf 88' lang='lat' dir='ltr'>a</span> <span class='ocrx_word' id='word_1_104' title='bbox 545 1469 694 1545; x_wconf 91' lang='lat' dir='ltr'>Domino,</span> <span class='ocrx_word' id='word_1_105' title='bbox 717 1469 795 1528; x_wconf 89' lang='lat' dir='ltr'>idem</span> <span class='ocrx_word' id='word_1_106' title='bbox 819 1471 872 1548; x_wconf 87' lang='lat' dir='ltr'>sit,</span> <span class='ocrx_word' id='word_1_107' title='bbox 903 1470 985 1549; x_wconf 94' lang='lat' dir='ltr'>quod</span> <span class='ocrx_word' id='word_1_108' title='bbox 1008 1472 1138 1549; x_wconf 88' lang='lat' dir='ltr'>permis-</span> 
     </span>
     <span class='ocr_line' id='line_1_16' title="bbox 216 1552 1140 1634; baseline 0.002 -21"><span class='ocrx_word' id='word_1_109' title='bbox 216 1573 282 1613; x_wconf 89' lang='lat' dir='ltr'>sum</span> <span class='ocrx_word' id='word_1_110' title='bbox 303 1559 350 1613; x_wconf 90' lang='lat' dir='ltr'>est</span> <span class='ocrx_word' id='word_1_111' title='bbox 373 1572 391 1612; x_wconf 93' lang='lat' dir='ltr'>a</span> <span class='ocrx_word' id='word_1_112' title='bbox 414 1553 561 1612; x_wconf 88' lang='lat' dir='ltr'>Domino:</span> <span class='ocrx_word' id='word_1_113' title='bbox 596 1560 625 1612; x_wconf 90' lang='lat' dir='ltr'>et</span> <span class='ocrx_word' id='word_1_114' title='bbox 646 1552 769 1611; x_wconf 79' lang='lat' dir='ltr'>Tradidi</span> <span class='ocrx_word' id='word_1_115' title='bbox 793 1552 895 1634; x_wconf 82' lang='lat' dir='ltr'>vobis,</span> <span class='ocrx_word' id='word_1_116' title='bbox 928 1554 1044 1629; x_wconf 85' lang='lat' dir='ltr'>idest,</span> <span class='ocrx_word' id='word_1_117' title='bbox 1074 1573 1140 1634; x_wconf 91' lang='lat' dir='ltr'>per·</span> 
     </span>
     <span class='ocr_line' id='line_1_17' title="bbox 216 1635 1138 1715; baseline 0 -19"><span class='ocrx_word' id='word_1_118' title='bbox 216 1637 283 1696; x_wconf 89' lang='lat' dir='ltr'>misi</span> <span class='ocrx_word' id='word_1_119' title='bbox 306 1635 403 1698; x_wconf 82' lang='lat' dir='ltr'>vobis.</span> <span class='ocrx_word' id='word_1_120' title='bbox 446 1635 514 1694; x_wconf 90' lang='lat' dir='ltr'>Hoc</span> <span class='ocrx_word' id='word_1_121' title='bbox 542 1654 619 1715; x_wconf 85' lang='lat' dir='ltr'>rogo</span> <span class='ocrx_word' id='word_1_122' title='bbox 651 1636 809 1715; x_wconf 88' lang='lat' dir='ltr'>insigniter</span> <span class='ocrx_word' id='word_1_123' title='bbox 837 1645 919 1696; x_wconf 88' lang='lat' dir='ltr'>nota.</span> <span class='ocrx_word' id='word_1_124' title='bbox 965 1636 1042 1696; x_wconf 89' lang='lat' dir='ltr'>Nam</span> <span class='ocrx_word' id='word_1_125' title='bbox 1066 1638 1138 1697; x_wconf 90' lang='lat' dir='ltr'>binc</span> 
     </span>
     <span class='ocr_line' id='line_1_18' title="bbox 216 1717 1139 1799; baseline 0 -19"><span class='ocrx_word' id='word_1_126' title='bbox 216 1738 278 1780; x_wconf 91' lang='lat' dir='ltr'>non</span> <span class='ocrx_word' id='word_1_127' title='bbox 302 1718 394 1780; x_wconf 92' lang='lat' dir='ltr'>modo</span> <span class='ocrx_word' id='word_1_128' title='bbox 425 1717 590 1793; x_wconf 82' lang='lat' dir='ltr'>eeclesiae,</span> <span class='ocrx_word' id='word_1_129' title='bbox 622 1719 675 1778; x_wconf 89' lang='lat' dir='ltr'>sed</span> <span class='ocrx_word' id='word_1_130' title='bbox 698 1718 822 1779; x_wconf 77' lang='lat' dir='ltr'>cuilibet</span> <span class='ocrx_word' id='word_1_131' title='bbox 848 1721 963 1799; x_wconf 91' lang='lat' dir='ltr'>passim</span> <span class='ocrx_word' id='word_1_132' title='bbox 994 1719 1139 1780; x_wconf 91' lang='lat' dir='ltr'>nebuloni</span> 
     </span>
     <span class='ocr_line' id='line_1_19' title="bbox 216 1801 1139 1881; baseline 0.001 -18"><span class='ocrx_word' id='word_1_133' title='bbox 216 1801 335 1878; x_wconf 89' lang='lat' dir='ltr'>licebit,</span> <span class='ocrx_word' id='word_1_134' title='bbox 357 1802 417 1861; x_wconf 88' lang='lat' dir='ltr'>boc</span> <span class='ocrx_word' id='word_1_135' title='bbox 438 1803 598 1881; x_wconf 84' lang='lat' dir='ltr'>magistro,</span> <span class='ocrx_word' id='word_1_136' title='bbox 633 1803 864 1880; x_wconf 86' lang='lat' dir='ltr'>permissionem</span> <span class='ocrx_word' id='word_1_137' title='bbox 888 1802 989 1863; x_wconf 89' lang='lat' dir='ltr'>lacere</span> <span class='ocrx_word' id='word_1_138' title='bbox 1012 1822 1050 1862; x_wconf 86' lang='lat' dir='ltr'>ex</span> <span class='ocrx_word' id='word_1_139' title='bbox 1075 1805 1139 1864; x_wconf 90' lang='lat' dir='ltr'>uni·</span> 
     </span>
     <span class='ocr_line' id='line_1_20' title="bbox 215 1884 1140 1964; baseline 0.003 -20"><span class='ocrx_word' id='word_1_140' title='bbox 215 1887 310 1946; x_wconf 86' lang='lat' dir='ltr'>versis</span> <span class='ocrx_word' id='word_1_141' title='bbox 339 1887 527 1964; x_wconf 88' lang='lat' dir='ltr'>praeceptis,</span> <span class='ocrx_word' id='word_1_142' title='bbox 561 1886 721 1963; x_wconf 83' lang='lat' dir='ltr'>institutis,</span> <span class='ocrx_word' id='word_1_143' title='bbox 757 1884 999 1946; x_wconf 80' lang='lat' dir='ltr'>ordinationibus</span> <span class='ocrx_word' id='word_1_144' title='bbox 1028 1884 1140 1947; x_wconf 83' lang='lat' dir='ltr'>Christi</span> 
     </span>
     <span class='ocr_line' id='line_1_21' title="bbox 216 1969 488 2049; baseline -0.015 -19"><span class='ocrx_word' id='word_1_145' title='bbox 216 1977 247 2030; x_wconf 89' lang='lat' dir='ltr'>et</span> <span class='ocrx_word' id='word_1_146' title='bbox 268 1969 488 2049; x_wconf 87' lang='lat' dir='ltr'>apostolorum.</span> 
     </span>
    </p>

    <p class='ocr_par' dir='ltr' id='par_1_3' title="bbox 214 2049 1140 3213">
     <span class='ocr_line' id='line_1_22' title="bbox 299 2049 1140 2131; baseline 0.004 -21"><span class='ocrx_word' id='word_1_147' title='bbox 299 2052 398 2113; x_wconf 92' lang='lat' dir='ltr'>Video</span> <span class='ocrx_word' id='word_1_148' title='bbox 428 2052 531 2129; x_wconf 88' lang='lat' dir='ltr'>itaque</span> <span class='ocrx_word' id='word_1_149' title='bbox 567 2049 720 2110; x_wconf 89' lang='lat' dir='ltr'>hominem</span> <span class='ocrx_word' id='word_1_150' title='bbox 758 2051 838 2111; x_wconf 90' lang='lat' dir='ltr'>bunc</span> <span class='ocrx_word' id='word_1_151' title='bbox 871 2052 981 2131; x_wconf 87' lang='lat' dir='ltr'>angelo</span> <span class='ocrx_word' id='word_1_152' title='bbox 1012 2059 1140 2113; x_wconf 88' lang='lat' dir='ltr'>satanae</span> 
     </span>
     <span class='ocr_line' id='line_1_23' title="bbox 216 2134 1140 2215; baseline 0 -20"><span class='ocrx_word' id='word_1_153' title='bbox 216 2136 362 2215; x_wconf 87' lang='lat' dir='ltr'>agitatum</span> <span class='ocrx_word' id='word_1_154' title='bbox 390 2141 420 2193; x_wconf 85' lang='lat' dir='ltr'>et</span> <span class='ocrx_word' id='word_1_155' title='bbox 454 2153 522 2210; x_wconf 92' lang='lat' dir='ltr'>eos,</span> <span class='ocrx_word' id='word_1_156' title='bbox 551 2135 601 2212; x_wconf 89' lang='lat' dir='ltr'>qui</span> <span class='ocrx_word' id='word_1_157' title='bbox 625 2134 797 2212; x_wconf 86' lang='lat' dir='ltr'>colludunt,</span> <span class='ocrx_word' id='word_1_158' title='bbox 828 2135 887 2194; x_wconf 89' lang='lat' dir='ltr'>hoc</span> <span class='ocrx_word' id='word_1_159' title='bbox 909 2154 1072 2215; x_wconf 86' lang='lat' dir='ltr'>quaerere,</span> <span class='ocrx_word' id='word_1_160' title='bbox 1107 2144 1140 2207; x_wconf 82' lang='lat' dir='ltr'>ut</span> 
     </span>
     <span class='ocr_line' id='line_1_24' title="bbox 216 2218 1138 2298; baseline 0.001 -20"><span class='ocrx_word' id='word_1_161' title='bbox 216 2237 271 2298; x_wconf 89' lang='lat' dir='ltr'>per</span> <span class='ocrx_word' id='word_1_162' title='bbox 293 2237 341 2279; x_wconf 90' lang='lat' dir='ltr'>me</span> <span class='ocrx_word' id='word_1_163' title='bbox 363 2235 474 2277; x_wconf 89' lang='lat' dir='ltr'>nomen</span> <span class='ocrx_word' id='word_1_164' title='bbox 499 2223 690 2296; x_wconf 79' lang='lat' dir='ltr'>aucupentur</span> <span class='ocrx_word' id='word_1_165' title='bbox 721 2219 751 2277; x_wconf 89' lang='lat' dir='ltr'>in</span> <span class='ocrx_word' id='word_1_166' title='bbox 775 2218 904 2296; x_wconf 91' lang='lat' dir='ltr'>mundo,</span> <span class='ocrx_word' id='word_1_167' title='bbox 939 2221 1026 2298; x_wconf 88' lang='lat' dir='ltr'>quasi</span> <span class='ocrx_word' id='word_1_168' title='bbox 1054 2219 1138 2298; x_wconf 85' lang='lat' dir='ltr'>digni</span> 
     </span>
     <span class='ocr_line' id='line_1_25' title="bbox 214 2299 1138 2380; baseline 0.001 -19"><span class='ocrx_word' id='word_1_169' title='bbox 214 2301 324 2361; x_wconf 83' lang='lat' dir='ltr'>luerint</span> <span class='ocrx_word' id='word_1_170' title='bbox 346 2319 414 2360; x_wconf 87' lang='lat' dir='ltr'>cum</span> <span class='ocrx_word' id='word_1_171' title='bbox 436 2299 566 2360; x_wconf 84' lang='lat' dir='ltr'>Luthero</span> <span class='ocrx_word' id='word_1_172' title='bbox 590 2300 744 2380; x_wconf 83' lang='lat' dir='ltr'>congredi.</span> <span class='ocrx_word' id='word_1_173' title='bbox 788 2300 849 2361; x_wconf 83' lang='lat' dir='ltr'>Sed</span> <span class='ocrx_word' id='word_1_174' title='bbox 871 2301 1062 2380; x_wconf 79' lang='lat' dir='ltr'>frustrabitur</span> <span class='ocrx_word' id='word_1_175' title='bbox 1084 2321 1138 2363; x_wconf 90' lang='lat' dir='ltr'>eos</span> 
     </span>
     <span class='ocr_line' id='line_1_26' title="bbox 214 2384 1137 2463; baseline 0.001 -19"><span class='ocrx_word' id='word_1_176' title='bbox 214 2403 286 2463; x_wconf 90' lang='lat' dir='ltr'>spes</span> <span class='ocrx_word' id='word_1_177' title='bbox 307 2403 372 2459; x_wconf 90' lang='lat' dir='ltr'>sua,</span> <span class='ocrx_word' id='word_1_178' title='bbox 396 2390 426 2443; x_wconf 89' lang='lat' dir='ltr'>et</span> <span class='ocrx_word' id='word_1_179' title='bbox 448 2386 613 2462; x_wconf 85' lang='lat' dir='ltr'>contempti</span> <span class='ocrx_word' id='word_1_180' title='bbox 636 2402 697 2443; x_wconf 92' lang='lat' dir='ltr'>non</span> <span class='ocrx_word' id='word_1_181' title='bbox 728 2384 964 2445; x_wconf 87' lang='lat' dir='ltr'>nominabuntur</span> <span class='ocrx_word' id='word_1_182' title='bbox 991 2406 1010 2446; x_wconf 90' lang='lat' dir='ltr'>a</span> <span class='ocrx_word' id='word_1_183' title='bbox 1036 2404 1085 2446; x_wconf 91' lang='lat' dir='ltr'>me</span> <span class='ocrx_word' id='word_1_184' title='bbox 1107 2387 1137 2445; x_wconf 90' lang='lat' dir='ltr'>in</span> 
     </span>
     <span class='ocr_line' id='line_1_27' title="bbox 216 2464 1138 2548; baseline 0.002 -22"><span class='ocrx_word' id='word_1_185' title='bbox 216 2473 406 2548; x_wconf 89' lang='lat' dir='ltr'>perpetuum.</span> <span class='ocrx_word' id='word_1_186' title='bbox 451 2467 518 2527; x_wconf 89' lang='lat' dir='ltr'>Una</span> <span class='ocrx_word' id='word_1_187' title='bbox 538 2466 596 2526; x_wconf 90' lang='lat' dir='ltr'>bac</span> <span class='ocrx_word' id='word_1_188' title='bbox 618 2474 778 2526; x_wconf 87' lang='lat' dir='ltr'>contentus</span> <span class='ocrx_word' id='word_1_189' title='bbox 801 2464 853 2527; x_wconf 89' lang='lat' dir='ltr'>ero</span> <span class='ocrx_word' id='word_1_190' title='bbox 876 2470 1079 2548; x_wconf 87' lang='lat' dir='ltr'>responsione</span> <span class='ocrx_word' id='word_1_191' title='bbox 1099 2468 1138 2528; x_wconf 90' lang='lat' dir='ltr'>ad</span> 
     </span>
     <span class='ocr_line' id='line_1_28' title="bbox 215 2549 1138 2632; baseline 0 -22"><span class='ocrx_word' id='word_1_192' title='bbox 215 2551 375 2610; x_wconf 88' lang='lat' dir='ltr'>universos</span> <span class='ocrx_word' id='word_1_193' title='bbox 398 2567 502 2609; x_wconf 89' lang='lat' dir='ltr'>eorum</span> <span class='ocrx_word' id='word_1_194' title='bbox 527 2549 628 2611; x_wconf 85' lang='lat' dir='ltr'>libros.</span> <span class='ocrx_word' id='word_1_195' title='bbox 672 2549 761 2625; x_wconf 78' lang='lat' dir='ltr'>Quod</span> <span class='ocrx_word' id='word_1_196' title='bbox 783 2552 809 2609; x_wconf 91' lang='lat' dir='ltr'>si</span> <span class='ocrx_word' id='word_1_197' title='bbox 831 2550 914 2630; x_wconf 86' lang='lat' dir='ltr'>digni</span> <span class='ocrx_word' id='word_1_198' title='bbox 945 2561 1030 2628; x_wconf 87' lang='lat' dir='ltr'>sunt,</span> <span class='ocrx_word' id='word_1_199' title='bbox 1060 2571 1138 2632; x_wconf 87' lang='lat' dir='ltr'>quos</span> 
     </span>
     <span class='ocr_line' id='line_1_29' title="bbox 216 2632 1139 2711; baseline 0 -16"><span class='ocrx_word' id='word_1_200' title='bbox 216 2633 352 2696; x_wconf 82' lang='lat' dir='ltr'>Christus</span> <span class='ocrx_word' id='word_1_201' title='bbox 375 2632 413 2692; x_wconf 90' lang='lat' dir='ltr'>sd</span> <span class='ocrx_word' id='word_1_202' title='bbox 437 2652 542 2692; x_wconf 87' lang='lat' dir='ltr'>sanam</span> <span class='ocrx_word' id='word_1_203' title='bbox 558 2638 690 2693; x_wconf 90' lang='lat' dir='ltr'>mentem</span> <span class='ocrx_word' id='word_1_204' title='bbox 705 2633 840 2704; x_wconf 87' lang='lat' dir='ltr'>reducat,</span> <span class='ocrx_word' id='word_1_205' title='bbox 861 2653 926 2711; x_wconf 90' lang='lat' dir='ltr'>oro,</span> <span class='ocrx_word' id='word_1_206' title='bbox 949 2645 980 2694; x_wconf 92' lang='lat' dir='ltr'>ut</span> <span class='ocrx_word' id='word_1_207' title='bbox 1002 2637 1031 2695; x_wconf 90' lang='lat' dir='ltr'>id</span> <span class='ocrx_word' id='word_1_208' title='bbox 1045 2636 1139 2696; x_wconf 83' lang='lat' dir='ltr'>iaciat</span> 
     </span>
     <span class='ocr_line' id='line_1_30' title="bbox 215 2715 1137 2798; baseline 0.002 -21"><span class='ocrx_word' id='word_1_209' title='bbox 215 2715 423 2777; x_wconf 88' lang='lat' dir='ltr'>misericordia</span> <span class='ocrx_word' id='word_1_210' title='bbox 445 2736 508 2776; x_wconf 89' lang='lat' dir='ltr'>sua.</span> <span class='ocrx_word' id='word_1_211' title='bbox 554 2716 584 2777; x_wconf 82' lang='lat' dir='ltr'>Si</span> <span class='ocrx_word' id='word_1_212' title='bbox 608 2717 689 2796; x_wconf 91' lang='lat' dir='ltr'>digni</span> <span class='ocrx_word' id='word_1_213' title='bbox 706 2736 766 2778; x_wconf 92' lang='lat' dir='ltr'>non</span> <span class='ocrx_word' id='word_1_214' title='bbox 784 2724 863 2797; x_wconf 87' lang='lat' dir='ltr'>sunt,</span> <span class='ocrx_word' id='word_1_215' title='bbox 885 2737 1003 2798; x_wconf 80' lang='lat' dir='ltr'>precor,</span> <span class='ocrx_word' id='word_1_216' title='bbox 1029 2727 1137 2780; x_wconf 91' lang='lat' dir='ltr'>utnon</span> 
     </span>
     <span class='ocr_line' id='line_1_31' title="bbox 217 2798 1139 2878; baseline 0.001 -17"><span class='ocrx_word' id='word_1_217' title='bbox 217 2809 339 2862; x_wconf 89' lang='lat' dir='ltr'>cessent</span> <span class='ocrx_word' id='word_1_218' title='bbox 360 2798 492 2860; x_wconf 87' lang='lat' dir='ltr'>scribere</span> <span class='ocrx_word' id='word_1_219' title='bbox 517 2801 592 2860; x_wconf 84' lang='lat' dir='ltr'>tales</span> <span class='ocrx_word' id='word_1_220' title='bbox 615 2800 725 2878; x_wconf 88' lang='lat' dir='ltr'>libros,</span> <span class='ocrx_word' id='word_1_221' title='bbox 747 2808 776 2861; x_wconf 88' lang='lat' dir='ltr'>et</span> <span class='ocrx_word' id='word_1_222' title='bbox 799 2800 904 2860; x_wconf 90' lang='lat' dir='ltr'>hostes</span> <span class='ocrx_word' id='word_1_223' title='bbox 928 2801 1079 2877; x_wconf 87' lang='lat' dir='ltr'>veritatis,</span> <span class='ocrx_word' id='word_1_224' title='bbox 1108 2810 1139 2862; x_wconf 88' lang='lat' dir='ltr'>ut</span> 
     </span>
     <span class='ocr_line' id='line_1_32' title="bbox 216 2883 1138 2962; baseline 0.002 -19"><span class='ocrx_word' id='word_1_225' title='bbox 216 2903 277 2944; x_wconf 90' lang='lat' dir='ltr'>non</span> <span class='ocrx_word' id='word_1_226' title='bbox 301 2883 378 2944; x_wconf 91' lang='lat' dir='ltr'>alios</span> <span class='ocrx_word' id='word_1_227' title='bbox 402 2890 573 2944; x_wconf 89' lang='lat' dir='ltr'>mereantur</span> <span class='ocrx_word' id='word_1_228' title='bbox 596 2883 705 2962; x_wconf 86' lang='lat' dir='ltr'>legere.</span> <span class='ocrx_word' id='word_1_229' title='bbox 750 2884 852 2961; x_wconf 85' lang='lat' dir='ltr'>Vulgo</span> <span class='ocrx_word' id='word_1_230' title='bbox 870 2889 899 2943; x_wconf 87' lang='lat' dir='ltr'>et</span> <span class='ocrx_word' id='word_1_231' title='bbox 922 2903 992 2944; x_wconf 90' lang='lat' dir='ltr'>vere</span> <span class='ocrx_word' id='word_1_232' title='bbox 1015 2884 1138 2945; x_wconf 89' lang='lat' dir='ltr'>dicitur:</span> 
     </span>
     <span class='ocr_line' id='line_1_33' title="bbox 217 2966 1139 3045; baseline 0.002 -19"><span class='ocrx_word' id='word_1_233' title='bbox 217 2966 286 3027; x_wconf 92' lang='lat' dir='ltr'>Hoc</span> <span class='ocrx_word' id='word_1_234' title='bbox 307 2967 372 3026; x_wconf 92' lang='lat' dir='ltr'>scio</span> <span class='ocrx_word' id='word_1_235' title='bbox 395 2984 451 3045; x_wconf 91' lang='lat' dir='ltr'>pro</span> <span class='ocrx_word' id='word_1_236' title='bbox 474 2974 574 3043; x_wconf 84' lang='lat' dir='ltr'>certo,</span> <span class='ocrx_word' id='word_1_237' title='bbox 609 2966 705 3045; x_wconf 88' lang='lat' dir='ltr'>quod,</span> <span class='ocrx_word' id='word_1_238' title='bbox 741 2967 765 3026; x_wconf 92' lang='lat' dir='ltr'>si</span> <span class='ocrx_word' id='word_1_239' title='bbox 795 2985 862 3025; x_wconf 87' lang='lat' dir='ltr'>cum</span> <span class='ocrx_word' id='word_1_240' title='bbox 885 2974 1021 3028; x_wconf 88' lang='lat' dir='ltr'>stercore</span> <span class='ocrx_word' id='word_1_241' title='bbox 1044 2977 1139 3045; x_wconf 87' lang='lat' dir='ltr'>certo,</span> 
     </span>
     <span class='ocr_line' id='line_1_34' title="bbox 215 3049 1138 3131; baseline 0.003 -23"><span class='ocrx_word' id='word_1_242' title='bbox 215 3051 306 3110; x_wconf 89' lang='lat' dir='ltr'>vinco</span> <span class='ocrx_word' id='word_1_243' title='bbox 329 3049 377 3109; x_wconf 88' lang='lat' dir='ltr'>vel</span> <span class='ocrx_word' id='word_1_244' title='bbox 392 3050 508 3125; x_wconf 89' lang='lat' dir='ltr'>vincor,</span> <span class='ocrx_word' id='word_1_245' title='bbox 531 3067 653 3129; x_wconf 91' lang='lat' dir='ltr'>semper</span> <span class='ocrx_word' id='word_1_246' title='bbox 665 3068 723 3129; x_wconf 88' lang='lat' dir='ltr'>ego</span> <span class='ocrx_word' id='word_1_247' title='bbox 740 3049 883 3109; x_wconf 87' lang='lat' dir='ltr'>maculor.</span> <span class='ocrx_word' id='word_1_248' title='bbox 918 3050 1045 3126; x_wconf 86' lang='lat' dir='ltr'>Deinde,</span> <span class='ocrx_word' id='word_1_249' title='bbox 1067 3053 1138 3131; x_wconf 89' lang='lat' dir='ltr'>quia</span> 
     </span>
     <span class='ocr_line' id='line_1_35' title="bbox 214 3131 1137 3213; baseline 0.003 -22"><span class='ocrx_word' id='word_1_250' title='bbox 214 3133 303 3193; x_wconf 88' lang='lat' dir='ltr'>video</span> <span class='ocrx_word' id='word_1_251' title='bbox 326 3133 384 3193; x_wconf 93' lang='lat' dir='ltr'>illis</span> <span class='ocrx_word' id='word_1_252' title='bbox 407 3134 500 3193; x_wconf 91' lang='lat' dir='ltr'>otium</span> <span class='ocrx_word' id='word_1_253' title='bbox 525 3143 554 3192; x_wconf 90' lang='lat' dir='ltr'>et</span> <span class='ocrx_word' id='word_1_254' title='bbox 565 3133 685 3192; x_wconf 87' lang='lat' dir='ltr'>chartas</span> <span class='ocrx_word' id='word_1_255' title='bbox 707 3131 873 3211; x_wconf 87' lang='lat' dir='ltr'>abundare,</span> <span class='ocrx_word' id='word_1_256' title='bbox 897 3132 978 3194; x_wconf 86' lang='lat' dir='ltr'>dabo</span> <span class='ocrx_word' id='word_1_257' title='bbox 1000 3154 1137 3213; x_wconf 86' lang='lat' dir='ltr'>operam,</span> 
     </span>
    </p>
   </div>
   <div class='ocr_carea' id='block_1_3' title="bbox 127 3215 1139 3296">
    <p class='ocr_par' dir='ltr' id='par_1_4' title="bbox 127 3215 1139 3296">
     <span class='ocr_line' id='line_1_36' title="bbox 127 3215 1139 3296; baseline 0.005 -22"><span class='ocrx_word' id='word_1_258' title='bbox 127 3284 130 3291; x_wconf 39' lang='grc'>,</span> <span class='ocrx_word' id='word_1_259' title='bbox 216 3224 249 3275; x_wconf 86' lang='lat' dir='ltr'>ut</span> <span class='ocrx_word' id='word_1_260' title='bbox 272 3217 426 3296; x_wconf 88' lang='lat' dir='ltr'>negotium</span> <span class='ocrx_word' id='word_1_261' title='bbox 450 3216 600 3276; x_wconf 89' lang='lat' dir='ltr'>scribendi</span> <span class='ocrx_word' id='word_1_262' title='bbox 625 3215 758 3276; x_wconf 86' lang='lat' dir='ltr'>habeant</span> <span class='ocrx_word' id='word_1_263' title='bbox 781 3219 951 3296; x_wconf 87' lang='lat' dir='ltr'>copiosum.</span> <span class='ocrx_word' id='word_1_264' title='bbox 996 3217 1139 3278; x_wconf 88' lang='lat' dir='ltr'>Praecur-</span> 
     </span>
    </p>
   </div>
   <div class='ocr_carea' id='block_1_4' title="bbox 213 3299 1172 3801">
    <p class='ocr_par' dir='ltr' id='par_1_5' title="bbox 213 3299 1172 3801">
     <span class='ocr_line' id='line_1_37' title="bbox 213 3299 1138 3384; baseline 0.003 -25"><span class='ocrx_word' id='word_1_265' title='bbox 213 3319 277 3359; x_wconf 90' lang='lat' dir='ltr'>ram</span> <span class='ocrx_word' id='word_1_266' title='bbox 302 3300 394 3377; x_wconf 88' lang='lat' dir='ltr'>enim,</span> <span class='ocrx_word' id='word_1_267' title='bbox 416 3305 457 3376; x_wconf 90' lang='lat' dir='ltr'>nt,</span> <span class='ocrx_word' id='word_1_268' title='bbox 482 3299 550 3358; x_wconf 90' lang='lat' dir='ltr'>dum</span> <span class='ocrx_word' id='word_1_269' title='bbox 575 3299 786 3378; x_wconf 86' lang='lat' dir='ltr'>gloriosissimi</span> <span class='ocrx_word' id='word_1_270' title='bbox 809 3302 939 3384; x_wconf 73' lang='lat' dir='ltr'>victores</span> <span class='ocrx_word' id='word_1_271' title='bbox 954 3300 1065 3362; x_wconf 88' lang='lat' dir='ltr'>deuna</span> <span class='ocrx_word' id='word_1_272' title='bbox 1086 3302 1138 3362; x_wconf 90' lang='lat' dir='ltr'>ali·</span> 
     </span>
     <span class='ocr_line' id='line_1_38' title="bbox 214 3381 1137 3466; baseline 0.004 -24"><span class='ocrx_word' id='word_1_273' title='bbox 214 3401 275 3462; x_wconf 86' lang='lat' dir='ltr'>qua</span> <span class='ocrx_word' id='word_1_274' title='bbox 297 3402 367 3442; x_wconf 91' lang='lat' dir='ltr'>mea</span> <span class='ocrx_word' id='word_1_275' title='bbox 398 3382 515 3443; x_wconf 89' lang='lat' dir='ltr'>haeresi</span> <span class='ocrx_word' id='word_1_276' title='bbox 547 3382 597 3460; x_wconf 74' lang='lat' dir='ltr'>(ut</span> <span class='ocrx_word' id='word_1_277' title='bbox 618 3384 662 3442; x_wconf 91' lang='lat' dir='ltr'>eis</span> <span class='ocrx_word' id='word_1_278' title='bbox 685 3381 822 3464; x_wconf 86' lang='lat' dir='ltr'>videtur)</span> <span class='ocrx_word' id='word_1_279' title='bbox 847 3383 1049 3466; x_wconf 86' lang='lat' dir='ltr'>triumphant,</span> <span class='ocrx_word' id='word_1_280' title='bbox 1078 3404 1137 3463; x_wconf 90' lang='lat' dir='ltr'>ego</span> 
     </span>
     <span class='ocr_line' id='line_1_39' title="bbox 213 3465 1138 3546; baseline 0.002 -21"><span class='ocrx_word' id='word_1_281' title='bbox 213 3466 332 3525; x_wconf 86' lang='lat' dir='ltr'>iuterim</span> <span class='ocrx_word' id='word_1_282' title='bbox 356 3483 468 3526; x_wconf 89' lang='lat' dir='ltr'>novam</span> <span class='ocrx_word' id='word_1_283' title='bbox 492 3465 608 3527; x_wconf 88' lang='lat' dir='ltr'>moliar.</span> <span class='ocrx_word' id='word_1_284' title='bbox 655 3466 752 3546; x_wconf 84' lang='lat' dir='ltr'>Cupio</span> <span class='ocrx_word' id='word_1_285' title='bbox 776 3468 855 3526; x_wconf 90' lang='lat' dir='ltr'>enim</span> <span class='ocrx_word' id='word_1_286' title='bbox 879 3474 909 3527; x_wconf 90' lang='lat' dir='ltr'>et</span> <span class='ocrx_word' id='word_1_287' title='bbox 935 3485 994 3546; x_wconf 91' lang='lat' dir='ltr'>ego</span> <span class='ocrx_word' id='word_1_288' title='bbox 1017 3468 1073 3527; x_wconf 94' lang='lat' dir='ltr'>bos</span> <span class='ocrx_word' id='word_1_289' title='bbox 1095 3470 1138 3528; x_wconf 92' lang='lat' dir='ltr'>in·</span> 
     </span>
     <span class='ocr_line' id='line_1_40' title="bbox 215 3547 1138 3629; baseline 0.005 -23"><span class='ocrx_word' id='word_1_290' title='bbox 215 3549 318 3627; x_wconf 91' lang='lat' dir='ltr'>signes</span> <span class='ocrx_word' id='word_1_291' title='bbox 340 3547 486 3609; x_wconf 89' lang='lat' dir='ltr'>bellorum</span> <span class='ocrx_word' id='word_1_292' title='bbox 511 3549 603 3609; x_wconf 90' lang='lat' dir='ltr'>duces</span> <span class='ocrx_word' id='word_1_293' title='bbox 637 3549 738 3609; x_wconf 90' lang='lat' dir='ltr'>multis</span> <span class='ocrx_word' id='word_1_294' title='bbox 763 3549 855 3610; x_wconf 87' lang='lat' dir='ltr'>titulis</span> <span class='ocrx_word' id='word_1_295' title='bbox 877 3551 989 3610; x_wconf 89' lang='lat' dir='ltr'>ornari.</span> <span class='ocrx_word' id='word_1_296' title='bbox 1030 3550 1138 3629; x_wconf 88' lang='lat' dir='ltr'>Itaque</span> 
     </span>
     <span class='ocr_line' id='line_1_41' title="bbox 214 3630 1172 3715; baseline 0.004 -25"><span class='ocrx_word' id='word_1_297' title='bbox 214 3630 283 3690; x_wconf 90' lang='lat' dir='ltr'>dum</span> <span class='ocrx_word' id='word_1_298' title='bbox 306 3631 349 3691; x_wconf 93' lang='lat' dir='ltr'>illi</span> <span class='ocrx_word' id='word_1_299' title='bbox 373 3639 575 3709; x_wconf 88' lang='lat' dir='ltr'>murmurant,</span> <span class='ocrx_word' id='word_1_300' title='bbox 598 3652 681 3692; x_wconf 88' lang='lat' dir='ltr'>ame</span> <span class='ocrx_word' id='word_1_301' title='bbox 704 3631 820 3693; x_wconf 91' lang='lat' dir='ltr'>laudari</span> <span class='ocrx_word' id='word_1_302' title='bbox 843 3634 998 3712; x_wconf 90' lang='lat' dir='ltr'>utriusque</span> <span class='ocrx_word' id='word_1_303' title='bbox 1023 3635 1137 3715; x_wconf 88' lang='lat' dir='ltr'>speciei</span> <span class='ocrx_word' id='word_1_304' title='bbox 1168 3677 1172 3685; x_wconf 83' lang='lat'>·</span> 
     </span>
     <span class='ocr_line' id='line_1_42' title="bbox 213 3716 1138 3801; baseline 0.002 -24"><span class='ocrx_word' id='word_1_305' title='bbox 213 3716 471 3801; x_wconf 82' lang='lat' dir='ltr'>communionem,</span> <span class='ocrx_word' id='word_1_306' title='bbox 493 3723 523 3775; x_wconf 91' lang='lat' dir='ltr'>et</span> <span class='ocrx_word' id='word_1_307' title='bbox 544 3717 574 3775; x_wconf 90' lang='lat' dir='ltr'>in</span> <span class='ocrx_word' id='word_1_308' title='bbox 599 3716 734 3776; x_wconf 88' lang='lat' dir='ltr'>maxims</span> <span class='ocrx_word' id='word_1_309' title='bbox 754 3717 812 3776; x_wconf 88' lang='lat' dir='ltr'>ista</span> <span class='ocrx_word' id='word_1_310' title='bbox 834 3734 929 3797; x_wconf 89' lang='lat' dir='ltr'>seque</span> <span class='ocrx_word' id='word_1_311' title='bbox 959 3717 1138 3798; x_wconf 85' lang='lat' dir='ltr'>dignissima</span> 
     </span>
    </p>
   </div>
   <div class='ocr_carea' id='block_1_5' title="bbox 0 0 1200 4170">
    <p class='ocr_par' dir='ltr' id='par_1_6' title="bbox 0 0 1200 4170">
     <span class='ocr_line' id='line_1_43' title="bbox 0 0 1200 4170; baseline 0 0"><span class='ocrx_word' id='word_1_312' title='bbox 0 0 1200 4170; x_wconf 95' lang='lat' dir='ltr'> </span> 
     </span>
    </p>
   </div>
  </div>
 </body>
</html>
