2392 4170
213 275 215 279 '
326 266 535 325 Bullamlson.
555 267 589 322 X.
608 266 774 323 damnata
796 267 875 324 toto.
999 268 1061 334 2οὓ

131 421 253 501 plioitar
273 428 305 482 st
327 439 449 501 semper
470 427 502 483 et
529 419 641 500 ubique
663 421 798 502 impleta.
841 424 881 483 At
908 425 1056 504 primatus

131 508 189 566 ista
224 523 263 566 na
296 523 357 564 una
387 503 509 583 quidem
544 505 621 566 hora
660 505 803 585 impletus
833 512 879 566 est
912 525 1057 586 unquam.

130 587 325 669 Impossibile
347 597 450 648 autem
474 587 580 648 luisset
601 606 670 647 eum
699 607 759 648 non
789 589 925 670 impleri,
954 595 978 651 si
1009 590 1056 652 val

131 676 315 753 praeceptus
339 671 387 730 val
409 671 578 751 promissus
591 672 705 732 luisset.
739 671 864 751 Eligant
877 691 951 753 ergo
974 674 1057 753 qnod

132 754 257 834 volunt,
286 754 370 813 Deus
397 755 561 833 primatum
590 753 671 813 Patri
698 753 830 814 instituit
850 773 887 815 aa
909 758 1057 836 promisit,

131 848 161 898 et
183 856 340 917 nunquam
372 837 524 917 implevit,
555 855 631 918 ergo
664 839 808 900 mentitus
844 846 899 912 ast.
942 839 1056 901 Sinon

132 923 277 981 mentitus
306 926 372 998 ast,
409 938 564 999 uunquam
597 921 741 997 instituit,
776 939 876 1000 neque
908 925 1056 1002 promisit.

132 1003 220 1068 Hans
243 1003 442 1065 ratiunculam
466 1022 566 1082 nequa
597 1003 734 1082 solvunt,
765 1022 822 1064 neo
853 1004 975 1066 solvent
1005 1026 1059 1068 un-

132 1105 224 1166 quam
248 1105 356 1147 omnes
376 1088 516 1166 papistae
537 1089 567 1146 in
591 1106 683 1146 unum
706 1085 800 1147 ahaos
823 1089 951 1153 oonlusi.

214 1170 377 1231 Praeterea
410 1171 481 1248 quid
510 1189 571 1229 non
600 1169 734 1230 audeant
756 1172 974 1249 praesumere?
1004 1174 1056 1252 qni

133 1257 295 1335 primatum
318 1253 452 1312 tribuunt
463 1253 603 1313 Romano
627 1254 785 1333 episeopo,
807 1255 909 1314 sinon
934 1273 1056 1315 moven-
1114 1289 1119 1297 1

134 1349 179 1398 tur
201 1335 400 1416 insuperabili
427 1346 457 1396 et
483 1356 500 1395 a
528 1355 562 1397 se
590 1338 665 1417 ipsis
694 1337 838 1397 oonlesso
865 1330 1057 1418 argumento,

133 1419 216 1500 quod
245 1437 352 1479 omues
384 1419 518 1498 apostoli
553 1419 699 1499 aequales
734 1422 856 1479 luerunt
883 1421 989 1498 Petro,
1027 1431 1058 1483 et

132 1504 249 1563 nullum
271 1521 376 1562 eorum
409 1505 475 1583 ipse
502 1505 610 1584 elegit,
632 1503 713 1582 feeit,
736 1503 944 1581 confirmavit,
968 1506 1058 1582 misit,

133 1596 186 1647 aut
207 1586 323 1667 aliquid
345 1587 511 1648 mandavit.
547 1588 627 1662 Quid
650 1587 731 1647 enim
751 1587 898 1663 lacerant,
921 1592 945 1646 si
962 1590 1057 1649 semel

133 1671 259 1729 missum
289 1669 421 1748 aliquem
451 1688 470 1729 a
497 1670 587 1731 Petro
620 1677 750 1750 possent
771 1672 950 1753 ostendere,
979 1675 1058 1732 siout

134 1772 191 1813 nos
214 1753 403 1813 ostendimus
424 1753 546 1812 Petrum
574 1754 612 1813 ab
643 1754 710 1813 aliis
734 1753 879 1814 missum?
914 1757 1006 1816 Aeto.
1029 1756 1056 1820 8.

216 1836 318 1896 Miser
329 1835 379 1897 ille
395 1837 489 1896 homo
503 1837 592 1898 Rom.
606 1840 771 1916 episeopus
784 1855 871 1896 suam
894 1839 1056 1898 eoolesiam

133 1921 306 1981 Romanam
329 1938 431 1998 neque
452 1921 531 1999 regit
553 1939 652 1999 neque
674 1922 783 2001 pascit,
806 1920 859 1980 sed
882 1939 982 2000 neque
1004 1941 1057 2003 po·

133 2012 200 2063 test.
246 2002 365 2062 Deinde
387 2003 509 2064 Curiam
537 2022 624 2063 suam
655 2006 790 2063 omnium
820 2003 968 2064 scelerum
998 2007 1056 2065 ler-

133 2107 205 2147 nam
229 2088 320 2146 etiam
342 2089 436 2146 nutrit
458 2105 495 2146 ao
515 2087 615 2167 lovat,
638 2097 668 2146 et
689 2088 783 2147 totius
805 2087 887 2147 orbis
908 2087 1056 2148 aeclesias

134 2171 190 2230 sibi
218 2178 341 2248 arrogat
364 2169 404 2229 ad
425 2170 604 2250 regendum,
626 2173 688 2230 imo
710 2189 768 2230 nen
790 2190 876 2231 suam
895 2190 1058 2250 personam

134 2272 242 2333 regere
264 2254 325 2312 iam
348 2255 481 2313 amultis
495 2255 606 2313 seculis
629 2255 739 2334 potuit,
761 2261 822 2313 tam
837 2273 956 2314 crassas
979 2264 1059 2315 tene·

134 2336 203 2397 bras
227 2338 405 2396 temeritatis
428 2337 528 2397 adhuo
549 2355 610 2397 non
634 2339 805 2417 palpamus.
844 2337 885 2396 lit
905 2338 983 2398 hasa
1005 2336 1058 2418 fig-

136 2429 240 2480 menta
263 2419 423 2480 verborum
437 2422 728 2501 inaompositissima
740 2420 841 2481 adhue
861 2421 1059 2501 admittimus,

135 2523 207 2564 vere
234 2502 394 2563 eredentes
424 2523 493 2564 eum
527 2523 598 2564 vera
625 2522 753 2584 passere
782 2523 819 2564 ao
845 2522 952 2584 regere
982 2505 1060 2565 velle
1109 2510 1111 2515 ’

135 2598 187 2648 aut
219 2606 311 2667 possa
345 2605 454 2648 omues
486 2587 652 2662 ecelesias,
685 2588 737 2666 qui
769 2606 856 2646 suam
886 2591 1058 2667 proximam

134 2674 227 2731 etiam
250 2677 358 2733 vastat.
402 2671 505 2751 Lupus
536 2674 567 2730 in
595 2689 651 2730 suo
680 2669 769 2748 ovili,
801 2677 908 2745 pastor
940 2673 996 2730 erit
1028 2673 1059 2731 in

133 2755 264 2819 alienis?

219 2841 319 2900 Unum
340 2837 402 2898 hoa
423 2857 483 2919 ago
505 2838 655 2918 admiror,
690 2856 743 2897 our
777 2845 858 2898 totus
887 2837 969 2897 orbis
1000 2837 1060 2897 hoo

135 2929 267 3007 primatu
290 2941 395 2982 aarere
417 2941 479 2982 non
500 2923 615 3002 possit,
646 2923 731 2981 ouius
759 2939 838 3001 opus
866 2929 897 2980 st
925 2920 1059 2980 olfioinm

137 3026 293 3087 nunquam
316 3006 411 3066 sensit
438 3024 496 3066 neo
523 3024 657 3084 unquam
688 3007 799 3064 sentire
827 3004 949 3085 potest?
980 3002 1060 3078 Quid

134 3097 217 3154 enim
240 3091 427 3170 principatus
449 3091 515 3150 sina
538 3108 649 3168 opere,
678 3089 738 3148 imo
769 3089 921 3148 contrario
945 3086 1060 3167 opere?

133 3178 167 3238 si
189 3175 321 3235 eoolesia
350 3180 410 3232 stat
437 3175 502 3233 sine
524 3174 603 3233 illius
625 3192 719 3252 opere
752 3179 784 3232 et
814 3170 934 3249 offioio,
968 3173 1060 3231 etiam

133 3263 203 3320 siue
222 3260 294 3337 'ipso
317 3258 449 3336 primatu
470 3256 579 3334 stabit,
607 3263 639 3315 et
664 3259 730 3316 sine
757 3254 850 3315 dubio
872 3255 980 3315 melius
1003 3263 1062 3314 sta·

136 3344 196 3423 bit,
220 3342 346 3421 perinde
370 3342 450 3400 enim
472 3347 535 3419 est,
563 3358 600 3400 ao
621 3341 645 3398 si
669 3339 768 3399 nullus
790 3339 844 3414 sit,
873 3339 959 3398 auius
982 3354 1060 3418 opus

135 3434 167 3488 et
190 3425 324 3486 affinium
347 3424 464 3491 nullum
483 3431 540 3488 est.
585 3421 664 3498 Quid
694 3441 768 3503 ergo
790 3423 927 3501 garriunt
950 3422 1061 3500 miseri,

135 3520 284 3591 papatum
307 3527 375 3568 esse
397 3514 539 3588 oportere
563 3506 601 3567 ad
623 3506 789 3587 regendam
812 3505 973 3567 aaolasiam
997 3504 1060 3564 uni·

136 3593 304 3670 versulam,
327 3610 365 3651 ne
387 3593 425 3651 sit
448 3590 612 3672 acephala,
642 3590 765 3669 quando
791 3591 905 3668 regitur
926 3588 964 3648 ab
987 3586 1062 3648 illo?

135 3677 207 3738 Non
231 3682 279 3735 est
299 3675 464 3756 acephala,
492 3693 571 3754 quae
599 3674 708 3753 ospitis
739 3673 785 3738 sui
816 3691 915 3751 neque
944 3679 1059 3731 motam

136 3778 239 3841 neque
259 3778 395 3840 sensum,
415 3760 478 3819 imo
503 3759 688 3835 eontrarium
710 3757 881 3838 experitur.
895 3822 898 3828 Δ
910 3755 976 3819 Vae
999 3771 1061 3816 ma·
