2392 4170
405 251 530 306 {tutionis
550 250 729 305 Lotomtsuss
746 254 798 306 sto.
1008 245 1070 313 441

139 404 287 484 ⁴Urogistri
311 406 406 467 nostri
436 424 510 486 prae
531 407 627 468 nimis
647 404 810 487 prudentis
830 405 877 466 sio
891 404 1071 485 innuuntur,

146 495 192 549 ut
204 487 378 550 revelentur
400 488 603 570 cogitationes
616 488 754 551 nordium
769 507 904 565 suorum,
928 487 1010 568 quod
1035 486 1073 550 do

148 572 265 652 pistae
287 574 420 633 sentient
442 592 535 652 supro
557 593 648 653 quam
675 572 920 654 prophetoe-sut
940 570 1073 653 apostoli

148 673 265 735 ospes-o
284 657 411 735 possint.
456 655 534 717 Nam
557 656 628 736 quid
641 656 787 718 Lutomus
810 655 848 718 de
869 655 930 717 ido
952 662 982 715 et
1000 673 1073 736 ope-

150 738 235 799 ribus
257 740 368 799 sentiat
390 759 429 799 ex
454 741 576 817 animo,
610 742 683 801 satis
721 739 833 820 probat
860 759 897 799 os
920 759 958 799 ex
980 738 1073 799 obun-

150 820 256 882 dsntis
273 822 337 883 isis
360 823 461 882 oordis
483 823 630 902 loquens,
651 823 810 904 praevenit
831 823 880 883 hio
903 827 998 882 ortem
1022 841 1073 882 ns·

145 913 229 980 tutu,
250 912 285 964 nt
307 906 450 966 simulare
472 926 534 967 non
557 914 672 986 posset.
782 950 787 965 .

230 987 503 1068 consequentiam,
526 989 795 1066 oirournstoutium,
818 996 848 1049 ot
862 987 965 1069 (quod
981 987 1071 1064 dioit)

150 1070 233 1131 flium
252 1071 416 1133 locutionis
438 1072 487 1132 hio
509 1074 612 1133 omisit
628 1071 817 1153 ponderator
829 1071 1072 1133 testimoniorum

151 1153 415 1235 prudentissimus,
438 1157 510 1234 quis
533 1156 700 1236 perioniunr
722 1156 828 1234 sensit,
851 1154 920 1216 ideo
936 1153 1074 1233 confugit

152 1238 285 1317 primurn
309 1237 498 1300 eduliorum
522 1240 748 1319 expositiones,
778 1239 887 1299 deindo
909 1256 994 1299 more
1016 1255 1072 1298 suo

151 1319 189 1380 sd
213 1320 307 1381 aliurn
336 1321 437 1382 losum
461 1321 645 1403 floripturse.
689 1321 876 1402 Quanquam*
901 1327 932 1382 et
960 1338 1019 1400 ego
1048 1320 1073 1379 si

152 1409 274 1484 praeter
292 1404 377 1466 uano
399 1406 592 1466 autoritatem
615 1407 689 1467 nihil
702 1405 857 1483 haberem,
879 1423 941 1465 non
962 1405 993 1464 in
1016 1402 1074 1464 isso

152 1488 304 1548 sententia
327 1496 450 1550 starem.
497 1489 530 1549 ln
554 1488 614 1550 hoo
636 1497 738 1550 sutem
762 1508 828 1550 esur
854 1488 960 1569 posui,
992 1485 1075 1567 quod

153 1588 277 1649 prorsus
301 1588 363 1631 non
387 1573 503 1651 possim
525 1571 563 1632 od
587 1592 654 1632 eom
672 1571 870 1653 respondero,
892 1568 974 1651 qnod
989 1569 1077 1631 sutis·

152 1653 255 1728 insist,
279 1654 357 1714 siout
380 1673 437 1714 neo
458 1655 604 1715 Latomus
627 1663 744 1736 potest,
780 1674 837 1716 neo
866 1654 958 1714 ulium
983 1671 1074 1735 posse

154 1736 257 1797 oredo.
301 1735 375 1797 Ideo
397 1737 521 1816 quondo
545 1740 658 1818 apertis
686 1737 786 1799 verbis
815 1738 875 1798 buo
903 1737 1073 1799 oonoedere

147 1818 291 1893 ridetur,
319 1838 377 1880 neo
398 1821 477 1881 nlius
499 1823 564 1881 eius
586 1840 695 1882 sensus
717 1822 845 1882 inveniri
868 1841 888 1882 s
909 1819 998 1882 nobis
1019 1838 1072 1901 po·

148 1901 223 1974 'testi
247 1901 347 1963 donno
368 1904 491 1983 spiritus
515 1905 725 1984 persentiorem
742 1904 957 1978 dedentem
981 1921 1073 1983 oopu-

138 1983 212 2044 isvi
236 1984 299 2061 his,
329 2005 409 2064 quse
430 1995 555 2066 opertae
577 1996 647 2048 sunt
675 1994 705 2049 et
729 1986 918 2064 infallibiter,
952 1986 1073 2066 saepius

147 2087 222 2128 *eom
247 2067 324 2129 elusi
346 2069 411 2129 istis
428 2069 556 2150 glossis,
578 2069 688 2151 quibus
710 2071 854 2132 Latonius
877 2070 995 2145 nititur,
1019 2068 1073 2129 sed

139 2164 280 2230 'semper
302 2154 526 2231 perseveravit,
548 2153 731 2236 obstrepens
753 2163 784 2215 et
805 2155 904 2214 ninrio
921 2171 1073 2214 oonssnsu

155 2232 223 2292 oiiis
246 2232 324 2293 loois
346 2236 422 2295 meis
445 2237 634 2316 conspirans.
677 2238 755 2299 Nom
777 2238 923 2298 Lotomns
946 2255 1013 2296 oum
1032 2236 1074 2294 ni-

153 2315 194 2376 tit
218 2317 291 2376 novi
315 2317 432 2393 offeret,
455 2320 550 2379 oredit
572 2327 674 2380 tamen
688 2320 850 2382 Lutherum
872 2320 947 2380 nihil
968 2338 1073 2380 eorum

153 2397 277 2462 uidisse.
320 2400 360 2461 ttr-
382 2401 459 2461 hoeo
482 2401 647 2462 credulitas
669 2404 742 2464 sotis
765 2411 851 2478 eret,
888 2422 948 2482 quo
970 2402 1072 2483 impel-

145 2480 261 2542 isretur
282 2482 320 2542 od
344 2483 547 2544 scribendum.

166 2567 169 2573 '
235 2565 336 2626 Fooile
360 2573 407 2626 est
430 2566 546 2640 dinero,
569 2566 651 2646 quod
673 2566 754 2627 idem
778 2569 830 2627 sit:
870 2568 939 2628 Non
962 2571 1009 2628 est
1031 2569 1072 2628 iu·

150 2654 214 2707 stus
235 2649 265 2707 in
289 2655 379 2726 terra,
402 2650 452 2729 qui
475 2650 567 2710 fooiot
590 2649 704 2710 bonum
727 2659 758 2711 et
778 2669 838 2710 non
862 2659 980 2730 peoost,
1003 2670 1070 2711 oum

149 2730 206 2790 illo*
226 2732 253 2794 3.
277 2731 353 2810 Reg.
374 2733 410 2796 8:
435 2732 503 2793 Non
528 2740 576 2793 est
597 2733 690 2794 homo
713 2734 764 2813 qui
787 2752 848 2793 non
871 2741 995 2812 peooet,
1015 2733 1071 2794 sed

150 2831 218 2873 onrn
242 2813 291 2873 hio
313 2822 415 2875 ueniat
438 2815 592 2878 hominem
615 2824 646 2876 et
666 2817 795 2893 iustum,
825 2815 935 2877 deinde
956 2814 1070 2876 bonum

146 2895 252 2957 insere
275 2903 305 2956 et
329 2916 388 2958 non
413 2917 559 2979 pecuare,
581 2901 611 2959 in
635 2899 712 2962 libro
734 2907 835 2961 nutem
861 2899 978 2980 Regum
1002 2900 1070 2960 oim-

133 2979 272 3059 .·'pli‘oiter
293 2979 465 3057 hominem,
489 2989 520 3043 et
542 2982 723 3063 simplieiter
744 3003 805 3044 nou
828 3001 957 3063 peoosre
982 2982 1072 3061 diost,

131 3061 293 3122 -snstumus
328 3066 565 3144 consequentius
599 3071 629 3125 st
666 3067 908 3127 oirounrstoutiss
942 3065 1071 3145 fugiens,

145 3163 229 3222 ‘quos
248 3145 409 3224 professus
443 3154 489 3208 est
518 3167 592 3228 pras
625 3149 767 3210 omnibus
799 3150 901 3228 sequi,
934 3147 1069 3210 elabitur.

149 3227 216 3307 Ego
240 3235 352 3304 sotem,
376 3231 427 3309 qui
450 3250 503 3292 ess
526 3232 677 3305 observo,
698 3233 728 3292 in
752 3233 795 3292 sis
817 3232 946 3309 haereo,
968 3251 1070 3293 meum

148 3329 209 3370 nnn
233 3328 302 3370 esse
323 3313 496 3393 inteiligons
525 3333 677 3390 asserere,
709 3314 789 3375 idern
823 3333 891 3375 osse
914 3314 1069 3376 hominem

142 3400 177 3453 st
200 3393 499 3473 hominomiustum,
522 3398 593 3458 item
606 3416 736 3477 peoosre
759 3406 790 3457 et
802 3397 983 3459 benefacere
1001 3417 1069 3459 oum

138 3494 208 3536 non
235 3483 374 3554 pensons.
418 3479 462 3539 Et
478 3479 569 3559 plone
591 3480 755 3562 oonfiteor‚
784 3481 808 3540 si
831 3480 975 3541 Latonius
998 3481 1070 3541 mihi

141 3576 218 3619 zeum
240 3570 421 3640 opponeret,
444 3562 532 3623 huius
555 3583 646 3624 meso
665 3564 835 3625 sententiae
855 3570 990 3624 nsssrtor
1011 3563 1070 3624 feo

149 3649 212 3718 tus,
247 3649 278 3702 et
300 3645 499 3706 contenderet
526 3647 556 3706 in
579 3645 742 3728 Soriptnris
786 3646 940 3707 hominem
972 3646 1069 3725 oooipi

148 3723 243 3785 ternis
265 3726 294 3784 in
325 3727 423 3808 nisio,
454 3747 511 3809 pro
540 3735 720 3810 penurioso,
755 3736 788 3791 ut
808 3728 905 3792 Goon.
929 3730 957 3792 6.
981 3735 1011 3790 ot
1033 3728 1067 3792 8:
