2392 4170
311 252 322 269 ⁸
382 251 508 313 ad'll'rid.
527 255 561 311 D.
581 253 644 313 Sex.
663 254 728 311 adv.
747 252 828 311 Loth.
995 248 1059 323 489

135 421 297 502 princeps,
320 422 370 500 qui
393 439 456 482 non
477 418 572 482 habes
595 439 662 482 cor:
695 421 746 502 qni
779 418 928 482 habentes
952 420 1059 482 oculos

136 511 167 566 et
189 523 249 565 non
274 504 397 583 videtis,
420 524 510 585 aures
532 511 562 565 et
584 523 645 566 non
669 505 797 585 auditis,
826 522 875 566 me
898 521 973 585 ergo
996 523 1058 567 non

136 589 279 650 timebitis
302 596 332 651 et
355 609 373 649 a
395 590 472 650 facie
495 608 564 650 mes
586 608 647 649 non
660 588 813 668 dolebitis,
836 587 972 667 nunquid
996 606 1058 649 non

136 671 264 749 vidistis,
287 692 366 752 quae
387 674 510 734 fecerim
532 673 562 733 in
581 671 687 734 diebus
701 672 854 752 antiquis?
876 672 969 755 legite
982 669 1059 732 Scri·

135 764 250 837 pturas,
270 757 301 817 in
325 756 435 838 quibus
458 757 570 836 putatis
592 776 649 818 vos
663 756 755 818 vitam
768 763 924 817 aeternam
947 753 1060 816 habere

136 846 167 901 et
187 841 366 919 invenietis,
388 860 479 921 quam
503 841 605 919 gravis
627 859 750 921 sempor
775 840 879 916 fuerit,
915 844 946 900 et
967 857 1057 918 quam

136 922 277 984 terribilis
301 923 403 986 divina
427 923 560 984 vindicta
581 924 611 984 in
634 923 716 1002 illos,
738 924 839 1004 quiin
862 922 979 1004 populo
1002 921 1060 985 Dei

135 1007 301 1068 schismata
324 1010 563 1070 concitaverunt.

218 1091 359 1171 Nunquid
391 1112 453 1154 non
477 1091 594 1152 vidistis
616 1088 791 1152 horribilem
815 1089 948 1150 divinam
972 1088 1059 1151 ultio·

136 1194 204 1235 nom
227 1175 373 1237 adversus
396 1174 515 1236 Dathan
539 1174 709 1248 etAbiron,
731 1173 813 1253 quod
836 1171 1058 1233 multitudinem

136 1258 283 1318 adversus
305 1260 433 1341 Moysen
457 1259 706 1335 concitavissent,
729 1275 806 1337 quos
828 1256 989 1317 dehiscens
1002 1257 1058 1318 sub

136 1341 265 1421 pedibus
287 1348 368 1403 terra
391 1350 422 1404 et
444 1343 585 1422 aperiens
608 1360 745 1401 ossuum
770 1340 932 1422 deglutivit
951 1347 981 1400 et
996 1359 1059 1401 om·

134 1425 194 1502 oia,
217 1442 296 1505 quae
317 1426 356 1487 ad
379 1446 434 1487 eos
456 1427 680 1507 pertinuerunt,
717 1425 761 1485 its
783 1432 816 1485 nt
837 1422 1060 1485 descenderent

134 1509 273 1570 viventes
306 1510 335 1570 in
369 1509 539 1570 infernum?
582 1509 621 1568 Et
650 1507 797 1568 adversus
819 1506 936 1587 Chore,
968 1525 1059 1586 quem

134 1591 264 1652 eandem
298 1593 337 1654 ob
371 1613 494 1654 causam
534 1611 603 1652 cum
626 1591 764 1652 ducentis
786 1597 816 1652 et
838 1591 1060 1672 quinquaginta

136 1676 207 1735 viris
231 1676 374 1737 coelestis
396 1677 520 1737 flamma
539 1676 709 1740 devoravit.

218 1757 309 1833 Quod
332 1761 356 1819 si
380 1760 419 1821 ob
443 1760 544 1820 durius
567 1761 727 1839 imperium
750 1758 888 1818 fortassis
910 1763 963 1817 aut
984 1776 1057 1837 quo-

131 1840 261 1903 rundam
275 1848 438 1921 -pastorum
462 1863 516 1902 seu
538 1843 702 1923 ignaviam,
726 1861 780 1902 seu
795 1841 939 1902 malitiam
966 1841 1058 1900 schis-

133 1932 216 1985 mata
237 1924 400 1985 exoitanda
422 1927 549 2006 putatis,
576 1925 711 2004 nunquid
734 1944 795 1985 non
820 1944 856 1985 ex
879 1922 957 1985 libro
980 1924 1059 2003 Reg-

133 2027 240 2068 norum
275 2008 401 2069 audistis
436 2008 514 2068 adeo
548 2007 738 2087 indignatum
778 2008 870 2068 fuisse
891 2006 1056 2067 Dominum

133 2092 279 2153 adversus
302 2092 409 2153 decem
443 2091 537 2152 tribus
571 2091 701 2152 liliorum
724 2090 818 2151 lsrael
850 2097 881 2151 et
913 2092 942 2149 in
967 2109 1058 2151 omne

134 2195 237 2235 semen
263 2196 379 2256 eorum,
403 2184 433 2236 ut
446 2176 616 2235 dimoveret
639 2194 693 2235 eos
706 2183 737 2234 et
758 2173 892 2234 traderet
913 2173 942 2233 in
961 2171 1058 2253 direp-

133 2259 264 2337 tionem,
302 2260 401 2321 donec
436 2260 599 2335 proliceret
635 2278 689 2318 eos
725 2278 743 2317 a
777 2257 855 2317 facie
888 2256 968 2319 sua?
1011 2256 1058 2317 Ob

134 2359 224 2417 quam
250 2342 372 2402 tandem
396 2344 528 2423 culpam,
553 2343 610 2401 nisi
627 2340 707 2421 quod
733 2339 1058 2420 obduriusimperium

133 2422 307 2483 Salomonis
340 2431 372 2486 et
402 2426 624 2505 imprudentius
657 2424 911 2504 arrogantiusque
933 2441 1057 2503 respon·

132 2525 197 2564 eum
220 2505 360 2566 Roboam
384 2510 464 2587 regis
486 2508 651 2570 lerusdlem
673 2509 788 2567 scissae
800 2507 921 2566 fuerunt
943 2504 1055 2568 atribu

131 2588 209 2650 Iuda
232 2594 263 2649 et
276 2589 444 2666 Beniamin,
468 2611 558 2670 quam
580 2610 728 2672 praesens
752 2608 873 2669 semper
892 2588 982 2648 fuerit
993 2588 1057 2650 Do·

133 2673 232 2731 minus
254 2671 369 2732 vindex
391 2673 601 2736 sacerdotibus
623 2677 696 2737 suis.

215 2756 264 2815 An
287 2775 349 2816 non
364 2755 435 2815 Saul
457 2757 495 2817 ab
517 2759 603 2837 regio
618 2750 756 2818 abiectus
778 2757 897 2818 honore
920 2761 951 2815 et
968 2754 1057 2816 Osios

131 2857 185 2897 rex
207 2837 281 2898 luda
303 2858 465 2919 percussus
487 2840 581 2920 lepra,
604 2849 769 2920 propterea
791 2840 889 2919 quod,
911 2857 990 2917 quae
1011 2857 1058 2899 sa·

133 2921 289 2982 cerdotum
314 2929 409 2994 erant,
433 2929 540 2984 contra
563 2924 741 2986 eacerdotes
753 2925 875 2985 Domini
899 2929 970 2982 sunt
991 2923 1057 2983 ausi

132 3023 288 3084 usurpare,
311 3005 472 3067 sufficienti
494 3007 582 3067 vobis
600 3015 842 3086 potueruntcsse
855 3006 1057 3086 argumento?

132 3086 172 3146 Et
193 3086 343 3168 breviter,
378 3111 415 3150 an
440 3109 500 3150 non
525 3109 633 3149 omnes
655 3096 805 3150 testantur
826 3091 972 3150 historiae
994 3088 1057 3147 uni-

131 3189 237 3231 versos
270 3172 377 3233 ultrice
400 3173 522 3233 Domini
558 3192 648 3233 manu
676 3173 787 3233 infelici
811 3173 938 3253 periisse
963 3171 1056 3250 exitu,

132 3255 181 3330 qni
205 3255 234 3314 in
259 3254 379 3316 Christo
401 3256 524 3317 Domini
548 3256 834 3335 sacrilegasmanue
854 3256 979 3315 iniicere
995 3273 1056 3313 non

132 3335 381 3415 formidaverunt,
404 3346 511 3400 contra
532 3346 634 3400 autem
648 3339 748 3399 felicia
770 3341 872 3399 omnia
884 3344 914 3397 et
932 3338 1056 3417 longam

131 3418 190 3477 illis
214 3420 380 3499 contigisse
402 3423 512 3501 vitam,
545 3424 596 3502 qui
619 3422 770 3483 Christum
792 3422 822 3481 in
846 3419 1056 3482 sacerdotibus

133 3502 194 3561 suis
217 3508 288 3562 sunt
311 3506 456 3567 venerati.

214 3586 360 3645 Moveant
382 3606 456 3665 ergo
480 3607 535 3648 vos
549 3588 692 3670 exempla
714 3588 841 3648 aliorum
865 3592 895 3647 et
913 3587 1076 3666 cogitate,·

131 3668 202 3747 quid
227 3668 313 3729 vobis
334 3670 373 3729 sit
395 3672 651 3753 exspectandum,
688 3674 738 3752 qui
770 3670 976 3732 venerabilem
1001 3670 1089 3743 Dei,

133 3751 258 3814 chorum
281 3753 311 3813 in
335 3770 442 3813 manus
455 3755 577 3814 tentatis
595 3753 715 3816 tradere
725 3756 881 3836 profanas.
923 3753 1057 3816 Proinde
1121 3778 1130 3795 ·
