2392 4170
451 276 531 340 Doct
549 274 627 338 Mart
646 271 728 337 Lutlr.
992 272 1055 344 445

132 442 192 508 Ubi
212 444 264 506 ills
285 464 347 507 oon
370 445 475 526 fuerit,
508 445 699 527 impossibile
721 450 784 523 sat,
818 449 850 504 ut
879 442 979 504 unitas
1007 443 1057 513 sit,

132 530 172 590 lut
194 531 218 589 si
242 547 302 609 qua
323 531 422 603 luerit,
447 537 575 590 externa
597 536 628 590 st
648 527 721 589 ficta
743 534 798 591 est.

216 609 319 686 Quare
341 620 372 674 st
383 613 450 674 Deo
469 613 542 673 nihil
566 632 656 673 corae
678 618 735 687 est,
757 619 789 672 ut
811 610 895 690 impii
918 610 1057 670 homines

133 715 225 755 unum
249 696 299 756 vel
321 715 383 756 non
405 716 497 756 unum
512 697 581 775 sint,
605 695 784 775 quiuuitate
807 694 929 774 spiritus
950 693 1058 753 inanes

133 785 212 840 sunt.
256 778 325 840 Suis
347 778 417 840 tiliis
439 779 478 840 ud
490 786 649 840 externam
661 778 807 838 unitatem
820 775 941 856 sufficit,
965 795 1057 836 uuum

132 862 291 942 Baptisma
325 870 356 923 et
377 881 455 922 uuus
477 863 584 940 Panis,
618 870 763 940 tanquam
788 877 967 920 communes
990 860 1058 919 cha-

132 954 267 1006 racterss
290 953 321 1006 et
341 945 494 1026 symbola,
516 965 571 1026 per
593 964 673 1026 quae
693 943 765 1004 fidei
786 962 861 1002 snae
883 949 914 1003 et
936 943 1058 1023 spiritus

133 1030 280 1090 unitatem
303 1028 484 1110 profitentur
506 1037 535 1088 at
557 1034 712 1089 exercent.
756 1027 910 1105 Pupistica
926 1025 1058 1085 ecclesia

133 1132 219 1172 suam
243 1114 389 1173 unitatem
422 1115 452 1172 in
486 1113 602 1173 unitate
635 1111 754 1171 externi
783 1110 831 1169 sui
859 1108 933 1169 idoli
956 1108 1059 1188 Papae

132 1195 225 1274 locat,
247 1197 365 1256 interne
387 1204 488 1257 autem
503 1195 726 1255 confusissimis
745 1192 896 1253 erroribus
920 1190 1059 1272 dispersa

132 1279 165 1340 in
187 1297 296 1340 omnes
320 1278 493 1340 voluntates
517 1277 661 1339 Satanae.

215 1362 415 1422 Revertamur
442 1360 481 1422 ad
510 1363 692 1422 institutum.
736 1359 859 1419 Missam
881 1360 984 1437 itaque
1006 1377 1058 1417 ex-

112 1446 277 1505 torsimus
313 1453 343 1504 et
377 1445 598 1525 triumphamus
629 1443 777 1505 adversus
799 1450 982 1502 assertorem
1006 1441 1059 1502 Sa·

133 1538 368 1605 crementorum,
389 1545 451 1588 uon
473 1547 543 1589 esse
565 1547 643 1608 opus
666 1544 766 1605 neque
788 1523 981 1600 sacrificium,
1004 1523 1059 1584 sed

133 1612 259 1671 verbum
281 1618 312 1670 et
332 1612 452 1690 signum
475 1612 594 1690 gratiae
616 1610 748 1686 divinos,
771 1608 880 1687 quibus
905 1627 979 1687 erga
1000 1626 1057 1667 nos

134 1695 226 1754 utitur
248 1713 304 1773 pro
326 1693 387 1754 fide
408 1695 438 1753 in
462 1712 530 1753 eum
555 1693 700 1774 erigendo
722 1701 752 1752 et
764 1690 924 1753 firmanda.
968 1689 1058 1750 Vide-

134 1795 262 1856 musque
296 1796 386 1855 quam
419 1777 458 1835 sit
478 1776 643 1837 infatuatus
666 1776 759 1837 Satan
769 1822 778 1854 ,
808 1780 840 1834 ut
862 1793 923 1853 quo
947 1773 1058 1834 diutius

134 1869 164 1919 et
186 1861 283 1940 magis
306 1862 336 1919 in
360 1878 417 1920 nos
438 1859 520 1919 furat
538 1857 569 1932 ¹)
597 1866 628 1921 et
650 1860 777 1937 scribat,
800 1876 837 1918 eo
860 1856 1006 1917 insulsius
1028 1864 1059 1918 et
1171 1927 1175 1935 ,

132 1943 265 2023 ineptius
289 1943 404 2006 deliret.
448 1942 527 2003 Nam
550 1945 607 2003 iste
629 1942 706 2004 liber
729 1934 891 2020 Regis,‘ut
913 1941 1059 2016 omnium,

134 2031 183 2105 qui
207 2034 315 2088 contra
337 2046 386 2086 me
408 2027 511 2106 scripti
534 2032 614 2104 sunt,
636 2026 700 2086 fers
716 2032 764 2087 est
786 2024 993 2103 latinissimus,
1015 2023 1059 2082 ita

134 2117 180 2170 est
200 2119 283 2171 uerte
313 2111 447 2171 omnium
471 2110 679 2191 ineptissimus
708 2115 737 2168 et
760 2105 991 2185 stolidissimus,
1027 2112 1060 2166 ut

133 2211 213 2270 pene
235 2196 347 2254 nostris
369 2193 565 2274 Lipsensibus
589 2192 787 2273 scriptoribus
800 2190 832 2270 ²)
856 2210 925 2250 aum
948 2191 1060 2250 tribue·

133 2275 200 2353 rim,
223 2279 274 2353 qui
296 2277 341 2335 sic
363 2277 466 2336 solent
487 2279 630 2357 argutari,
653 2276 777 2354 quando
801 2278 980 2354 argutantur
1002 2290 1057 2352 op-

136 2358 220 2418 time.

215 2439 415 2519 Triumphsta
427 2459 501 2501 vero
515 2442 608 2500 lllissa
629 2446 703 2519 puto
726 2459 782 2500 nos
795 2445 893 2500 totum
908 2437 1058 2520 Papam⁸)

133 2523 331 2603 triumphare.
375 2522 451 2582 Nam
482 2543 574 2603 super
595 2524 719 2582 Missam
749 2540 805 2582 ceu
827 2541 933 2602 rupem
956 2523 1060 2582 nititur

133 2614 215 2667 totus
238 2607 372 2686 Papatus
395 2624 463 2666 cum
486 2608 549 2667 suis
573 2606 780 2683 monasteriis,
808 2603 1059 2685 Episcopatibus‚

133 2689 296 2770 collegiis,
326 2689 486 2769 altaribus,
521 2690 693 2749 ministeriis
717 2695 747 2747 et
768 2686 933 2766 doctrinis,
966 2695 1061 2766 atque·

134 2773 213 2834 adeo
237 2792 305 2834 cum
330 2779 395 2833 toto
418 2783 525 2833 ventre
547 2792 615 2833 suo.
659 2770 746 2846 Quas
770 2771 874 2831 omnia
895 2788 984 2831 ruere
1007 2788 1059 2830 ne·

134 2875 222 2916 cesse
243 2864 307 2929 est,
339 2861 447 2915 ruente
469 2856 562 2917 Missa
590 2873 696 2916 eorum
720 2853 870 2933 sacrilega
893 2860 923 2913 et
945 2853 1058 2913 abomi-

134 2938 245 3001 nanda.
289 2939 340 3001 Sic
361 2939 499 3000 Christus
522 2959 577 3019 per
610 2958 659 2998 me
688 2939 792 3017 coepit
812 2937 1059 2998 abominationes

133 3023 165 3082 in
185 3023 256 3083 looo
279 3028 387 3083 sancto
403 3029 520 3083 stantes
535 3022 573 3097 *l
597 3020 735 3082 revelare
757 3027 788 3080 et
801 3019 957 3080 destruere
978 3039 1059 3099 eum,

134 3106 219 3166 cuius
254 3105 404 3166 adventus
436 3105 492 3166 fuit
529 3125 583 3187 per
619 3104 830 3184 operationem
859 3102 993 3164 Satanae
1025 3104 1055 3163 in

134 3189 281 3271 piodigiis
315 3196 345 3251 et
377 3189 472 3268 signis
508 3187 715 3250 mendacibus.
759 3187 951 3248 Omiserum
974 3186 1058 3246 illum

135 3271 327 3333 defensorem
362 3273 510 3333 ecclesiae
537 3273 722 3353 papisticus,
755 3289 773 3331 o
798 3269 940 3330 miseram
962 3269 1059 3330 socle-

134 3356 221 3433 siam,
245 3375 324 3434 quas
345 3356 673 3435 frustraindulgentias
691 3373 762 3414 suas
777 3372 832 3434 pro
855 3361 941 3415 tanto
955 3352 1058 3414 libello

133 3438 284 3520 profudit,
317 3441 375 3499 nisi
397 3441 481 3520 quod
507 3439 601 3520 digna
635 3455 754 3498 merces
775 3436 894 3498 reddita
923 3444 970 3498 est
997 3445 1059 3497 tam

204 3645 236 3710 1)
257 3642 288 3696 ln
307 3638 350 3696 ad.
371 3638 457 3709 oria:
474 3636 567 3694 furiat.
606 3639 639 3710 2)
661 3627 812 3693 lned.'Ian.
824 3636 939 3711 legitor:
957 3639 1060 3692 nostris

134 3709 501 3845 &guppilpscriptoribua
573 3713 606 3782 3)
628 3708 748 3767 Ibidem:
774 3710 920 3780 raparum.
979 3708 1010 3780 ‘l
1030 3709 1058 3764 2.
1083 3758 1089 3767 .
