2392 4170
144 232 209 303 428
228 285 231 289 .
337 232 441 293 conus
457 232 606 293 Donusam
624 248 718 306 regens
734 218 858 307 hstias

146 409 239 469 anxie
255 425 280 468 a
301 422 350 467 ms
371 410 513 465 exustum
536 406 643 484 sulm,
672 422 753 465 nuno
782 401 880 465 multo
908 403 1068 483 oonllrma·

146 492 296 553 tissimum
319 489 451 571 propriis
475 486 667 568 Papistarum
697 485 936 568 assertionibus,
958 487 989 549 id
1011 498 1068 569 ast,

146 571 315 635 mendaniis
349 576 381 631 st
400 570 535 631 stultitiis
558 576 589 631 st
610 569 824 651 blasphemiis,
846 579 878 629 ut
900 573 961 633 iam
985 572 1069 641 totis·

146 656 215 717 simi
235 656 341 730 simus,
363 653 565 714 merissimam
581 671 652 715 esse
673 654 835 732 impiorum
854 660 886 714 et
903 656 1073 715 menarum*

144 737 372 800 'l'lromistarum
387 734 577 816 figmentum,
589 734 734 816 quidquid
748 735 900 798 blaterant
914 735 954 798 ds
972 744 1069 799 traus-

146 820 403 883 substantiations
423 818 493 898 ista,
515 837 647 897 esseque
656 817 783 879 firmiter
804 817 946 881 fidelibus
968 819 1068 881 verbis

56 942 60 949 -
146 901 403 977 Deiniteodum,
424 900 475 963 ubi
502 903 531 961 in
555 901 852 983 Paulo'sirnplioitsr
873 910 904 964 st
925 922 1002 984 pure
1024 902 1068 964 di·

147 987 208 1067 nit„
222 1004 334 1068 paoem
357 1002 426 1045 esse
447 1002 560 1065 eorpus
583 982 705 1065 Christi,
728 1003 819 1065 quero
847 985 1018 1066 frangimus
1040 993 1070 1045 st

147 1070 377 1131 mandnoamus.
929 1128 933 1139 ,
1038 1118 1041 1123 .

227 1149 333 1227 Quare
353 1169 393 1210 ns
414 1152 551 1230 ingratus
572 1151 629 1217 sim
652 1151 828 1231 magisterio
843 1152 967 1213 Domini
990 1151 1067 1211 Hen-

145 1237 219 1314 rioi,
252 1252 336 1296 nuno
361 1241 446 1294 muto
480 1240 512 1295 et
542 1231 830 1296 transsubstantiare
865 1235 940 1296 volo
968 1253 1067 1295 meam

146 1320 341 1395 sententiam,
351 1326 383 1377 et
394 1316 479 1376 diso:
500 1317 601 1378 Antea
614 1318 703 1397 posui
726 1316 799 1378 nibil
812 1316 933 1398 referre,
945 1319 993 1378 sio
1005 1319 1069 1378 sire

146 1403 192 1462 sio
213 1404 328 1463 sentias
352 1400 391 1467 de
406 1398 763 1480 transsubstantiatione,
785 1420 867 1461 nuno
879 1410 984 1461 autem
998 1402 1068 1462 visis

146 1485 315 1548 rationibus
338 1490 369 1544 st
396 1485 584 1564 argumentis
612 1485 773 1545 assertoris
801 1484 1067 1546 Sauranreutorum

145 1568 358 1650 pulcherrimis
379 1565 524 1642 decerno,
546 1566 670 1647 impium
695 1586 763 1629 esse
793 1574 824 1629 et
844 1567 1068 1649 blasphemum,

45 1674 48 1679 ·
145 1652 174 1729 si
193 1654 261 1732 quis
289 1650 394 1726 diost,
421 1668 533 1729 panem
555 1649 853 1727 transsubstantiari,
881 1650 1066 1712 natholioum

146 1743 248 1795 autem
282 1733 433 1812 atpium,
461 1733 485 1791 si
514 1735 582 1812 quis
616 1752 684 1795 oum
712 1733 810 1811 Baulo
838 1735 936 1794 diost:
966 1734 1066 1811 Panis,

146 1817 436 1898 quemjfrangrmm,
459 1820 507 1875 est
528 1834 639 1897 eorpus
663 1815 784 1881 Christi.
821 1816 998 1878 Anathsma
1020 1818 1066 1891 sit,

143 1902 195 1982 qui
217 1900 306 1961 aliter
326 1898 439 1959 dixerit
459 1905 489 1958 et
522 1897 663 1961 iotaaut
683 1898 804 1981 apioem
835 1919 928 1961 unum
970 1907 1066 1961 mota·
1111 1902 1119 1919 '

144 1985 192 2062 rit,
213 1983 333 2045 etiamsi
356 1983 397 2043 sit
416 1980 566 2042 Dominus
587 1981 736 2045 Heurious
758 2003 858 2047 nonus
883 1992 915 2044 st
937 1984 1065 2044 eximius
1117 1996 1121 2003 ·

144 2067 313 2128 'lbomista
353 2077 356 2137 j
675 2094 678 2099 ·

228 2148 373 2225 Quintum
397 2147 487 2208 adest
509 2146 656 2227 ospitale,
680 2168 829 2209 summum
861 2155 892 2208 et
916 2148 1064 2228 angulare

146 2233 324 2293 assertionis
349 2231 552 2291 Heorioisoae
575 2249 668 2309 opus,
698 2233 821 2292 Missam
845 2251 914 2291 esse
937 2252 1016 2312 opus
1037 2239 1065 2292 et

145 2315 337 2376 saorifleium.
379 2313 438 2373 Hie
460 2312 580 2372 demum
604 2314 753 2375 Dominus
777 2315 991 2376 Heoriousest.
1008 2315 1064 2375 Do·

145 2400 244 2459 miuus
266 2397 414 2457 Hemious
438 2401 469 2456 et
490 2395 647 2456 Themista
670 2407 717 2458 est
738 2398 905 2458 Themista.
946 2398 994 2457 Ae
1011 2399 1064 2476 pri·

146 2500 226 2541 mum
263 2500 302 2540 ex
331 2479 435 2558 aliquo
465 2478 665 2540 semirhetore
699 2483 775 2543 lorte
797 2481 933 2557 audivit,
970 2479 1063 2543 sicubi

145 2563 311 2624 adversarii
326 2562 465 2622 senserit
486 2560 599 2621 robora
621 2564 745 2623 nimium
768 2565 898 2641 inviola,
922 2571 1064 2642 oportere

145 2656 253 2726 rugato
275 2663 352 2708 naso
374 2644 459 2704 illum
488 2643 576 2714 rideri
606 2649 639 2706 st
661 2647 830 2720 contemni,
861 2653 893 2705 ut
927 2646 1064 2727 stupidus

144 2729 241 2790 leator
265 2727 380 2805 eredat,
403 2734 495 2786 antea
518 2727 630 2788 vietum
653 2728 870 2804 adversarium,
894 2747 986 2807 quam
1010 2731 1063 2788 im·

145 2823 338 2892 pugnatura
362 2817 446 2869 tanto
469 2809 600 2872 rhetore.

226 2894 279 2962 Sis
301 2901 331 2953 st
354 2893 502 2952 Dominus
531 2900 636 2954 noster
658 2895 724 2955 Rex
753 2891 923 2974 magnificis
946 2892 1064 2972 ampul-

144 2977 181 3036 lis
204 2976 368 3057 praelatur,
391 2981 422 3035 ut
445 2993 514 3034 sese
542 2975 620 3036 belle
642 2977 737 3056 fingat
769 2976 892 3036 taedere
926 2976 1063 3038 ooniuta·

144 3058 275 3142 tionisl)
301 3070 362 3119 tam
387 3058 471 3118 stulti
493 3060 524 3118 sl
544 3059 660 3119 iodooti
682 3060 813 3137 Lutheri,
836 3060 980 3136 negantis
998 3059 1065 3119 biis·

144 3162 210 3202 sam
233 3162 301 3205 esse
323 3160 402 3221 opus
424 3148 453 3199 et
475 3141 678 3222 sacrificium,
708 3142 825 3203 soiliost
847 3141 982 3201 Satanas
1005 3141 1064 3201 rul-

131 3244 201 3285 nus
223 3226 330 3302 sentit,
361 3222 430 3282 ideo
460 3242 535 3303 prae
565 3224 672 3287 morbo
701 3226 793 3285 animi
827 3225 963 3286 insertus
994 3221 1064 3304 quid

144 3314 225 3387 agot,
249 3327 333 3367 mera
354 3304 546 3386 aegritudine
573 3315 604 3367 et
632 3308 815 3386 impotentia
838 3326 886 3365 me
910 3310 1011 3367 tentat
1031 3307 1065 3366 ir·

143 3390 258 3451 risione
280 3396 311 3449 et
338 3396 517 3468 contemptu
542 3390 670 3453 irritare.
714 3389 772 3450 Sed
796 3388 869 3464 ille,
895 3390 948 3469 qui
983 3388 1065 3455 dedit

144 3472 233 3533 nobis
256 3472 336 3532 seire
358 3471 563 3550 cogitationes
586 3472 737 3551 Satanae,‘
754 3471 838 3533 dabit
860 3473 952 3534 stiam
978 3472 1066 3535 nobis

144 3556 297 3617 irrisorem
330 3552 479 3634 irridere,
511 3560 542 3615 et
574 3561 818 3636 nontemptorsm
856 3562 1066 3634 oontemaore,

214 3733 247 3805 1)
266 3732 337 3789 Ibid.
356 3732 402 3791 hio
419 3739 448 3791 st
465 3734 550 3793 alibiz
568 3734 742 3795 refutationis
760 3739 813 3793 sto.
