2340 4162
372 240 501 309 Ratipnip
519 243 699 307 tuomum
715 246 768 303 alc·
974 238 1039 311 513

142 394 240 475 lepnt,
269 394 326 459 aed
349 397 480 477 opponit
501 414 570 469 aaut
592 395 652 476 legi
675 393 898 481 membrorum,
931 395 1036 476 potire

142 477 304 539 oluutatem
326 482 451 560 spiritua
471 481 516 541 ita
539 481 695 558 nominat,
728 480 781 559 qui
802 479 863 559 tegi
883 478 942 541 Dei
964 497 1037 545 con-

142 560 302 642 plectatur,
334 563 383 623 cui
418 564 549 644 opponit
579 563 679 644 legem
702 561 924 640 membrorum,
956 580 1038 642 quae

141 643 348 719 lpdelectatnr
369 645 431 726 legi
451 647 582 727 peccati,
604 652 638 717 ul
657 646 697 707 sit
709 654 741 713 et
754 645 961 725 membrorum
983 636 1036 709 lex

141 727 259 799 oluntas
283 732 436 791 contraria
457 729 608 809 uoluntati
624 730 759 810 spiritua.
800 728 1036 810 Repugnantem
1095 745 1096 748 ¹

141 828 192 873 cro
214 809 297 890 dicit,
320 820 403 873 certe
425 813 536 875 malum
558 812 712 889 indicans,
736 830 799 877 uon
820 831 958 892 poenae,
980 813 1036 879 aed

141 891 246 981 ripae,
281 895 395 965 malum
417 903 465 957 est
486 897 566 957 enirn
589 896 649 976 logi
670 896 727 967 Ilei
748 914 929 976 repugnare.
972 894 1036 959 lam

140 994 179 1051 on
199 976 300 1039 tolum
322 996 384 1040 uon
408 977 544 1056 obedire,
566 978 622 1039 aed
645 997 818 1060 repugnare
840 978 930 1057 dicit,
952 978 1036 1058 quod

140 1060 240 1137 maine
259 1067 324 1140 est,
345 1081 385 1123 ue
406 1080 514 1143 parum
536 1064 680 1124 aeetiruee
703 1068 864 1142 peccatum
886 1062 1036 1143 reliquum

139 1145 279 1224 nptiemp.
322 1144 469 1226 ldugnnm
491 1153 556 1225 eat,
585 1155 617 1206 et
638 1163 752 1227 magno
775 1144 859 1211 douc
874 1144 937 1225 ,Dei
959 1145 1038 1207 tolli·

139 1244 179 1306 ιι,
209 1234 242 1301 et
273 1246 387 1309 magua
418 1231 517 1308 gratia
537 1229 706 1309 ignoscitur
734 1236 861 1310 propter
886 1228 1036 1309 spiritum,

139 1310 253 1385 pinon
278 1320 440 1392 repugnat,
462 1312 516 1373 ced
539 1311 770 1383 condelectatur
791 1311 853 1391 legi
873 1311 944 1375 Dei.

200 1392 241 1455 Et
260 1393 335 1463 illud
353 1395 491 1457 ultimum
509 1396 654 1472 atrocius,
676 1394 759 1475 quod
775 1394 919 1475 captivat.
948 1393 1053 1473 Vide,r
1067 1404 1103 1461 ,⁸

139 1494 245 1557 nacco,
269 1479 391 1556 quantia
404 1477 567 1539 verborum
581 1478 712 1539 molibus
733 1485 764 1538 et
778 1477 893 1539 viribus
914 1476 946 1541 id
966 1496 1037 1558 pec·
1056 1486 1132 1561 ³2⁵,ss
1151 1480 1165 1557 ,ζ

137 1560 177 1633 ati
199 1568 385 1640 exaggeret,
416 1561 500 1640 qnod
532 1561 577 1621 illi
609 1563 655 1623 sic
675 1567 845 1633 extenuant
866 1567 897 1621 et
917 1558 1038 1625 numi.
1139 1570 1148 1587 ¹

137 1641 184 1717 lep
213 1643 314 1716 colum
336 1653 398 1724 eet,
432 1663 494 1707 non
517 1645 618 1707 solum
642 1645 731 1724 vivit,
753 1663 816 1719 nou
838 1643 939 1709 aolum
962 1645 1038 1721 vnit,

136 1743 179 1807 pp
201 1727 301 1787 solum
324 1734 478 1808 operatur,
498 1746 562 1788 uon
577 1728 678 1789 solnm
689 1733 852 1808 repugnet,
871 1726 927 1794 aed
943 1728 1037 1789 etiam

136 1809 189 1883 trit
208 1815 240 1873 er
266 1813 411 1890 captivat.
455 1810 611 1887 Obsecro,
645 1811 723 1871 baec
755 1810 837 1875 leuia
867 1809 963 1873 nunti
999 1811 1039 1873 nt

135 1893 184 1971 ¹nia
207 1911 269 1953 uon
291 1895 384 1961 sentit
413 1895 456 1955 ita
477 1895 508 1955 iu
531 1913 566 1955 ee
587 1892 679 1965 fieri?
723 1892 798 1969 Quis
821 1911 885 1959 nun
904 1893 1038 1971 iuricepo

135 1974 248 2055 ¹biclinio
271 1978 388 2039 eticae
417 1979 621 2057 cogitationes
655 1985 690 2045 et·
718 1985 822 2047 motus
854 1976 953 2045 aenait
985 1996 1039 2037 uu-

134 2078 225 2137 uam,
255 2059 478 2138 quantumlibet
498 2061 612 2123 invitus
635 2067 666 2122 et
695 2059 826 2121 uolens?
868 2059 1038 2125 Indomitos

133 2149 165 2216 ‚nt
184 2141 268 2203 furor
281 2144 360 2221 ,cina
382 2145 455 2224 imo,
479 2144 562 2223 qnod
584 2144 700 2214 mireris
721 2146 752 2203 iu
774 2144 886 2224 impiis,
908 2161 969 2209 non
993 2144 1039 2207 aic

133 2227 204 2304 orit,
237 2228 309 2304 quia
329 2246 392 2287 non
414 2230 564 2288 sustinent
587 2229 651 2288 ciue
680 2230 842 2314 impeturn,
874 2226 987 2293 aedunt
1005 2234 1039 2291 ‚et

132 2309 266 2371 ,bediuut
288 2311 332 2390 ei,
364 2310 435 2371 ideo
469 2330 624 2390 nunquam
655 2312 873 2391 experiuntur,
905 2317 1037 2390 quantus

132 2393 220 2470 abor,
243 2401 358 2472 quauta
378 2394 522 2459 molestia
543 2396 582 2453 eit
601 2400 731 2475 peccato
754 2394 898 2459 reluctari
920 2402 951 2454 et
972 2396 1038 2458 eius

131 2476 278 2549 lominuri.
327 2477 465 2539 Militiam
496 2479 592 2557 exigit
620 2479 677 2538 iste
708 2479 840 2556 impetun
868 2485 1037 2557 strenuam,

130 2560 199 2631 rpde
225 2567 259 2621 et
275 2560 419 2623 ,Oiniatue
452 2560 593 2621 dominun
617 2561 806 2623 exercituum
833 2566 980 2639 uocatur,
1008 2567 1040 2622 et
1092 2552 1095 2567 '

130 2661 173 2711 ex
204 2646 315 2722 potens
346 2645 376 2705 in
405 2645 539 2725 proelio,
570 2645 642 2724 quia
674 2644 731 2705 hoa
755 2661 884 2722 magnos
905 2644 1038 2724 impetun

129 2746 172 2789 tar
195 2728 309 2789 donum
341 2746 430 2789 sunm
463 2746 525 2791 uon
554 2728 653 2788 solum
684 2728 834 2806 conduct,
860 2725 914 2786 aed
946 2729 1040 2791 vincit
1101 2768 1110 2783 .

128 2811 221 2882 utiam.

201 2893 280 2963 ‚Vide
309 2913 383 2975 ergo
414 2893 486 2964 doni
505 2901 539 2956 ct
565 2895 684 2973 gratiae
704 2894 762 2954 Dei
785 2891 1039 2973 magnitudinem,

127 2981 151 3037 rt
172 2983 290 3043 tontum
311 2978 427 3039 malum
451 2996 513 3038 nou
536 2978 576 3037 sit
597 2976 772 3041 damnabile
792 2977 866 3056 piie,
895 2975 1038 3043 fortiores

126 3066 189 3135 inni
221 3062 426 3140 cogitationes
459 3061 558 3122 malae
591 3063 709 3141 piorum
744 3079 837 3140 quam
863 3061 1038 3139 impiorum,

125 3162 180 3211 tou
201 3150 305 3217 tamen
327 3145 478 3226 polluunt,
501 3163 562 3205 nou
585 3144 750 3223 damnant,
782 3143 852 3204 illua
877 3161 950 3205 vero
969 3144 1037 3224 pcl-

124 3218 205 3295 un'nt
226 3237 257 3289 et
279 3227 434 3291 damnant.
465 3229 525 3290 Gur
547 3228 629 3288 hoc?
654 3247 758 3290 nonne
772 3227 933 3305 utrobique
953 3226 1037 3289 idern

124 3311 300 3391 peccatum?
324 3312 404 3372 Vere
425 3312 504 3371 idern
527 3320 700 3391 peccatum,
722 3310 777 3371 sed
799 3312 842 3391 pii
865 3309 1035 3377 antidonem

123 3392 245 3473 nabent,
271 3395 314 3454 illi
337 3413 398 3472 non
421 3394 554 3473 habent,
581 3394 653 3455 ideo
676 3395 719 3474 pii
738 3395 770 3454 in
793 3394 901 3466 maiori
920 3394 1038 3474 impetu

122 3477 182 3536 eins
205 3496 267 3538 uon
290 3484 439 3558 peccant,
463 3496 532 3538 cum
554 3477 596 3537 illi
618 3484 747 3557 peccent
768 3477 799 3536 in
824 3477 952 3557 minori,
974 3496 1037 3538 non

122 3561 190 3640 quia
212 3580 274 3622 non
297 3564 336 3622 uit
354 3569 517 3643 peccatum
546 3562 723 3640 utrobique,
755 3559 810 3620 sed
840 3560 919 3622 haec
939 3560 1038 3643 gloria

121 3646 235 3723 petiae
258 3646 313 3704 Dei
337 3651 392 3724 eet,
413 3664 476 3705 non
500 3651 626 3725 naturae
648 3645 728 3704 illiue
752 3643 860 3721 malae.
903 3641 936 3723 §i
957 3642 1039 3723 desit

120 3730 234 3812 gratia,
268 3744 340 3789 vere
366 3729 507 3808 damnat,
543 3722 624 3789 nunc
656 3735 795 3803 naturam
817 3728 893 3805 ,cipe
925 3726 1037 3787 malam

144 3845 236 3889 aunon
251 3855 302 3894 opp.
317 3846 345 3886 v.
357 3847 384 3885 n.
400 3847 429 3885 au
443 3846 483 3885 rer.
498 3846 548 3886 urst.
562 3846 577 3887 r.
590 3857 610 3896 μ
628 3847 678 3886 va.
693 3849 722 3892 v.
829 3817 871 3883 3ss
