2392 4170
131 245 196 315 460
424 251 582 310 Consolatio
601 253 767 309 Lotheriaoa

132 425 201 475 esse
224 407 364 469 refertam
387 407 515 488 ligurio,
538 430 600 473 non
627 415 673 471 tot
702 409 875 490 significato,
902 412 943 481 et,
961 424 1052 485 voto

134 488 206 550 bule
226 491 391 568 faciamus,
426 502 499 574 quot
525 494 637 557 fuerint
665 492 799 574 liguros,
834 491 949 572 alioqui
977 490 1052 571 quid

134 593 212 655 opos
233 573 361 656 liguris?
399 575 439 639 m
459 584 492 638 ut
513 576 555 639 ad.
573 579 743 641 institutum
766 577 948 655 veniamus5
969 573 1054 636 cori·

132 664 197 718 stus
220 657 292 719 dom
315 657 474 722 offerretur
501 680 556 742 pro
586 660 676 735 nobis
698 661 797 721 laetus
820 665 1053 738 superstitum

133 742 358 822 metaphorice,
381 763 449 805 oum
473 752 619 823 peooator
639 746 682 804 ita
704 744 792 805 fuerit
813 762 875 824 per·
888 743 994 803 omnio
1016 741 1055 811 si,-

133 824 228 897 milis‚
252 825 431 905 domnolus,
466 826 645 903 dereliotus,
667 827 830 904 confusus,
860 834 893 889 ut
915 824 1054 887 nullate

134 906 267 970 differret
287 929 306 969 a
328 929 400 971 vero
430 916 612 991 peecatum„
642 930 732 990 quem
762 909 844 989 quod
874 915 1056 985 reatum-,et

132 998 304 1069 peoeotum,
327 992 409 1073 quod
432 993 509 1070 tulit,
531 995 598 1075 ipse
620 1013 681 1055 noo
704 994 828 1054 fecerat.
872 992 958 1065 Siout
978 989 1055 1063 dieit

133 1074 213 1137 Psal.
237 1077 276 1140 69
293 1072 343 1158 ¹):
373 1076 460 1152 Quae
482 1097 543 1138 non
567 1078 664 1158 rapui,
687 1084 760 1137 tono
781 1075 1000 1150 exsolvebam,
1022 1081 1056 1147 ul

133 1178 195 1218 ooo
219 1157 335 1219 dubitet
357 1180 394 1223 eo
418 1159 564 1227 confiteri,
586 1181 641 1223 suo
676 1180 761 1236 esse,
794 1159 899 1220 disens
923 1157 1052 1221 ibidem:

132 1243 319 1323 lmproporio
347 1244 630 1324 improperantium,
645 1243 711 1307 ¹tibi
747 1241 923 1304 oeciderunt
949 1260 1056 1323 super

133 1343 191 1385 me.
234 1324 274 1385 Et
294 1326 422 1387 iterum:
459 1327 638 1407 Iosipisntia
651 1346 731 1388 mea
753 1334 783 1398 et
807 1324 921 1387 delicta
942 1344 1014 1387 msa
1031 1345 1056 1407 ¹o

132 1414 163 1470 ts
184 1427 245 1468 non
269 1416 341 1471 sunt
362 1409 552 1472 abscondito.
603 1411 736 1492 Oportet
769 1416 871 1470 autem
901 1409 940 1481 io
959 1418 1056 1490 meta·

132 1490 229 1572 phora
252 1490 385 1572 aliquam
417 1492 617 1555 differentiam
647 1513 716 1554 esse
744 1513 763 1554 o
789 1512 823 1555 re
857 1511 948 1570 vera,
981 1491 1057 1572 quio

132 1574 298 1636 similitudo
312 1581 371 1650 (ut
393 1574 515 1659 aiunt),
538 1596 599 1638 non
631 1576 775 1662 identitas
798 1582 853 1638 est
903 1574 945 1637 Et
975 1594 1057 1654 quas

132 1657 362 1736 transferuntur,
384 1659 552 1721 seeundum
566 1659 793 1723 similitudinem
809 1678 843 1720 se
862 1657 1056 1726 transferunt,

132 1740 247 1818 alioqui
270 1761 309 1802 ne
332 1742 491 1804 translatio
514 1742 637 1824 quidem
656 1750 746 1804 esset.
791 1742 830 1803 m
850 1741 912 1802 hos
934 1747 1056 1821 speetu-

132 1824 175 1884 vit
196 1823 308 1885 Paulus
326 1825 383 1887 Ro.
406 1827 441 1891 8:
479 1826 561 1887 Misit
582 1825 709 1903 Deum)
742 1825 836 1885 illium
862 1826 893 1885 in
918 1822 1055 1885 similitu·

132 1905 234 1969 dinem
268 1910 367 1968 earnis
401 1910 537 1990 peceati3
570 1916 601 1969 et
622 1908 713 1970 Hebr.
736 1910 769 1970 4:
803 1907 967 1970 Tentatum
999 1927 1055 1986 per

132 1991 236 2051 omnia
258 2011 315 2071 pro
338 1991 536 2053 similitudine
558 1991 676 2071 absque
697 1997 837 2073 peceato.
881 1990 920 2050 m
940 1990 971 2051 in
995 1990 1056 2051 hao

132 2072 333 2135 translatione
356 2095 417 2134 nou
435 2075 534 2136 solum
553 2082 606 2139 ,est
627 2073 802 2152 verborum,
824 2072 878 2143 sed
901 2080 931 2134 et
952 2093 1053 2153 rerum

132 2155 323 2234 metaphora.
386 2157 463 2218 Nom
501 2177 571 2220 vere
607 2166 736 2238 peecata
767 2163 873 2218 nostra
907 2176 925 2216 a
963 2155 1053 2218 nobis

132 2239 280 2299 translata
301 2247 372 2300 sunt
394 2245 425 2301 et
445 2243 546 2320 posita
568 2262 660 2322 super
681 2242 792 2322 ipsum,
815 2246 849 2300 ut
870 2239 981 2316 omnis,
1003 2240 1054 2318 qui

131 2321 191 2382 hoo
211 2323 310 2401 ipsum
335 2322 444 2397 eredit,
480 2325 656 2385 veronulla
685 2331 815 2405 peecata
839 2321 967 2401 habeat,
1000 2320 1053 2384 sed

132 2404 280 2465 translata
311 2426 403 2486 super
433 2406 584 2469 Christum
621 2408 768 2487 absorpto
796 2407 829 2466 in
864 2407 949 2486 ipso,
984 2424 1052 2479 qum

132 2485 262 2566 amplius
285 2508 346 2551 non
370 2489 525 2561 damnent.
579 2489 711 2551 Proinde
739 2491 818 2550 siout
851 2488 983 2569 figurata
1011 2488 1052 2550 lo·
1092 2507 1096 2515 ’

133 2572 215 2630 sotio
239 2576 285 2631 est
315 2571 434 2633 dulcior
462 2580 492 2633 et
527 2573 699 2645 efficacior,
734 2592 824 2652 quam
859 2570 991 2651 simplex
1025 2579 1054 2633 el

40 2710 42 2714 .
132 2653 232 2727 rudis,
265 2654 307 2716 ita
339 2663 499 2736 peceatum
530 2676 634 2717 verum
658 2655 746 2717 uobis
769 2655 931 2716 molestum
957 2662 989 2716 et
1009 2656 1052 2715 iu·

132 2736 291 2799 tolerabile
314 2745 377 2816 est,
406 2738 459 2819 sed
485 2738 664 2800 translatum
693 2746 724 2799 et
746 2739 988 2818 metaphorioum
1012 2738 1052 2797 iu-

132 2819 350 2882 cundissimum
374 2828 405 2881 et
426 2822 559 2883 salutare
581 2830 638 2884 est.
854 2864 857 2873 ,

215 2903 256 2964 Ut
277 2924 351 2982 ergo
365 2905 502 2966 Christus
525 2926 597 2966 vere
615 2905 645 2985 ³)
672 2912 758 2986 petro
780 2904 890 2965 dieitur
912 2902 950 2963 ab
969 2903 1052 2982 Apo·

133 2985 231 3061 stols,
256 2989 284 3050 1.
308 2987 377 3050 Cor.
403 2991 456 3052 10:
490 2989 579 3050 Petro
613 2995 715 3049 autem
739 2994 804 3049 emt
825 2986 977 3058 Christus,
1012 2988 1053 3045 its

133 3068 270 3139 Christus
292 3089 364 3130 vere
386 3078 432 3130 est
455 3079 624 3152 peecatum.
668 3071 745 3135 Item
762 3070 900 3133 christus
923 3077 969 3128 est
993 3089 1051 3129 ser-

132 3170 208 3231 pens
232 3170 356 3229 aeneus,
379 3174 476 3234 agnus
499 3155 669 3235 paschalis,
701 3163 731 3214 et
754 3155 857 3214 omnio
879 3151 931 3213 illa
954 3151 992 3211 de
1015 3171 1052 3213 eo

133 3232 224 3295 diota.
269 3235 336 3295 Non
360 3244 462 3297 tamen
486 3237 557 3298 ideo
581 3237 726 3312 dicimus,
749 3235 831 3316 quod
854 3253 970 3297 oeneus
993 3255 1053 3294 ser.-

133 3335 209 3396 pens
231 3319 271 3377 sit
292 3317 353 3378 duo
377 3319 548 3396 vocabulo,
578 3341 636 3381 neo
657 3327 754 3401 petro.
796 3320 895 3379 Nemo
918 3337 1051 3397 uoquom

133 3398 226 3462 dixit:
250 3401 355 3481 Agnus
371 3403 524 3482 paschalis
549 3423 609 3464 uno
633 3403 726 3464 modo
747 3422 855 3483 psoris,
875 3401 936 3462 alio
959 3400 1052 3461 modo

350 3573 551 3580 ——-.--—.—

205 3667 234 3735 1)
255 3667 345 3721 loed.
365 3670 449 3738 orig.:
480 3668 523 3725 68.
570 3670 601 3735 2)
624 3669 742 3725 Ibidem:
775 3668 874 3723 Deum.
912 3667 940 3733 3)
960 3666 990 3723 ln
1010 3665 1052 3721 ed.

132 3736 204 3793 iem:
224 3753 299 3794 veru
391 3788 394 3795 .
444 3794 447 3801 ,
735 3786 740 3806 ,,
783 3774 786 3781 ·
963 3794 966 3805 .
