<?xml version="1.0" encoding="UTF-8"?>
<!DOCTYPE html PUBLIC "-//W3C//DTD XHTML 1.0 Transitional//EN"
    "http://www.w3.org/TR/xhtml1/DTD/xhtml1-transitional.dtd">
<html xmlns="http://www.w3.org/1999/xhtml" xml:lang="en" lang="en">
 <head>
  <title>
</title>
<meta http-equiv="Content-Type" content="text/html;charset=utf-8" />
  <meta name='ocr-system' content='tesseract 3.04.00' />
  <meta name='ocr-capabilities' content='ocr_page ocr_carea ocr_par ocr_line ocrx_word'/>
</head>
<body>
  <div class='ocr_page' id='page_1' title='image "./dmartinilutheri03luthgoog_0956.png"; bbox 0 0 2392 4170; ppageno 0'>
   <div class='ocr_carea' id='block_1_1' title="bbox 461 245 1058 315">
    <p class='ocr_par' dir='ltr' id='par_1_1' title="bbox 461 245 1058 315">
     <span class='ocr_line' id='line_1_1' title="bbox 461 245 1058 315; baseline 0.022 -13"><span class='ocrx_word' id='word_1_1' title='bbox 461 246 543 304; x_wconf 76' lang='lat' dir='ltr'>nost.</span> <span class='ocrx_word' id='word_1_2' title='bbox 562 248 641 304; x_wconf 77' lang='lat' dir='ltr'>narr.</span> <span class='ocrx_word' id='word_1_3' title='bbox 659 246 741 305; x_wconf 77' lang='lat' dir='ltr'>nuth.</span> <span class='ocrx_word' id='word_1_4' title='bbox 994 245 1058 315; x_wconf 83' lang='lat'>413</span> 
     </span>
    </p>
   </div>
   <div class='ocr_carea' id='block_1_2' title="bbox 132 397 1065 3562">
    <p class='ocr_par' dir='ltr' id='par_1_2' title="bbox 133 397 1060 650">
     <span class='ocr_line' id='line_1_2' title="bbox 135 397 1060 484; baseline 0 -21"><span class='ocrx_word' id='word_1_5' title='bbox 135 411 254 483; x_wconf 90' lang='lat' dir='ltr'>partem</span> <span class='ocrx_word' id='word_1_6' title='bbox 277 401 362 464; x_wconf 89' lang='lat' dir='ltr'>iaiois</span> <span class='ocrx_word' id='word_1_7' title='bbox 385 400 476 484; x_wconf 86' lang='lat' dir='ltr'>dare,</span> <span class='ocrx_word' id='word_1_8' title='bbox 510 422 578 463; x_wconf 88' lang='lat' dir='ltr'>oum</span> <span class='ocrx_word' id='word_1_9' title='bbox 614 423 676 464; x_wconf 92' lang='lat' dir='ltr'>non</span> <span class='ocrx_word' id='word_1_10' title='bbox 711 404 803 464; x_wconf 78' lang='lat' dir='ltr'>lineat</span> <span class='ocrx_word' id='word_1_11' title='bbox 835 397 1006 464; x_wconf 84' lang='lat' dir='ltr'>institutum</span> <span class='ocrx_word' id='word_1_12' title='bbox 1029 409 1060 463; x_wconf 88' lang='lat' dir='ltr'>et</span> 
     </span>
     <span class='ocr_line' id='line_1_3' title="bbox 134 485 1059 569; baseline -0.004 -19"><span class='ocrx_word' id='word_1_13' title='bbox 134 486 312 569; x_wconf 88' lang='lat' dir='ltr'>exemplum</span> <span class='ocrx_word' id='word_1_14' title='bbox 336 485 447 548; x_wconf 79' lang='lat' dir='ltr'>Christi</span> <span class='ocrx_word' id='word_1_15' title='bbox 475 496 600 550; x_wconf 87' lang='lat' dir='ltr'>mutare.</span> <span class='ocrx_word' id='word_1_16' title='bbox 644 486 701 549; x_wconf 89' lang='lat' dir='ltr'>Hio</span> <span class='ocrx_word' id='word_1_17' title='bbox 730 494 811 548; x_wconf 85' lang='lat' dir='ltr'>tanet</span> <span class='ocrx_word' id='word_1_18' title='bbox 833 486 986 568; x_wconf 85' lang='lat' dir='ltr'>gloriosus</span> <span class='ocrx_word' id='word_1_19' title='bbox 1008 486 1059 546; x_wconf 89' lang='lat' dir='ltr'>de-</span> 
     </span>
     <span class='ocr_line' id='line_1_4' title="bbox 133 569 489 650; baseline 0.006 -20"><span class='ocrx_word' id='word_1_20' title='bbox 133 569 238 630; x_wconf 82' lang='lat' dir='ltr'>fensor</span> <span class='ocrx_word' id='word_1_21' title='bbox 260 569 327 629; x_wconf 84' lang='lat' dir='ltr'>Rex</span> <span class='ocrx_word' id='word_1_22' title='bbox 348 569 489 650; x_wconf 83' lang='lat' dir='ltr'>Angiiae.</span> 
     </span>
    </p>

    <p class='ocr_par' dir='ltr' id='par_1_3' title="bbox 134 651 1059 1131">
     <span class='ocr_line' id='line_1_5' title="bbox 215 651 1059 733; baseline 0.002 -21"><span class='ocrx_word' id='word_1_23' title='bbox 215 653 369 731; x_wconf 76' lang='lat' dir='ltr'>Tertium,</span> <span class='ocrx_word' id='word_1_24' title='bbox 404 654 429 713; x_wconf 91' lang='lat' dir='ltr'>si</span> <span class='ocrx_word' id='word_1_25' title='bbox 453 659 556 733; x_wconf 89' lang='lat' dir='ltr'>potest</span> <span class='ocrx_word' id='word_1_26' title='bbox 576 672 637 713; x_wconf 90' lang='lat' dir='ltr'>una</span> <span class='ocrx_word' id='word_1_27' title='bbox 663 671 734 732; x_wconf 88' lang='lat' dir='ltr'>pars</span> <span class='ocrx_word' id='word_1_28' title='bbox 756 653 844 712; x_wconf 90' lang='lat' dir='ltr'>huius</span> <span class='ocrx_word' id='word_1_29' title='bbox 867 651 1059 715; x_wconf 88' lang='lat' dir='ltr'>Saoramenti</span> 
     </span>
     <span class='ocr_line' id='line_1_6' title="bbox 137 736 1059 816; baseline 0.003 -21"><span class='ocrx_word' id='word_1_30' title='bbox 137 736 224 795; x_wconf 88' lang='lat' dir='ltr'>laiois</span> <span class='ocrx_word' id='word_1_31' title='bbox 247 736 324 814; x_wconf 82' lang='lat' dir='ltr'>tolli,</span> <span class='ocrx_word' id='word_1_32' title='bbox 346 737 460 816; x_wconf 89' lang='lat' dir='ltr'>poterit</span> <span class='ocrx_word' id='word_1_33' title='bbox 481 745 510 795; x_wconf 90' lang='lat' dir='ltr'>et</span> <span class='ocrx_word' id='word_1_34' title='bbox 532 754 603 816; x_wconf 88' lang='lat' dir='ltr'>pars</span> <span class='ocrx_word' id='word_1_35' title='bbox 627 736 774 816; x_wconf 91' lang='lat' dir='ltr'>Baptismi</span> <span class='ocrx_word' id='word_1_36' title='bbox 796 743 826 795; x_wconf 90' lang='lat' dir='ltr'>et</span> <span class='ocrx_word' id='word_1_37' title='bbox 848 736 1059 798; x_wconf 87' lang='lat' dir='ltr'>Poenitentiae</span> 
     </span>
     <span class='ocr_line' id='line_1_7' title="bbox 134 816 1058 899; baseline 0 -21"><span class='ocrx_word' id='word_1_38' title='bbox 134 817 242 878; x_wconf 86' lang='lat' dir='ltr'>eadem</span> <span class='ocrx_word' id='word_1_39' title='bbox 266 821 429 879; x_wconf 78' lang='lat' dir='ltr'><strong>autoritate</strong></span> <span class='ocrx_word' id='word_1_40' title='bbox 452 819 526 896; x_wconf 83' lang='lat' dir='ltr'>toiii,</span> <span class='ocrx_word' id='word_1_41' title='bbox 550 827 580 879; x_wconf 91' lang='lat' dir='ltr'>et</span> <span class='ocrx_word' id='word_1_42' title='bbox 593 816 749 899; x_wconf 68' lang='lat' dir='ltr'>quidquid&#39;</span> <span class='ocrx_word' id='word_1_43' title='bbox 764 819 900 881; x_wconf 81' lang='lat' dir='ltr'>Christus</span> <span class='ocrx_word' id='word_1_44' title='bbox 924 828 1058 898; x_wconf 89' lang='lat' dir='ltr'>unquam</span> 
     </span>
     <span class='ocr_line' id='line_1_8' title="bbox 134 901 1059 982; baseline 0.002 -22"><span class='ocrx_word' id='word_1_45' title='bbox 134 904 239 962; x_wconf 81' lang='lat' dir='ltr'>statuit</span> <span class='ocrx_word' id='word_1_46' title='bbox 260 908 363 980; x_wconf 88' lang='lat' dir='ltr'>potest</span> <span class='ocrx_word' id='word_1_47' title='bbox 385 904 493 982; x_wconf 87' lang='lat' dir='ltr'>partim</span> <span class='ocrx_word' id='word_1_48' title='bbox 517 901 600 982; x_wconf 88' lang='lat' dir='ltr'>toili,</span> <span class='ocrx_word' id='word_1_49' title='bbox 637 904 745 962; x_wconf 86' lang='lat' dir='ltr'>sinon</span> <span class='ocrx_word' id='word_1_50' title='bbox 776 910 892 982; x_wconf 84' lang='lat' dir='ltr'>potest,</span> <span class='ocrx_word' id='word_1_51' title='bbox 927 921 985 962; x_wconf 88' lang='lat' dir='ltr'>neo</span> <span class='ocrx_word' id='word_1_52' title='bbox 1005 902 1059 963; x_wconf 89' lang='lat' dir='ltr'>iiia</span> 
     </span>
     <span class='ocr_line' id='line_1_9' title="bbox 134 984 1059 1067; baseline 0.001 -24"><span class='ocrx_word' id='word_1_53' title='bbox 134 1003 206 1065; x_wconf 89' lang='lat' dir='ltr'>pers</span> <span class='ocrx_word' id='word_1_54' title='bbox 231 985 295 1044; x_wconf 85' lang='lat' dir='ltr'>tolli</span> <span class='ocrx_word' id='word_1_55' title='bbox 319 991 430 1065; x_wconf 84' lang='lat' dir='ltr'>potest.</span> <span class='ocrx_word' id='word_1_56' title='bbox 476 984 526 1046; x_wconf 84' lang='lat' dir='ltr'>Ad</span> <span class='ocrx_word' id='word_1_57' title='bbox 546 985 607 1046; x_wconf 89' lang='lat' dir='ltr'>hoo</span> <span class='ocrx_word' id='word_1_58' title='bbox 629 985 813 1047; x_wconf 81' lang='lat' dir='ltr'>obmutescit</span> <span class='ocrx_word' id='word_1_59' title='bbox 835 985 989 1067; x_wconf 85' lang='lat' dir='ltr'>gloriosus</span> <span class='ocrx_word' id='word_1_60' title='bbox 1011 1004 1059 1045; x_wconf 90' lang='lat' dir='ltr'>as·</span> 
     </span>
     <span class='ocr_line' id='line_1_10' title="bbox 134 1067 531 1131; baseline 0.013 -5"><span class='ocrx_word' id='word_1_61' title='bbox 134 1075 233 1127; x_wconf 87' lang='lat' dir='ltr'>sertor</span> <span class='ocrx_word' id='word_1_62' title='bbox 254 1067 531 1131; x_wconf 79' lang='lat' dir='ltr'>Saenamentorum.</span> 
     </span>
    </p>

    <p class='ocr_par' dir='ltr' id='par_1_4' title="bbox 132 1150 1058 1632">
     <span class='ocr_line' id='line_1_11' title="bbox 217 1150 1057 1231; baseline 0 -21"><span class='ocrx_word' id='word_1_63' title='bbox 217 1150 375 1228; x_wconf 78' lang='lat' dir='ltr'>Quartum,</span> <span class='ocrx_word' id='word_1_64' title='bbox 399 1152 481 1231; x_wconf 88' lang='lat' dir='ltr'>quod</span> <span class='ocrx_word' id='word_1_65' title='bbox 505 1151 642 1211; x_wconf 83' lang='lat' dir='ltr'>Christus</span> <span class='ocrx_word' id='word_1_66' title='bbox 668 1151 742 1211; x_wconf 84' lang='lat' dir='ltr'>dieii</span> <span class='ocrx_word' id='word_1_67' title='bbox 763 1152 944 1231; x_wconf 87' lang='lat' dir='ltr'>sanguinem</span> <span class='ocrx_word' id='word_1_68' title='bbox 969 1171 1057 1212; x_wconf 91' lang='lat' dir='ltr'>suum</span> 
     </span>
     <span class='ocr_line' id='line_1_12' title="bbox 133 1232 1056 1314; baseline 0.003 -22"><span class='ocrx_word' id='word_1_69' title='bbox 133 1232 219 1293; x_wconf 87' lang='lat' dir='ltr'>fundi</span> <span class='ocrx_word' id='word_1_70' title='bbox 242 1253 296 1314; x_wconf 93' lang='lat' dir='ltr'>pro</span> <span class='ocrx_word' id='word_1_71' title='bbox 320 1236 500 1295; x_wconf 83' lang='lat' dir='ltr'>remissione</span> <span class='ocrx_word' id='word_1_72' title='bbox 533 1241 729 1314; x_wconf 83' lang='lat' dir='ltr'>pennatorum</span> <span class='ocrx_word' id='word_1_73' title='bbox 758 1243 950 1314; x_wconf 87' lang='lat' dir='ltr'>nostrorum,</span> <span class='ocrx_word' id='word_1_74' title='bbox 986 1235 1056 1295; x_wconf 89' lang='lat' dir='ltr'>ideo</span> 
     </span>
     <span class='ocr_line' id='line_1_13' title="bbox 134 1316 1057 1398; baseline 0.002 -22"><span class='ocrx_word' id='word_1_75' title='bbox 134 1318 243 1396; x_wconf 89' lang='lat' dir='ltr'>quihus</span> <span class='ocrx_word' id='word_1_76' title='bbox 276 1318 416 1377; x_wconf 85' lang='lat' dir='ltr'>remissio</span> <span class='ocrx_word' id='word_1_77' title='bbox 439 1316 527 1377; x_wconf 89' lang='lat' dir='ltr'>datur</span> <span class='ocrx_word' id='word_1_78' title='bbox 548 1328 760 1398; x_wconf 82' lang='lat' dir='ltr'>peecatorum,</span> <span class='ocrx_word' id='word_1_79' title='bbox 794 1319 838 1377; x_wconf 88' lang='lat' dir='ltr'>eis</span> <span class='ocrx_word' id='word_1_80' title='bbox 876 1336 937 1377; x_wconf 91' lang='lat' dir='ltr'>non</span> <span class='ocrx_word' id='word_1_81' title='bbox 963 1336 1057 1397; x_wconf 85' lang='lat' dir='ltr'>posse</span> 
     </span>
     <span class='ocr_line' id='line_1_14' title="bbox 134 1400 1058 1481; baseline 0.003 -23"><span class='ocrx_word' id='word_1_82' title='bbox 134 1401 238 1479; x_wconf 87' lang='lat' dir='ltr'>negari</span> <span class='ocrx_word' id='word_1_83' title='bbox 262 1401 382 1481; x_wconf 88' lang='lat' dir='ltr'>signum</span> <span class='ocrx_word' id='word_1_84' title='bbox 409 1401 612 1479; x_wconf 85' lang='lat' dir='ltr'>remissionis,</span> <span class='ocrx_word' id='word_1_85' title='bbox 646 1400 729 1480; x_wconf 90' lang='lat' dir='ltr'>quod</span> <span class='ocrx_word' id='word_1_86' title='bbox 761 1400 822 1460; x_wconf 86' lang='lat' dir='ltr'>iliis</span> <span class='ocrx_word' id='word_1_87' title='bbox 845 1400 982 1461; x_wconf 80' lang='lat' dir='ltr'>Christus</span> <span class='ocrx_word' id='word_1_88' title='bbox 1005 1400 1058 1461; x_wconf 89' lang='lat' dir='ltr'>de-</span> 
     </span>
     <span class='ocr_line' id='line_1_15' title="bbox 134 1482 1057 1564; baseline 0.002 -23"><span class='ocrx_word' id='word_1_89' title='bbox 134 1482 221 1543; x_wconf 88' lang='lat' dir='ltr'>derit.</span> <span class='ocrx_word' id='word_1_90' title='bbox 264 1485 312 1544; x_wconf 86' lang='lat' dir='ltr'>Ad</span> <span class='ocrx_word' id='word_1_91' title='bbox 347 1483 407 1544; x_wconf 87' lang='lat' dir='ltr'>hoo</span> <span class='ocrx_word' id='word_1_92' title='bbox 435 1492 535 1544; x_wconf 89' lang='lat' dir='ltr'>mutus</span> <span class='ocrx_word' id='word_1_93' title='bbox 567 1493 614 1544; x_wconf 88' lang='lat' dir='ltr'>est</span> <span class='ocrx_word' id='word_1_94' title='bbox 634 1485 770 1545; x_wconf 87' lang='lat' dir='ltr'>larvatus</span> <span class='ocrx_word' id='word_1_95' title='bbox 792 1483 952 1544; x_wconf 83' lang='lat' dir='ltr'>Themista</span> <span class='ocrx_word' id='word_1_96' title='bbox 974 1485 1057 1564; x_wconf 88' lang='lat' dir='ltr'>Ang-</span> 
     </span>
     <span class='ocr_line' id='line_1_16' title="bbox 132 1566 1016 1632; baseline 0.007 -6"><span class='ocrx_word' id='word_1_97' title='bbox 132 1566 242 1630; x_wconf 86' lang='lat' dir='ltr'>lorum.</span> <span class='ocrx_word' id='word_1_98' title='bbox 1014 1627 1016 1632; x_wconf 91' lang='lat'><em>.</em></span> 
     </span>
    </p>

    <p class='ocr_par' dir='ltr' id='par_1_5' title="bbox 132 1648 1059 2144">
     <span class='ocr_line' id='line_1_17' title="bbox 216 1648 1059 1730; baseline 0.004 -22"><span class='ocrx_word' id='word_1_99' title='bbox 216 1648 379 1728; x_wconf 81' lang='lat' dir='ltr'>Quintum,</span> <span class='ocrx_word' id='word_1_100' title='bbox 412 1650 438 1710; x_wconf 91' lang='lat' dir='ltr'>ei</span> <span class='ocrx_word' id='word_1_101' title='bbox 472 1649 572 1730; x_wconf 79' lang='lat' dir='ltr'>potuit</span> <span class='ocrx_word' id='word_1_102' title='bbox 605 1650 707 1710; x_wconf 87' lang='lat' dir='ltr'>vinum</span> <span class='ocrx_word' id='word_1_103' title='bbox 736 1649 860 1730; x_wconf 85' lang='lat' dir='ltr'>tollere,</span> <span class='ocrx_word' id='word_1_104' title='bbox 894 1651 1007 1730; x_wconf 85' lang='lat' dir='ltr'>poterit</span> <span class='ocrx_word' id='word_1_105' title='bbox 1028 1660 1059 1711; x_wconf 87' lang='lat' dir='ltr'>et</span> 
     </span>
     <span class='ocr_line' id='line_1_18' title="bbox 132 1732 1058 1814; baseline 0 -22"><span class='ocrx_word' id='word_1_106' title='bbox 132 1751 263 1812; x_wconf 88' lang='lat' dir='ltr'>panem,</span> <span class='ocrx_word' id='word_1_107' title='bbox 289 1752 338 1802; x_wconf 51' lang='lat' dir='ltr'>¹ao</span> <span class='ocrx_word' id='word_1_108' title='bbox 359 1753 414 1814; x_wconf 87' lang='lat' dir='ltr'>per</span> <span class='ocrx_word' id='word_1_109' title='bbox 435 1732 495 1793; x_wconf 92' lang='lat' dir='ltr'>hoo</span> <span class='ocrx_word' id='word_1_110' title='bbox 523 1741 620 1792; x_wconf 89' lang='lat' dir='ltr'>totum</span> <span class='ocrx_word' id='word_1_111' title='bbox 644 1732 874 1794; x_wconf 76' lang='lat' dir='ltr'>Sacramentum</span> <span class='ocrx_word' id='word_1_112' title='bbox 896 1733 1005 1793; x_wconf 88' lang='lat' dir='ltr'>tollere</span> <span class='ocrx_word' id='word_1_113' title='bbox 1027 1741 1058 1794; x_wconf 87' lang='lat' dir='ltr'>et</span> 
     </span>
     <span class='ocr_line' id='line_1_19' title="bbox 133 1815 1056 1897; baseline 0.001 -23"><span class='ocrx_word' id='word_1_114' title='bbox 133 1816 305 1875; x_wconf 86' lang='lat' dir='ltr'>institutum</span> <span class='ocrx_word' id='word_1_115' title='bbox 328 1815 438 1876; x_wconf 78' lang='lat' dir='ltr'>Christi</span> <span class='ocrx_word' id='word_1_116' title='bbox 476 1817 598 1897; x_wconf 87' lang='lat' dir='ltr'>penitus</span> <span class='ocrx_word' id='word_1_117' title='bbox 621 1835 789 1894; x_wconf 81' lang='lat' dir='ltr'>evacuare,</span> <span class='ocrx_word' id='word_1_118' title='bbox 826 1818 851 1876; x_wconf 91' lang='lat' dir='ltr'>si</span> <span class='ocrx_word' id='word_1_119' title='bbox 874 1823 971 1876; x_wconf 89' lang='lat' dir='ltr'>totum</span> <span class='ocrx_word' id='word_1_120' title='bbox 994 1835 1056 1876; x_wconf 92' lang='lat' dir='ltr'>non</span> 
     </span>
     <span class='ocr_line' id='line_1_20' title="bbox 133 1898 1058 1980; baseline 0.003 -23"><span class='ocrx_word' id='word_1_121' title='bbox 133 1906 247 1979; x_wconf 86' lang='lat' dir='ltr'>potest,</span> <span class='ocrx_word' id='word_1_122' title='bbox 275 1917 333 1958; x_wconf 87' lang='lat' dir='ltr'>neo</span> <span class='ocrx_word' id='word_1_123' title='bbox 355 1908 473 1980; x_wconf 87' lang='lat' dir='ltr'>partem</span> <span class='ocrx_word' id='word_1_124' title='bbox 503 1906 615 1980; x_wconf 87' lang='lat' dir='ltr'>potest.</span> <span class='ocrx_word' id='word_1_125' title='bbox 658 1899 867 1959; x_wconf 85' lang='lat' dir='ltr'>Hioinviotus</span> <span class='ocrx_word' id='word_1_126' title='bbox 890 1899 958 1960; x_wconf 87' lang='lat' dir='ltr'>Rex</span> <span class='ocrx_word' id='word_1_127' title='bbox 979 1898 1058 1960; x_wconf 87' lang='lat' dir='ltr'>forte</span> 
     </span>
     <span class='ocr_line' id='line_1_21' title="bbox 132 1981 1059 2062; baseline 0.001 -20"><span class='ocrx_word' id='word_1_128' title='bbox 132 1981 311 2042; x_wconf 83' lang='lat' dir='ltr'>reeordatus</span> <span class='ocrx_word' id='word_1_129' title='bbox 333 1982 503 2061; x_wconf 88' lang='lat' dir='ltr'>proverbii:</span> <span class='ocrx_word' id='word_1_130' title='bbox 525 1982 653 2057; x_wconf 73' lang='lat' dir='ltr'>Silentio</span> <span class='ocrx_word' id='word_1_131' title='bbox 669 1983 872 2062; x_wconf 87' lang='lat' dir='ltr'>respondetur</span> <span class='ocrx_word' id='word_1_132' title='bbox 893 1982 1004 2060; x_wconf 88' lang='lat' dir='ltr'>multis,</span> <span class='ocrx_word' id='word_1_133' title='bbox 1028 1992 1059 2043; x_wconf 86' lang='lat' dir='ltr'>et</span> 
     </span>
     <span class='ocr_line' id='line_1_22' title="bbox 135 2066 1055 2144; baseline 0.001 -19"><span class='ocrx_word' id='word_1_134' title='bbox 135 2067 202 2144; x_wconf 88' lang='lat' dir='ltr'>ipse</span> <span class='ocrx_word' id='word_1_135' title='bbox 225 2066 298 2125; x_wconf 92' lang='lat' dir='ltr'>mihi</span> <span class='ocrx_word' id='word_1_136' title='bbox 320 2067 439 2128; x_wconf 88' lang='lat' dir='ltr'>silendo</span> <span class='ocrx_word' id='word_1_137' title='bbox 463 2067 567 2128; x_wconf 89' lang='lat' dir='ltr'>omnia</span> <span class='ocrx_word' id='word_1_138' title='bbox 588 2066 738 2134; x_wconf 82' lang='lat' dir='ltr'>dissolvit.</span> <span class='ocrx_word' id='word_1_139' title='bbox 1051 2128 1055 2132; x_wconf 80' lang='grc'><strong>,</strong></span> 
     </span>
    </p>

    <p class='ocr_par' dir='ltr' id='par_1_6' title="bbox 132 2147 1064 2792">
     <span class='ocr_line' id='line_1_23' title="bbox 217 2147 1056 2230; baseline -0.001 -22"><span class='ocrx_word' id='word_1_140' title='bbox 217 2147 343 2208; x_wconf 84' lang='lat' dir='ltr'>Sextum</span> <span class='ocrx_word' id='word_1_141' title='bbox 358 2149 401 2230; x_wconf 81' lang='lat'>¹),</span> <span class='ocrx_word' id='word_1_142' title='bbox 435 2169 515 2230; x_wconf 88' lang='lat' dir='ltr'>quae</span> <span class='ocrx_word' id='word_1_143' title='bbox 527 2191 529 2194; x_wconf 53' lang='lat'>&gt;</span> <span class='ocrx_word' id='word_1_144' title='bbox 542 2151 711 2211; x_wconf 84' lang='lat' dir='ltr'>nenessitas</span> <span class='ocrx_word' id='word_1_145' title='bbox 739 2156 898 2228; x_wconf 87' lang='lat' dir='ltr'>utramque</span> <span class='ocrx_word' id='word_1_146' title='bbox 921 2150 1056 2228; x_wconf 85' lang='lat' dir='ltr'>speeiem</span> 
     </span>
     <span class='ocr_line' id='line_1_24' title="bbox 133 2230 1057 2314; baseline 0.003 -26"><span class='ocrx_word' id='word_1_147' title='bbox 133 2232 239 2308; x_wconf 87' lang='lat' dir='ltr'>negari</span> <span class='ocrx_word' id='word_1_148' title='bbox 261 2230 365 2309; x_wconf 78' lang='lat' dir='ltr'>lamis,</span> <span class='ocrx_word' id='word_1_149' title='bbox 394 2250 462 2292; x_wconf 88' lang='lat' dir='ltr'>oum</span> <span class='ocrx_word' id='word_1_150' title='bbox 485 2241 586 2294; x_wconf 86' lang='lat' dir='ltr'>tamen</span> <span class='ocrx_word' id='word_1_151' title='bbox 609 2254 672 2294; x_wconf 92' lang='lat' dir='ltr'>rem</span> <span class='ocrx_word' id='word_1_152' title='bbox 693 2233 792 2314; x_wconf 88' lang='lat' dir='ltr'>ipsam</span> <span class='ocrx_word' id='word_1_153' title='bbox 816 2251 925 2294; x_wconf 84' lang='lat' dir='ltr'>omnes</span> <span class='ocrx_word' id='word_1_154' title='bbox 948 2250 1057 2294; x_wconf 87' lang='lat' dir='ltr'>oonoe·</span> 
     </span>
     <span class='ocr_line' id='line_1_25' title="bbox 133 2311 1056 2396; baseline 0.007 -26"><span class='ocrx_word' id='word_1_155' title='bbox 133 2311 216 2390; x_wconf 86' lang='lat' dir='ltr'>dant,</span> <span class='ocrx_word' id='word_1_156' title='bbox 239 2313 281 2372; x_wconf 90' lang='lat' dir='ltr'>ita</span> <span class='ocrx_word' id='word_1_157' title='bbox 304 2320 337 2372; x_wconf 92' lang='lat' dir='ltr'>ut</span> <span class='ocrx_word' id='word_1_158' title='bbox 358 2331 414 2374; x_wconf 84' lang='lat' dir='ltr'>nos</span> <span class='ocrx_word' id='word_1_159' title='bbox 437 2313 571 2376; x_wconf 88' lang='lat' dir='ltr'>dooeant</span> <span class='ocrx_word' id='word_1_160' title='bbox 592 2325 713 2376; x_wconf 78' lang='lat' dir='ltr'>tantum·</span> <span class='ocrx_word' id='word_1_161' title='bbox 730 2316 787 2376; x_wconf 88' lang='lat' dir='ltr'>sub</span> <span class='ocrx_word' id='word_1_162' title='bbox 810 2336 887 2394; x_wconf 86' lang='lat' dir='ltr'>una,</span> <span class='ocrx_word' id='word_1_163' title='bbox 909 2323 1056 2396; x_wconf 88' lang='lat' dir='ltr'>quantum</span> 
     </span>
     <span class='ocr_line' id='line_1_26' title="bbox 133 2393 1058 2478; baseline 0.005 -24"><span class='ocrx_word' id='word_1_164' title='bbox 133 2393 190 2455; x_wconf 87' lang='lat' dir='ltr'>sub</span> <span class='ocrx_word' id='word_1_165' title='bbox 213 2404 341 2475; x_wconf 87' lang='lat' dir='ltr'>utraque</span> <span class='ocrx_word' id='word_1_166' title='bbox 376 2397 481 2476; x_wconf 82' lang='lat' dir='ltr'>speeie</span> <span class='ocrx_word' id='word_1_167' title='bbox 515 2397 644 2458; x_wconf 82' lang='lat' dir='ltr'>donari?</span> <span class='ocrx_word' id='word_1_168' title='bbox 687 2398 720 2459; x_wconf 93' lang='lat' dir='ltr'>Si</span> <span class='ocrx_word' id='word_1_169' title='bbox 742 2418 822 2478; x_wconf 85' lang='lat' dir='ltr'>rem,</span> <span class='ocrx_word' id='word_1_170' title='bbox 859 2417 938 2478; x_wconf 90' lang='lat' dir='ltr'>quae</span> <span class='ocrx_word' id='word_1_171' title='bbox 960 2401 1058 2460; x_wconf 92' lang='lat' dir='ltr'>maior</span> 
     </span>
     <span class='ocr_line' id='line_1_27' title="bbox 132 2478 1057 2563; baseline 0.002 -23"><span class='ocrx_word' id='word_1_172' title='bbox 132 2487 189 2558; x_wconf 84' lang='lat' dir='ltr'>est,</span> <span class='ocrx_word' id='word_1_173' title='bbox 213 2478 403 2557; x_wconf 76' lang='lat' dir='ltr'>concedunt,</span> <span class='ocrx_word' id='word_1_174' title='bbox 444 2499 497 2540; x_wconf 85' lang='lat' dir='ltr'>our</span> <span class='ocrx_word' id='word_1_175' title='bbox 529 2482 649 2559; x_wconf 85' lang='lat' dir='ltr'>signum</span> <span class='ocrx_word' id='word_1_176' title='bbox 682 2480 811 2541; x_wconf 87' lang='lat' dir='ltr'>alterum</span> <span class='ocrx_word' id='word_1_177' title='bbox 833 2484 876 2542; x_wconf 89' lang='lat' dir='ltr'>rei</span> <span class='ocrx_word' id='word_1_178' title='bbox 900 2480 953 2563; x_wconf 88' lang='lat' dir='ltr'>(ut</span> <span class='ocrx_word' id='word_1_179' title='bbox 974 2482 1057 2542; x_wconf 86' lang='lat' dir='ltr'>fabu-</span> 
     </span>
     <span class='ocr_line' id='line_1_28' title="bbox 132 2561 1057 2644; baseline 0.001 -22"><span class='ocrx_word' id='word_1_180' title='bbox 132 2564 248 2638; x_wconf 85' lang='lat' dir='ltr'>lantur)</span> <span class='ocrx_word' id='word_1_181' title='bbox 278 2562 415 2626; x_wconf 85' lang='lat' dir='ltr'>eiusdem</span> <span class='ocrx_word' id='word_1_182' title='bbox 447 2561 622 2644; x_wconf 83' lang='lat' dir='ltr'>denegant?</span> <span class='ocrx_word' id='word_1_183' title='bbox 664 2561 724 2623; x_wconf 89' lang='lat' dir='ltr'>Sed</span> <span class='ocrx_word' id='word_1_184' title='bbox 757 2563 817 2624; x_wconf 92' lang='lat' dir='ltr'>hoo</span> <span class='ocrx_word' id='word_1_185' title='bbox 845 2573 1057 2644; x_wconf 78' lang='lat' dir='ltr'>argumentum</span> 
     </span>
     <span class='ocr_line' id='line_1_29' title="bbox 133 2645 1064 2728; baseline 0.002 -22"><span class='ocrx_word' id='word_1_186' title='bbox 133 2654 194 2706; x_wconf 86' lang='lat' dir='ltr'>tam</span> <span class='ocrx_word' id='word_1_187' title='bbox 217 2647 328 2727; x_wconf 85' lang='lat' dir='ltr'>insigni</span> <span class='ocrx_word' id='word_1_188' title='bbox 352 2646 505 2708; x_wconf 84' lang='lat' dir='ltr'>defensori</span> <span class='ocrx_word' id='word_1_189' title='bbox 539 2645 610 2708; x_wconf 87' lang='lat' dir='ltr'>fidei</span> <span class='ocrx_word' id='word_1_190' title='bbox 631 2646 764 2707; x_wconf 87' lang='lat' dir='ltr'>iaoiebat</span> <span class='ocrx_word' id='word_1_191' title='bbox 784 2649 941 2728; x_wconf 89' lang='lat' dir='ltr'>negotium</span> <span class='ocrx_word' id='word_1_192' title='bbox 963 2647 1064 2708; x_wconf 85' lang='lat' dir='ltr'>mole·-</span> 
     </span>
     <span class='ocr_line' id='line_1_30' title="bbox 132 2731 308 2792; baseline 0.023 -5"><span class='ocrx_word' id='word_1_193' title='bbox 132 2731 308 2792; x_wconf 87' lang='lat' dir='ltr'>stiesimum.</span> 
     </span>
    </p>

    <p class='ocr_par' dir='ltr' id='par_1_7' title="bbox 132 2812 1065 3562">
     <span class='ocr_line' id='line_1_31' title="bbox 216 2812 1056 2893; baseline -0.001 -20"><span class='ocrx_word' id='word_1_194' title='bbox 216 2812 384 2893; x_wconf 86' lang='lat' dir='ltr'>Septimum</span> <span class='ocrx_word' id='word_1_195' title='bbox 419 2821 467 2875; x_wconf 88' lang='lat' dir='ltr'>est</span> <span class='ocrx_word' id='word_1_196' title='bbox 507 2812 619 2875; x_wconf 74' lang='lat' dir='ltr'>Paulus</span> <span class='ocrx_word' id='word_1_197' title='bbox 636 2812 783 2873; x_wconf 79' lang='lat' dir='ltr'>&#39;omnium</span> <span class='ocrx_word' id='word_1_198' title='bbox 807 2812 969 2873; x_wconf 86' lang='lat' dir='ltr'>obstruens</span> <span class='ocrx_word' id='word_1_199' title='bbox 991 2831 1056 2887; x_wconf 89' lang='lat' dir='ltr'>ora,</span> 
     </span>
     <span class='ocr_line' id='line_1_32' title="bbox 132 2895 1057 2978; baseline 0.001 -23"><span class='ocrx_word' id='word_1_200' title='bbox 132 2897 183 2975; x_wconf 90' lang='lat' dir='ltr'>qui</span> <span class='ocrx_word' id='word_1_201' title='bbox 209 2901 235 2958; x_wconf 85' lang='lat' dir='ltr'>i.</span> <span class='ocrx_word' id='word_1_202' title='bbox 259 2896 395 2959; x_wconf 82' lang='lat' dir='ltr'>Corinth.</span> <span class='ocrx_word' id='word_1_203' title='bbox 419 2897 468 2961; x_wconf 85' lang='lat'>11.</span> <span class='ocrx_word' id='word_1_204' title='bbox 503 2915 565 2959; x_wconf 86' lang='lat' dir='ltr'>non</span> <span class='ocrx_word' id='word_1_205' title='bbox 587 2895 789 2978; x_wconf 80' lang='lat' dir='ltr'>presbyteris,</span> <span class='ocrx_word' id='word_1_206' title='bbox 822 2895 876 2956; x_wconf 88' lang='lat' dir='ltr'>sed</span> <span class='ocrx_word' id='word_1_207' title='bbox 907 2895 1057 2956; x_wconf 74' lang='lat' dir='ltr'>ecelesiae</span> 
     </span>
     <span class='ocr_line' id='line_1_33' title="bbox 132 2977 1058 3043; baseline 0 -4"><span class='ocrx_word' id='word_1_208' title='bbox 132 2988 163 3039; x_wconf 87' lang='lat' dir='ltr'>et</span> <span class='ocrx_word' id='word_1_209' title='bbox 186 2979 327 3042; x_wconf 89' lang='lat' dir='ltr'>omnibus</span> <span class='ocrx_word' id='word_1_210' title='bbox 349 2979 490 3043; x_wconf 84' lang='lat' dir='ltr'>fidelibus</span> <span class='ocrx_word' id='word_1_211' title='bbox 502 2981 595 3042; x_wconf 90' lang='lat' dir='ltr'>tradit</span> <span class='ocrx_word' id='word_1_212' title='bbox 617 2986 713 3041; x_wconf 90' lang='lat' dir='ltr'>totum</span> <span class='ocrx_word' id='word_1_213' title='bbox 726 2978 967 3041; x_wconf 85' lang='lat' dir='ltr'>Saoramentum.</span> <span class='ocrx_word' id='word_1_214' title='bbox 991 2977 1058 3039; x_wconf 84' lang='lat' dir='ltr'>Hoo</span> 
     </span>
     <span class='ocr_line' id='line_1_34' title="bbox 132 3061 1058 3143; baseline -0.003 -19"><span class='ocrx_word' id='word_1_215' title='bbox 132 3064 345 3143; x_wconf 79' lang='lat' dir='ltr'>argumentum</span> <span class='ocrx_word' id='word_1_216' title='bbox 369 3065 445 3125; x_wconf 85' lang='lat' dir='ltr'>dixit</span> <span class='ocrx_word' id='word_1_217' title='bbox 460 3065 604 3126; x_wconf 82' lang='lat' dir='ltr'>assertori</span> <span class='ocrx_word' id='word_1_218' title='bbox 617 3063 903 3126; x_wconf 79' lang='lat' dir='ltr'>Sacramentorum:</span> <span class='ocrx_word' id='word_1_219' title='bbox 926 3061 996 3123; x_wconf 89' lang='lat' dir='ltr'>Noii</span> <span class='ocrx_word' id='word_1_220' title='bbox 1009 3081 1058 3122; x_wconf 86' lang='lat' dir='ltr'>me</span> 
     </span>
     <span class='ocr_line' id='line_1_35' title="bbox 133 3156 1065 3212; baseline 0 -5"><span class='ocrx_word' id='word_1_221' title='bbox 133 3156 184 3208; x_wconf 92' lang='lat' dir='ltr'>tan</span> <span class='ocrx_word' id='word_1_222' title='bbox 208 3166 269 3212; x_wconf 86' lang='lat' dir='ltr'>ere.</span> <span class='ocrx_word' id='word_1_223' title='bbox 922 3201 927 3208; x_wconf 91' lang='lat'><em>.</em></span> <span class='ocrx_word' id='word_1_224' title='bbox 1062 3184 1065 3188; x_wconf 89' lang='lat'><strong>·</strong></span> 
     </span>
     <span class='ocr_line' id='line_1_36' title="bbox 187 3166 1056 3310; baseline -0.003 -18"><span class='ocrx_word' id='word_1_225' title='bbox 187 3166 337 3292; x_wconf 81' lang='lat' dir='ltr'>gSatisne</span> <span class='ocrx_word' id='word_1_226' title='bbox 360 3231 462 3293; x_wconf 88' lang='lat' dir='ltr'>vidisti</span> <span class='ocrx_word' id='word_1_227' title='bbox 485 3231 651 3310; x_wconf 88' lang='lat' dir='ltr'>nequitiam</span> <span class='ocrx_word' id='word_1_228' title='bbox 673 3231 762 3292; x_wconf 87' lang='lat' dir='ltr'>huius</span> <span class='ocrx_word' id='word_1_229' title='bbox 784 3228 969 3291; x_wconf 78' lang='lat' dir='ltr'>assertoris?</span> <span class='ocrx_word' id='word_1_230' title='bbox 1011 3228 1056 3289; x_wconf 85' lang='lat' dir='ltr'>Tu</span> 
     </span>
     <span class='ocr_line' id='line_1_37' title="bbox 132 3313 1057 3396; baseline -0.002 -22"><span class='ocrx_word' id='word_1_231' title='bbox 132 3332 216 3374; x_wconf 86' lang='lat' dir='ltr'>nuno</span> <span class='ocrx_word' id='word_1_232' title='bbox 236 3315 321 3390; x_wconf 82' lang='lat' dir='ltr'>vide,</span> <span class='ocrx_word' id='word_1_233' title='bbox 353 3333 392 3374; x_wconf 95' lang='lat' dir='ltr'>an</span> <span class='ocrx_word' id='word_1_234' title='bbox 415 3316 444 3373; x_wconf 89' lang='lat' dir='ltr'>in</span> <span class='ocrx_word' id='word_1_235' title='bbox 481 3313 532 3375; x_wconf 88' lang='lat' dir='ltr'>taii</span> <span class='ocrx_word' id='word_1_236' title='bbox 555 3333 685 3396; x_wconf 86' lang='lat' dir='ltr'>eorpore</span> <span class='ocrx_word' id='word_1_237' title='bbox 718 3313 779 3374; x_wconf 87' lang='lat' dir='ltr'>ulla</span> <span class='ocrx_word' id='word_1_238' title='bbox 801 3315 841 3372; x_wconf 89' lang='lat' dir='ltr'>sit</span> <span class='ocrx_word' id='word_1_239' title='bbox 873 3318 959 3392; x_wconf 85' lang='lat' dir='ltr'>guita</span> <span class='ocrx_word' id='word_1_240' title='bbox 982 3313 1057 3392; x_wconf 83' lang='lat' dir='ltr'>regii</span> 
     </span>
     <span class='ocr_line' id='line_1_38' title="bbox 132 3395 1056 3477; baseline 0.001 -21"><span class='ocrx_word' id='word_1_241' title='bbox 132 3399 309 3477; x_wconf 83' lang='lat' dir='ltr'>sanguinis,</span> <span class='ocrx_word' id='word_1_242' title='bbox 344 3407 410 3456; x_wconf 83' lang='lat' dir='ltr'>aut·</span> <span class='ocrx_word' id='word_1_243' title='bbox 430 3398 460 3457; x_wconf 93' lang='lat' dir='ltr'>in</span> <span class='ocrx_word' id='word_1_244' title='bbox 495 3398 599 3458; x_wconf 91' lang='lat' dir='ltr'>animo</span> <span class='ocrx_word' id='word_1_245' title='bbox 631 3399 703 3459; x_wconf 88' lang='lat' dir='ltr'>eina&#39;</span> <span class='ocrx_word' id='word_1_246' title='bbox 728 3395 862 3457; x_wconf 76' lang='lat' dir='ltr'>scintilla</span> <span class='ocrx_word' id='word_1_247' title='bbox 896 3395 968 3456; x_wconf 89' lang='lat' dir='ltr'>honi</span> <span class='ocrx_word' id='word_1_248' title='bbox 990 3397 1056 3457; x_wconf 87' lang='lat' dir='ltr'>viri.</span> 
     </span>
     <span class='ocr_line' id='line_1_39' title="bbox 133 3478 1058 3562; baseline 0.002 -23"><span class='ocrx_word' id='word_1_249' title='bbox 133 3479 233 3557; x_wconf 75' lang='lat' dir='ltr'>Quem</span> <span class='ocrx_word' id='word_1_250' title='bbox 267 3498 343 3559; x_wconf 88' lang='lat' dir='ltr'>rogo</span> <span class='ocrx_word' id='word_1_251' title='bbox 388 3499 451 3540; x_wconf 90' lang='lat' dir='ltr'>non</span> <span class='ocrx_word' id='word_1_252' title='bbox 473 3488 541 3540; x_wconf 89' lang='lat' dir='ltr'>urat</span> <span class='ocrx_word' id='word_1_253' title='bbox 570 3481 649 3542; x_wconf 84' lang='lat' dir='ltr'>haee</span> <span class='ocrx_word' id='word_1_254' title='bbox 679 3480 861 3562; x_wconf 81' lang='lat' dir='ltr'>plusquam</span> <span class='ocrx_word' id='word_1_255' title='bbox 890 3478 1058 3559; x_wconf 71' lang='lat' dir='ltr'>sophistica</span> 
     </span>
    </p>
   </div>
   <div class='ocr_carea' id='block_1_3' title="bbox 132 3664 1064 3813">
    <p class='ocr_par' dir='ltr' id='par_1_8' title="bbox 132 3664 1064 3813">
     <span class='ocr_line' id='line_1_40' title="bbox 206 3664 1064 3738; baseline -0.005 -12"><span class='ocrx_word' id='word_1_256' title='bbox 206 3670 362 3734; x_wconf 72' lang='lat' dir='ltr'>nitidem</span> <span class='ocrx_word' id='word_1_257' title='bbox 388 3675 476 3724; x_wconf 91' lang='lat' dir='ltr'>totum</span> <span class='ocrx_word' id='word_1_258' title='bbox 505 3668 558 3723; x_wconf 90' lang='lat' dir='ltr'>hoo</span> <span class='ocrx_word' id='word_1_259' title='bbox 587 3675 694 3723; x_wconf 86' lang='lat' dir='ltr'>sextum</span> <span class='ocrx_word' id='word_1_260' title='bbox 713 3672 904 3738; x_wconf 81' lang='lat' dir='ltr'>argumentum</span> <span class='ocrx_word' id='word_1_261' title='bbox 927 3664 1064 3722; x_wconf 83' lang='lat' dir='ltr'>omissum</span> 
     </span>
     <span class='ocr_line' id='line_1_41' title="bbox 132 3741 761 3813; baseline -0.005 -15"><span class='ocrx_word' id='word_1_262' title='bbox 132 3750 193 3810; x_wconf 71' lang='lat' dir='ltr'>est.</span> <span class='ocrx_word' id='word_1_263' title='bbox 206 3758 372 3813; x_wconf 88' lang='lat' dir='ltr'>quamquam</span> <span class='ocrx_word' id='word_1_264' title='bbox 392 3742 528 3813; x_wconf 79' lang='lat' dir='ltr'>pergitur:</span> <span class='ocrx_word' id='word_1_265' title='bbox 546 3741 692 3813; x_wconf 83' lang='lat' dir='ltr'>septimum</span> <span class='ocrx_word' id='word_1_266' title='bbox 711 3747 761 3796; x_wconf 85' lang='lat' dir='ltr'>eto.</span> 
     </span>
    </p>
   </div>
   <div class='ocr_carea' id='block_1_4' title="bbox 0 0 1200 4170">
    <p class='ocr_par' dir='ltr' id='par_1_9' title="bbox 0 0 1200 4170">
     <span class='ocr_line' id='line_1_42' title="bbox 0 0 1200 4170; baseline 0 0"><span class='ocrx_word' id='word_1_267' title='bbox 0 0 1200 4170; x_wconf 95' lang='lat' dir='ltr'> </span> 
     </span>
    </p>
   </div>
  </div>
 </body>
</html>
