2392 4170
412 259 496 327 Missa
512 259 624 342 privata
642 260 676 328 b.
695 260 729 326 n.
749 258 779 327 t.
996 264 1060 337 rot

140 461 197 503 ena
220 443 330 522 cuique
354 463 491 504 seorsum
510 441 543 521 ¹)
578 449 643 519 est,
675 441 749 503 nulli
782 450 893 524 potens
915 443 1062 525 applicari

138 535 191 587 aut
212 527 440 589 communicari.
483 525 590 607 Neque
613 527 693 585 enim
723 545 781 607 ego
803 546 859 607 pro
884 534 914 586 te
936 525 1062 588 credere

138 618 276 691 possum,
299 610 377 670 sicut
399 628 457 669 nec
479 615 509 669 tu
533 629 588 689 pro
612 627 677 688 me,
711 610 754 671 ita
786 627 847 670 non
880 616 928 670 est
949 628 1060 691 meum,

139 692 376 772 promissionem
399 688 459 752 Dei
480 692 534 753 tibi
562 692 719 773 applicare
753 692 800 752 vel
824 694 1061 770 communicare,

138 774 193 834 sed
217 780 271 836 tua
293 775 418 856 propria
440 773 500 836 fide
523 795 590 835 eam
614 774 666 835 tibi
690 775 829 857 applices
853 771 982 836 neeesse
1005 784 1062 855 est,

137 864 199 1000 step
231 859 312 918 enim
347 858 512 919 sententia:
542 856 602 934 Qui
625 876 687 919 uon
720 858 893 939 crediderit,
916 858 1060 920 condem·

139 959 179 1003 na
200 941 269 1002 itur.

220 1023 352 1086 Proinde
388 1023 544 1085 cananaei
581 1023 632 1083 isti
666 1023 796 1085 Missarii
832 1031 863 1086 et
895 1024 1060 1107 turpissimi

137 1107 212 1179 l'uori
234 1106 398 1187 sacrifices,
420 1105 492 1167 dum
506 1105 722 1168 Fraternitates
735 1108 861 1188 iactant,
885 1108 1060 1171 Missar'um·

137 1209 198 1271 que
229 1191 389 1271 participia
423 1187 579 1270 vendunt,
610 1189 682 1251 nihil
712 1191 793 1251 aliud
816 1190 947 1269 iaciunt,
969 1204 1061 1271 quam

136 1273 261 1335 stultum
285 1274 389 1334 orbem
413 1272 593 1334 dementant
620 1279 650 1334 et
673 1272 805 1335 illudunt
833 1286 999 1354 semumque
1022 1273 1060 1335 ad

134 1356 249 1433 inferos
272 1357 411 1435 trahunt,
439 1353 531 1418 simul
559 1358 713 1437 rapientes
736 1375 841 1418 eorum
873 1356 1060 1420 substantias
1123 1375 1126 1380 ·

137 1439 295 1521 sacrilegis
319 1439 485 1502 mendaciis
516 1445 547 1501 et
574 1439 842 1504 ludificationibus.
885 1439 925 1501 Et
946 1441 996 1502 bic
1017 1450 1062 1503 rat

137 1523 276 1584 velantur
306 1523 504 1584 fundamenta
544 1521 631 1584 orbis
654 1529 755 1585 terrae
782 1523 821 1585 ab
850 1523 1063 1605 increpatione

135 1606 225 1667 buius
248 1608 379 1688 spiritns¹
425 1607 564 1688 Apparet
588 1606 689 1689 enim,
721 1606 916 1688 super‘quod
953 1604 1058 1668 lunda³

134 1697 269 1752 mentum
293 1692 502 1773 episcopatus,
525 1688 685 1772 collegia,
710 1691 915 1770 monasteria,
938 1690 1062 1772 t'e‘mpld,

133 1773 258 1854 sacella,
279 1772 398 1848 altaria,
413 1779 444 1833 et
459 1773 633 1833 uuiversum
649 1791 777 1854 regnum
793 1773 855 1834 boo
870 1771 1063 1835 sacerdotale

136 1854 308 1936 Papisticae
331 1857 483 1917 ecclesiae
504 1856 544 1916 sit
564 1855 771 1919 aedificatum.
813 1855 925 1918 Nonne
959 1856 1062 1918 om'iila

136 1959 228 2020 super
250 1939 409 2000 Missurum
432 1937 584 2000 sacrificia
616 1945 686 2001 sunt
707 1930 901 2001 aestimarat
921 1938 985 2002 iou
1004 1944 1060 2019 est,

135 2041 227 2104 super
238 2022 411 2084 idolatriam
427 2022 593 2104 pessimam
616 2024 762 2102 omnium,
790 2018 1061 2105 super'mend‘acla

133 2106 348 2186 impurissima,
371 2125 463 2187 super
485 2105 613 2168 abusum
635 2105 845 2169 Eucharistiae
867 2107 1060 2189 perversissi-

135 2208 228 2269 mum,
250 2208 343 2271 super
375 2188 585 2252 infidelitatem
608 2191 676 2271 plus
706 2209 796 2270 quam
819 2190 975 2272 gentilem.
1020 2184 1060 2251 ldt
1162 2210 1166 2216 ·

134 2270 206 2334 ilino
226 2275 306 2334 iusto
328 2273 441 2334 iudicio
464 2272 520 2334 Dei
543 2272 672 2353 iactum,
702 2281 735 2335 ut
761 2293 838 2356 opes
866 2274 974 2336 borum
998 2293 1059 2336 non

134 2361 272 2418 serviant
303 2357 360 2417 nisi
383 2356 612 2438 profusissimus
640 2356 794 2434 luxuriae,
820 2356 948 2438 libidini,
971 2366 1060 2440 pom'·

134 2459 201 2523 pse,
224 2440 299 2517 otio,
321 2438 454 2501 breviter
476 2439 534 2500 soli
561 2439 782 2501 abominationi
795 2438 965 2520 Romanae,
980 2444 1059 2502 si'c‘ut

134 2523 259 2604 dignum
283 2530 346 2603 est,
374 2523 484 2585 talibus
512 2521 593 2583 enim
621 2525 809 2584 remunerari
839 2522 944 2585 debuit
972 2532 1061 2585 antc‘r

133 2606 222 2667 liuius
251 2606 422 2687 blasphemi
455 2604 628 2670 sacerdotii.
681 2606 801 2666 Habent
835 2613 961 2686 tamen,
995 2614 1058 2689 qu'o

133 2708 202 2750 sese
225 2691 371 2751 adversus
393 2691 470 2750 haec
491 2688 690 2751 consolentur
724 2697 754 2749 et
786 2709 911 2750 securos
935 2688 1058 2767 iaciant,

132 2792 244 2854 nempe
266 2773 403 2856 quod'eis
426 2770 604 2834 incredibile
625 2775 673 2858 sit,
697 2790 789 2834 unum
801 2772 1061 2834 Lutherumrao'ta

133 2876 264 2938 sapere,
288 2848 361 2918 ¹sese
389 2870 462 2918 vero
487 2874 594 2917 omnes
627 2875 752 2934 errare,
784 2858 864 2917 sicut
891 2852 1061 2919 Zedeolii'as

133 2942 306 3021 percutiens
328 2941 449 3002 unicum
472 2939 654 3022 prophetam
672 2936 798 3002 Domini
820 2938 971 3002 Michsam
997 2952 1058 3001 non

132 3023 261 3105 putabat
296 3023 480 3085 credendum
515 3041 600 3103 esse,
630 3041 738 3084 omnes
781 3023 952 3105 propbetas¹
980 3023 1059 3084 alios

131 3108 239 3189 spiritu
262 3106 411 3168 mendacii
440 3124 603 3188 possessos
647 3113 684 3168 et
707 3120 800 3167 unum
836 3107 925 3167 illum*
952 3107 1060 3190 spiritu
1090 3114 1093 3119 “

131 3190 256 3252 Domini
278 3190 402 3271 plenum
424 3210 502 3253 esse.
536 3186 759 3270 Dignissimum
781 3191 873 3270 plane
896 3195 1056 3271 argumen-

132 3282 195 3335 tum
219 3275 356 3354 papistis,
378 3273 461 3354 quod
484 3295 502 3335 a
526 3275 718 3335 multitudine
749 3274 877 3339 trahitur
910 3272 1058 3335 adbersu‘e

131 3357 332 3418 clbti'ssimum
356 3359 481 3418 verbum
506 3357 571 3418 Dei.
611 3355 699 3434 Quid
714 3358 795 3417 enim
817 3358 954 3438 placeret
978 3364 1059 3418 me‘ri·

131 3439 258 3503 dacibus
296 3460 389 3521 supra
427 3439 588 3502 mendacia
627 3438 799 3502 aedificatis
838 3442 896 3501 ni‘si
936 3438 1060 3502 menda·

131 3523 237 3585 citimi
272 3522 361 3599 Quid'
376 3530 479 3585 autem
497 3521 741 3585 coronabor-ent·
748 3522 879 3605 dignius,
892 3534 983 3604 qua‘m
997 3543 1060 3584 ver·

129 3607 205 3669 bum
220 3609 367 3688 veritatis,
396 3607 596 3686 redarguens·
601 3620 707 3669 eorum
721 3606 890 3693 mendacib',
903 3609 968 3670 si'v's
985 3605 1062 3669 e'd'e'l

139 3734 346 3750 *nu-

204 3789 233 3855 t)
254 3789 283 3842 ln
303 3787 347 3845 cdi
367 3787 439 3845 len:
459 3786 584 3845 seorsim.

787 3858 849 3927 tr*
