2392 4170
394 252 520 307 Rationis
540 251 716 306 latomiauas
734 253 784 306 stc.
987 247 1050 313 493

132 410 204 464 sunt
226 403 418 484 respiciendo
436 425 497 466 nou
520 412 658 466 naturam
681 406 816 486 peccati,
845 404 899 465 sed
922 406 1050 485 gratinus

106 487 211 566 osi,
245 507 304 576 nec
332 488 428 548 habes
457 490 538 569 quod
562 489 611 549 hic
633 506 784 568 oppones.
828 488 936 549 iamsi
961 490 1051 548 etiam

133 589 172 630 ex
194 572 298 633 animo
320 580 434 651 negent
455 572 623 633 secundum
640 581 778 632 naturam
801 590 870 631 esse
884 580 1054 650 peccatum,

132 659 320 715 nontamen
344 655 491 735 probant,
520 674 578 715 nec
606 665 653 715 est
685 653 829 714 articulus
852 654 938 731 fidei,
972 653 1055 733 quod

132 737 191 816 ipsi
214 739 348 797 sentiunt
365 746 417 798 aut
435 738 547 812 dicunt,
571 741 632 797 imo
650 736 822 817 periculose
844 736 958 814 dieunt,
981 737 1052 796 dum

133 820 200 878 sine
222 820 366 900 exemplo
390 820 564 901 Scripturas
588 820 700 882 dicunt.

217 901 284 979 Sic,
313 903 396 982 quod
421 912 581 984 peccatum
611 902 762 984 siguificat
784 909 900 962 reatum
924 904 1052 977 tautum,

133 1004 192 1045 uec
214 985 327 1065 probas
350 987 434 1067 ipsos
458 987 550 1062 velle,
583 1005 641 1046 nec
668 985 888 1066 ipsiprobant
915 986 957 1044 ita
985 1003 1053 1045 esse

134 1067 254 1130 debere.
299 1069 364 1129 Vos
381 1070 541 1130 invenistis
562 1069 623 1130 hoc
646 1068 894 1130 obscurissimum
917 1068 1053 1146 verbum,

133 1156 247 1230 reatus,
269 1151 352 1231 quod
376 1162 535 1233 peccatum
560 1152 727 1212 formaliter
755 1151 845 1212 vultis
869 1150 1053 1231 significare,

134 1233 251 1294 scilicet
272 1234 429 1315 Scriptura
450 1236 618 1315 simplicior
640 1241 704 1312 est,
738 1234 811 1294 nihil
842 1235 898 1293 uisi
931 1252 1054 1315 corrup-

134 1319 249 1376 tionem
273 1319 401 1379 stiram
423 1318 505 1379 facili
527 1326 558 1379 at
580 1326 687 1398 aperto
711 1336 853 1377 sermone
876 1316 975 1377 habet.
1008 1317 1054 1377 lta

134 1399 217 1479 quod
247 1402 385 1462 remissio
410 1403 547 1461 omnium
574 1406 786 1482 peccatorum,
819 1396 1053 1477 ablutionem1)

100 1487 102 1490 ‘
133 1489 348 1562 peccatorum,
386 1492 417 1545 et
449 1502 651 1564 quaecunque
684 1482 808 1544 tandem
841 1481 880 1543 de
912 1482 1054 1561 baptismi

135 1566 234 1645 gloria
255 1584 317 1627 non
339 1567 491 1628 immerito
514 1566 628 1646 dicunt,
651 1584 712 1627 nou
734 1565 848 1646 probas
870 1564 952 1626 idem
975 1582 1054 1643 esse,

134 1648 217 1727 quod
231 1649 345 1709 nullum
357 1657 519 1731 peccatum
538 1659 647 1710 nature
667 1650 807 1730 relinqui,
830 1667 888 1709 nec
900 1649 959 1728 ipsi
972 1648 1053 1709 idam

136 1731 276 1811 probant.
321 1731 380 1793 Sed
404 1734 546 1794 omnibus
579 1731 682 1794 obstat
703 1733 832 1810 Paulus,
863 1732 917 1793 sed
950 1739 980 1790 et
1001 1731 1054 1791 Pe-

134 1812 259 1891 trus*),
287 1833 416 1894 quorum
449 1816 498 1876 hic
519 1815 655 1877 carnalia
678 1813 832 1875 desideria
853 1815 982 1874 militare
1004 1814 1055 1875 ad·

135 1916 240 1957 versus
262 1899 413 1980 animam,
449 1900 500 1959 ille
528 1904 688 1979 peecatum
720 1899 750 1956 in
780 1908 911 1978 corpore
935 1897 1054 1958 mortali

133 1982 352 2060 concupiscere
391 1982 539 2043 adversus
573 1981 716 2062 Spiritum
739 1980 837 2060 uicit,
879 1987 1055 2060 coguntque

135 2064 257 2123 Patrum
291 2064 373 2124 diota
400 2065 438 2126 ad
472 2066 602 2146 gratiam
635 2064 787 2145 baptisato
814 2063 967 2125 faventem
1002 2063 1055 2124 do-

136 2165 268 2225 numque
289 2149 408 2227 peeeati
430 2149 655 2224 adversarium,
677 2158 739 2209 nou
761 2147 800 2208 ad
825 2153 964 2207 naturam
987 2165 1056 2228 pec

136 2231 196 2290 cati
220 2238 272 2290 aut
293 2230 394 2310 legem
423 2240 573 2311 spectare.
624 2231 661 2290 ut
692 2231 738 2291 sic
768 2232 887 2309 omnis,
919 2229 1056 2308 Latome,

136 2320 207 2372 sunt
230 2323 281 2374 tua
304 2314 408 2373 inania
431 2321 461 2374 et
483 2314 657 2388 confutata,
690 2313 828 2393 dispersa
858 2315 937 2373 sicut
958 2314 1058 2394 pulvis

134 2401 206 2457 ants
228 2396 337 2457 faciem
359 2400 454 2457 venti.
497 2398 575 2457 (ium
594 2396 947 2476 ergohuicsententiae
970 2415 1056 2457 meae

135 2479 237 2539 faveat
258 2481 376 2560 pietas,
415 2481 610 2541 consentiant
639 2479 732 2540 verba
753 2479 927 2562 Scripturas
955 2481 1056 2563 sitque

136 2565 165 2621 iu
189 2580 227 2622 ea
248 2563 427 2642 simplicitas
450 2564 671 2642 sinceriterque
692 2570 753 2622 tem
770 2563 941 2641 verborum,
964 2582 1055 2643 quarn

136 2664 254 2724 rerum,
290 2645 363 2706 uolo
400 2645 471 2705 mibi
508 2645 830 2707 auferrirocsbulum
854 2648 991 2726 peccati,
1025 2648 1055 2706 in

137 2727 278 2789 omnibus
300 2728 477 2791 hominibus
503 2729 707 2808 omnibusque
736 2727 879 2808 operibus
901 2747 1006 2788 sorum
1027 2731 1057 2788 in

137 2812 196 2871 hac
219 2813 289 2888 vita,
312 2813 432 2873 etiamsi
456 2812 612 2892 confitear,
635 2813 708 2872 nihil
732 2831 786 2872 eos
802 2811 915 2873 habere
937 2815 1057 2891 peccati

136 2905 189 2955 aut
224 2895 295 2956 mali
328 2898 430 2976 operis
456 2893 638 2956 secundum·
668 2897 797 2975 gratiam
816 2894 882 2956 Dei.
927 2894 985 2970 Qui
1008 2913 1057 2956 ms

137 2980 224 3056 sequi
244 2977 340 3058 nolet,
363 2979 486 3042 omittat
506 2986 536 3039 et
558 2985 705 3058 sequatur
724 2979 802 3055 alia,
824 2978 878 3039 sed
901 2997 957 3038 sua
980 2980 1058 3039 sciat

138 3062 279 3120 trumonis
302 3062 377 3139 niti,
400 3079 470 3122 mea
492 3062 601 3122 divinis
623 3063 813 3123 testimoniis.
857 3061 926 3123 Non
949 3064 1058 3142 patiar,

99 3160 102 3169 ·
138 3154 170 3204 ut
198 3145 265 3224 plus
295 3145 469 3225 Augustino
506 3146 647 3212 credatur
675 3145 858 3224 Apostolum
897 3145 1059 3226 glossauti‚

136 3247 227 3307 quem
251 3229 310 3307 ipsi
332 3228 485 3308 Apostolo
508 3231 597 3290 toties
621 3236 781 3309 peccatum
803 3229 933 3303 iteranti.

221 3311 386 3372 Videamus
410 3330 490 3372 nunc
503 3312 720 3392 congruentias
734 3310 908 3391 Scripturas
930 3313 960 3373 in
978 3313 1057 3373 hanc

137 3396 337 3472 sententiam,
368 3394 506 3456 Christus
525 3395 598 3456 nne
629 3395 680 3455 ult.
710 3395 928 3474 poenitentiam
952 3405 982 3456 st
1013 3416 1057 3456 ra-

139 3479 317 3538 missionem
349 3479 518 3558 praedicari
555 3478 627 3538 dicit
665 3479 696 3537 in
725 3479 849 3538 nomine
879 3480 952 3542 eius.
997 3479 1058 3540 Our

211 3669 242 3733 1)
264 3669 293 3721 ln
313 3667 356 3722 sd.
374 3665 450 3721 len:
470 3667 685 3722 absolutionem.

212 3740 241 3809 'J
265 3744 288 3796 l.
307 3739 365 3794 Pet
386 3739 412 3795 2.
431 3738 518 3794 Galat.
538 3741 563 3796 5.
