2392 4170
411 234 538 289 Rationis
557 233 738 292 Latomisuas
756 237 807 287 etc.
989 228 1052 296 ist

132 385 195 456 Sed
217 386 417 466 superficialis
445 387 497 449 ille
519 396 565 450 est
589 406 717 466 sauma,
750 387 827 449 folia,
856 386 1051 468 praescindit,
1106 378 1109 385 ’

133 469 268 546 radicem
292 489 354 538 non
377 470 538 537 exscindit.
581 471 710 532 litoicut
730 470 896 532 similitudo
919 469 1053 530 habeta

132 553 263 628 Latomc
291 553 431 633 inducta,
467 554 573 615 similis
606 562 652 614 est
682 556 740 615 iste
776 553 884 614 modus
917 553 1054 631 curandi,

132 635 261 708 radendi
283 636 427 720 capillus,
461 636 512 698 ubi
540 637 640 699 denuc
662 644 874 713 renascuntur.
916 636 987 697 Nou
1008 638 1054 696 sic

133 718 248 795 dquam
260 718 328 797 Dei,
351 720 433 799 quod
454 719 573 782 radices
590 718 773 794 mortificare
787 719 917 796 laborat,
940 727 970 779 et
990 739 1052 780 nou

132 809 236 882 aptus,
265 801 320 870 sed
341 804 441 883 ipsam
464 823 627 884 personam
650 812 771 883 purgat,
795 810 826 865 ut
848 803 980 864 venialia
1002 803 1053 862 illa

133 890 257 955 sessani
284 892 345 955 ¹aut
372 892 454 946 certe
484 887 582 946 minus
603 885 762 966 pullulent.
808 885 932 947 Frustra
953 887 1054 947 venia·

132 967 212 1042 libus
228 969 361 1048 resistis,
384 970 444 1029 nisi
457 979 620 1049 peccatum
641 969 716 1030 illud
739 969 851 1031 fomitis
864 970 1054 1049 exstinguas,

134 1051 216 1126 pods
237 1049 290 1111 illa
313 1050 474 1130 pullulant.
516 1052 681 1119 Pensatum
710 1050 832 1132 semper
854 1053 1054 1132 concupiscit,

133 1132 189 1215 sed
210 1134 480 1213 concupiscentiae
496 1136 561 1195 sius
578 1136 703 1213 resistis,
725 1136 751 1196 si
771 1154 833 1196 ucn
856 1143 972 1196 tautum
991 1154 1054 1197 mc·

133 1216 214 1279 tibus
237 1217 303 1276 eius
324 1218 450 1293 resistis,
473 1217 527 1279 sed
549 1221 648 1298 ipsum
671 1236 794 1298 quoque
816 1218 947 1298 iugulas,
970 1217 1054 1297 quod

134 1298 168 1360 ut
189 1318 245 1379 per
266 1298 380 1359 donum
409 1299 482 1361 fidei
514 1301 741 1378 mortificantis,
770 1300 990 1381 crucifigentis,
1023 1309 1071 1360 et=

134 1381 328 1464 passionibus
350 1384 442 1443 variis
470 1385 642 1445 exercentis
667 1393 800 1446 veterem
821 1385 914 1444 istum
936 1386 1054 1464 pennati

131 1466 301 1544 lpominsm,
323 1473 356 1526 ut
376 1467 550 1547 Apostolus
570 1473 669 1528 vocat
713 1466 781 1528 Huc
800 1466 930 1546 quadrat
951 1474 983 1528 et
1003 1467 1055 1526 ille

133 1545 241 1629 ligura,
264 1567 354 1628 quam
377 1569 468 1630 supra
491 1552 591 1630 posui,
613 1549 696 1631 quod
717 1548 772 1612 lilii
793 1550 888 1611 lsrael
909 1568 1055 1630 possessa

136 1641 216 1692 terre
238 1631 363 1704 canaan
387 1633 532 1712 reliquias
555 1635 804 1710 Amorrasorum,
825 1632 1054 1709 lebusaeorum,

134 1713 369 1775 cananaeorum
397 1735 459 1776 uon
482 1716 670 1798 deleverunt.
719 1716 789 1785 Non
818 1725 905 1777 eraut
932 1717 1055 1779 alterius

134 1804 262 1876 naturas
297 1797 445 1878 reliquiae
472 1801 564 1876 istae,
597 1818 689 1878 quam
722 1801 810 1881 ipsas
841 1807 960 1879 gentes,
1014 1800 1057 1858 At

131 1881 231 1958 poetri
251 1881 301 1952 isti
322 1881 528 1947 infirmitatem
552 1890 582 1944 nt
595 1901 729 1963 posnam
745 1883 837 1951 etiam
855 1901 917 1944 non
932 1882 1055 1961 malam,

133 1967 195 2027 imo
219 1963 323 2106 utipsm
345 1964 553 2027 atterendam
577 1966 705 2047 docent,
733 1967 821 2045 quasi
848 1984 911 2026 nou
940 1967 980 2029 sit
1001 1984 1055 2025 sx-

157 2065 253 2127 ulgafl
266 2066 305 2123 fi·
532 2107 537 2114 -
1042 2122 1046 2132 .

135 2067 154 2128 p
218 2127 379 2190 concludo
409 2150 505 2215 ergo,
537 2131 661 2211 quaudo
683 2131 795 2215 Paulus
818 2132 907 2199 Rom.
930 2133 958 2195 6.
988 2150 1058 2213 psc-

135 2214 290 2292 salumin
313 2213 433 2274 mortali
456 2233 601 2294 corpore,
624 2221 786 2294 pennatum
810 2234 873 2279 uon
896 2215 1059 2291 dominari,

135 2315 248 2377 corpus
270 2298 390 2375 peccati
414 2296 544 2375 destrui,
583 2297 675 2359 Rom.
696 2299 725 2362 8.
747 2319 766 2358 a
789 2298 858 2379 lege
887 2299 1005 2379 peccati
1028 2298 1060 2357 ii·

136 2380 246 2459 cerari,
269 2380 357 2456 Rom,
378 2385 408 2444 7.
430 2389 593 2462 peceatum
615 2383 747 2461 operari,
768 2389 930 2461 peccatum
951 2401 1060 2462 repug-

137 2481 228 2541 nare,
267 2470 430 2542 peccatum
467 2465 646 2543 captivare,
689 2463 803 2526 servire
845 2465 906 2546 legi
925 2467 1059 2546 *peccati

138 2549 166 2618 1.
190 2544 328 2607 Corinth.
350 2549 379 2608 7.
400 2548 664 2629 incontinentiam,
689 2551 714 2610 1.
732 2545 803 2609 Cor.
826 2551 855 2613 5.
878 2549 1058 2619 fermentum

137 2637 224 2705 uetus
247 2629 382 2699 malitiae
404 2636 436 2689 et
458 2631 630 2710 nequitiae,
661 2630 776 2711 Ephes.
796 2632 826 2694 4.
850 2639 982 2693 veterem
1006 2631 1059 2692 ho-

136 2713 262 2789 minem,
273 2709 395 2773 Ooloss.
407 2715 436 2776 3.
448 2713 535 2793 uam,
547 2712 712 2793 libidinem,
725 2715 896 2793 avaritiam,
906 2713 997 2779 Hebr.
1010 2718 1059 2777 12.

137 2797 339 2870 circumstans
361 2803 540 2875 peccatum,
574 2795 705 2858 breviter
732 2815 883 2877 nusquam
905 2816 968 2859 non
990 2817 1059 2877 pec-

138 2881 198 2957 cati
221 2887 252 2938 et
273 2879 337 2938 vitii
359 2881 484 2940 nomine
498 2880 643 2960 appellet,
665 2890 759 2960 atque
779 2883 805 2945 si
825 2882 920 2943 semel
944 2888 1059 2946 tantum

138 2954 327 3041 appellasset
360 2969 543 3044 peccatum,
580 2963 656 3024 nulli
687 2965 867 3044 angelorum
907 2964 1058 3041 cederem.

138 3045 227 3106 Nunc
251 3063 321 3110 cum
344 3051 390 3106 tot
412 3045 488 3106 lonis
524 3045 604 3107 idem
634 3051 810 3109 constanter
833 3057 970 3125 asserat,
1009 3050 1060 3126 qui

139 3136 210 3204 sunt
232 3127 276 3189 illi
297 3128 450 3207 homines,
472 3136 504 3190 ut
517 3148 623 3190 eorum
635 3130 757 3211 glossas
769 3132 800 3193 in
814 3139 942 3209 textum,
965 3132 1060 3193 erasis

140 3212 225 3272 Pauli
248 3210 360 3290 verbis,
383 3231 431 3271 me
447 3219 564 3293 cogant
584 3213 756 3293 reponere?
777 3214 858 3276 Nolo
872 3233 977 3277 eorum
993 3233 1059 3275 ssu-

138 3296 273 3373 teptias,
303 3294 464 3377 peccatum
486 3299 587 3375 inesse
610 3295 699 3359 ncbis
722 3297 791 3358 dioc
814 3304 846 3359 st
865 3300 896 3359 in
918 3297 1060 3365 omnibus

140 3376 285 3476 operibus
309 3379 421 3439 nostris
444 3398 513 3439 cum
544 3379 673 3459 fiducia,
705 3381 850 3460 quamdiu
873 3382 922 3449 hin
944 3401 1060 3444 sumus.

140 3461 172 3547 tir
195 3480 271 3545 ergo
295 3460 502 3542 Lovauienses
525 3465 729 3541 meimeaute
751 3464 919 3544 audissent,
942 3472 972 3528 et
993 3464 1061 3544 plus

140 3547 171 3619 ip
197 3545 289 3618 verba
311 3545 369 3624 Dei
391 3563 482 3626 quam
521 3547 677 3614 hominum
699 3548 917 3626 intendissent,
956 3548 1059 3627 utique

142 3632 300 3711 veritatem
322 3630 427 3715 purius
452 3633 680 3711 cognovissent,
703 3650 781 3712 quae
804 3649 858 3693 eos
881 3651 901 3706 a
923 3637 984 3697 tam
1007 3633 1060 3705 im-

141 3717 224 3789 mani
249 3715 453 3800 blasphemia,
476 3715 655 3797 sacrilegio,
679 3715 816 3796 crimine,
839 3712 954 3794 saelc‘re
974 3734 1061 3794 prae·
