2392 4170
461 198 645 317 noeane
659 250 741 313 mn.
916 207 918 211 ’
994 244 1057 316 313
1104 254 1110 299 ι

132 434 207 503 nihii
230 444 332 501 ta‘men
354 431 478 518 eegrius'
498 432 563 510 tuli,
585 448 676 514 qnam
698 430 1002 497 beneomdeiitatem
1026 432 1057 493 et

132 529 265 606 negatae
287 519 420 584 oaritstis
442 516 647 599 saerilegium.
685 516 793 598 Neque
813 519 900 600 potui
922 536 1055 597 unquam
1084 596 1087 603 Δ

132 605 321 691 persuaderi,
344 614 376 665 ιιι
399 604 520 684 quietus
549 601 704 663 crederem
735 609 849 666 reatem
883 610 915 666 et
942 602 1057 664 lioitem

132 710 203 754 esee
225 688 431 752 obedientiam
454 688 543 749 istam
580 685 782 748 moneetieam
796 686 799 693 '
813 687 960 750 adversus
983 685 1056 747 oeri-

131 779 228 839 totem
251 779 312 835 tam
328 768 520 853 impudenter
531 771 727 830 saevientem.
767 771 878 833 Dicent
895 790 969 832 vero
992 770 1060 830 hie:

133 857 167 922 ei
187 857 247 919 ista
268 853 427 919 moneebis
450 854 538 917 detur
557 852 679 915 lieentia
694 855 838 936 vagandi,
861 854 971 937 peribit
993 854 1058 914 uni·
1163 925 1171 940 ο

135 961 254 1005 versum
277 941 445 1001 institutum
469 938 687 1014 monasticum,
710 936 931 1001 desolabuntur
953 956 1056 999 mona-

133 1012 236 1104 s'teria,
258 1032 326 1086 ruet
347 1022 445 1086 nultus
468 1023 535 1098 Dei,
557 1022 685 1101 singulis
708 1022 865 1101 euntibus,
897 1024 930 1083 nt
950 1040 1057 1103 paren·

134 1107 216 1172 tibus
245 1114 275 1170 et
304 1107 453 1189 proximis
495 1105 656 1188 egentibus
686 1106 865 1169 ministrent.
918 1104 1057 1168 Pulobre.

131 1190 175 1257 Ut
196 1197 376 1272 ergo'stent
398 1189 517 1272 lapidee
541 1195 571 1251 et
592 1189 693 1268 ligna,
722 1197 756 1251 ut
776 1196 953 1272 perseveret
975 1189 1057 1250 fistu-

132 1276 230 1339 lerum
253 1274 386 1337 ululatus
408 1280 438 1335 et
461 1293 595 1334 murmur
615 1275 644 1333 in
670 1273 776 1356 ehoro,
797 1281 830 1336 ut
851 1293 954 1336 reeure
977 1274 1058 1352 eapi-

131 1360 173 1423 tis
196 1366 227 1420 et
247 1357 341 1439 longe
364 1359 467 1419 tuniea
493 1376 553 1418 non
578 1355 764 1438 deponatur,
795 1357 971 1420 mandatum
1000 1356 1057 1417 Dei

134 1441 338 1506 deserendum
362 1448 424 1518 eet,
447 1461 503 1522 pro
527 1460 588 1520 quo
612 1440 703 1503 etiam
727 1442 854 1521 sanguis
876 1439 1057 1515 fundendus,

134 1526 238 1590 anime
271 1531 302 1588 et
330 1526 432 1587 omnia
464 1523 609 1606 ponende
637 1530 716 1588 eunt.
764 1526 863 1602 Quam
893 1526 1057 1605 sapienter,

134 1629 226 1691 quem
259 1607 359 1689 aeqde
387 1605 523 1670 iudioent
558 1610 605 1670 isti
639 1609 695 1670 viri
732 1607 770 1671 de
798 1609 950 1672 mandatis
980 1607 1059 1668 Dei?

132 1694 245 1757 Nonne
267 1693 329 1755 hoo
351 1690 500 1772 estquod
524 1691 596 1763 dixi,
619 1693 822 1754 monastienm
845 1693 1016 1754 institutum
1029 1695 1059 1751 et

133 1777 270 1840 divinum
299 1775 475 1839 mandatum
505 1795 544 1836 ex
582 1774 731 1836 diametro
763 1783 870 1838 nature
906 1797 961 1838 eua
985 1795 1057 1855 pug-

132 1860 229 1923 nare?
271 1857 303 1922 si
326 1861 407 1921 enim
437 1857 571 1920 divinum
601 1857 777 1927 mandatum
812 1879 933 1921 servare
964 1858 1059 1930 voles,

131 1950 239 2007 votum
262 1951 443 2026 perpetuum
466 1962 590 2005 servare
618 1962 679 2004 nou
703 1951 810 2023 potes,
839 1944 928 2025 elige,
961 1951 1058 2002 utrum

132 2027 277 2089 volueris.
1013 2037 1016 2041 ’

214 2109 255 2171 Et
274 2107 356 2190 quid,
379 2127 466 2189 rogo,
490 2108 592 2172 domni
610 2110 742 2190 patietur
760 2112 931 2173 institutum
956 2128 1059 2170 mona·

131 2194 252 2262 stieum,
276 2194 299 2253 si
322 2192 485 2272 religiosus
507 2193 692 2274 egrediatur,
715 2194 766 2256 nbi
780 2215 858 2277 opus
876 2194 974 2270 fuerit,
998 2213 1058 2254 eer-

132 2278 249 2339 viturns
270 2273 447 2358 parentibus
459 2325 467 2358 ,
490 2279 666 2339 visitaturus
688 2277 826 2340 inflrmoe
865 2284 895 2340 et
916 2296 985 2338 aene
1005 2277 1060 2336 im·

133 2378 284 2443 pensurus
309 2358 434 2420 divinae
456 2358 654 2422 obedientiae
669 2366 700 2423 et
713 2362 853 2424 earitetii
883 2361 966 2425 Num
988 2359 1059 2422 ideo

133 2462 262 2506 neeesse
278 2449 326 2503 est
337 2441 509 2504 oestitatem
533 2449 568 2515 et
580 2450 792 2525 paupertatem
807 2452 838 2506 et
852 2443 1058 2508 obedientiam

132 2526 272 2608 ponere?
294 2525 408 2606 poterit
429 2528 510 2587 enim
535 2528 646 2588 reverti
666 2527 792 2608 expleta
815 2526 1059 2590 obedientiaDei

133 2618 165 2674 et
188 2610 324 2671 oaritme.
367 2607 407 2668 Et
428 2608 500 2687 quid
524 2611 549 2671 ai
573 2629 634 2672 non
657 2611 769 2673 reverti
792 2631 860 2673 eum
884 2613 965 2672 einai
989 2610 1058 2672 obe·

134 2693 250 2757 dientia
272 2699 304 2754 et
326 2692 463 2753 naritus?
490 2693 521 2753 in
545 2693 616 2774 quid
638 2694 806 2774 peeoabiti
832 2696 863 2756 in
886 2691 1005 2775 lapides
1029 2698 1060 2754 et

133 2776 240 2858 ligna?
268 2773 351 2857 quod
380 2793 442 2835 non
478 2778 596 2838 steterit
625 2778 656 2839 in
685 2777 798 2857 ehoro,
835 2797 897 2839 non
925 2776 1059 2839 induerit

133 2858 298 2932 euouilnm,
321 2877 383 2919 non
406 2857 498 2921 fuerit
518 2880 614 2938 rasus,
635 2879 698 2922 non
722 2861 882 2924 dormierit
903 2860 1058 2923 eommuni

133 2943 332 3020 dormitorio,
367 2960 429 3002 non
464 2942 561 3005 ederit
596 2945 751 3006 eommuni
778 2944 960 3014 refectorio,
994 2961 1065 3009 non,

133 3027 328 3088 murmurarit
349 3042 529 3088 eommunes
550 3026 682 3090 bombos
704 3047 816 3089 vooum
838 3047 900 3089 non
923 3026 1058 3088 inteileo·

133 3117 241 3171 tarum.
286 3106 411 3190 Seilioet
432 3109 510 3170 istae
538 3131 587 3172 res
615 3116 718 3174 tantae
740 3117 831 3191 sunt,
861 3117 892 3171 et
918 3111 1000 3170 salua
1026 3110 1057 3170 in

132 3195 178 3255 eie
202 3194 247 3253 aie
269 3198 317 3252 est
338 3192 448 3273 posita,
476 3200 509 3254 ut
531 3193 634 3256 divina
660 3194 805 3257 mandata
831 3201 957 3275 propter
975 3195 1058 3274 ipsas

134 3281 277 3356 oporteat
300 3273 428 3355 pedibus
453 3277 658 3339 oonouloare?
702 3277 829 3342 Seilioet
850 3278 916 3339 Deo
949 3296 983 3337 ee
1006 3277 1057 3338 de-

133 3359 258 3440 dieavit,
281 3359 331 3438 qui
353 3357 423 3436 in¹)
448 3359 538 3422 rebus
561 3382 630 3424 sese
651 3361 742 3442 dedit,
767 3368 796 3423 et
817 3380 880 3423 non
903 3359 1059 3421 dedicavit

132 3461 202 3504 sese
225 3441 309 3521 Deo,
333 3440 382 3521 qui
407 3443 492 3505 vovit
513 3442 718 3507 obedientiam
745 3451 906 3525 parentum
931 3449 962 3504 et
983 3443 1057 3505 eari-
1153 3516 1157 3524 ι

132 3533 226 3588 tatem
250 3524 381 3605 proximi
403 3524 433 3584 in
456 3525 633 3606 baptismo?
676 3528 756 3605 Quid
786 3529 856 3590 ietie·
878 3527 993 3588 insanis
1016 3525 1057 3586 di-

132 3627 255 3686 oemue,
283 3607 340 3667 nisi
362 3605 436 3667 iilud
465 3608 574 3670 Christi
597 3611 688 3675 idere.
712 3617 746 3678 7:
773 3613 857 3674 Rene
879 3611 994 3672 irritum
1017 3609 1058 3673 fs·

206 3787 237 3860 1)
259 3785 290 3843 ln
309 3785 353 3843 ed.
371 3786 476 3864 priores
494 3787 537 3848 iis.
585 3858 587 3863 ¹
