2392 4170
505 146 524 187 Ur

389 270 513 323 liutiomc
531 268 783 323 Latomianuetla.
994 262 1058 330 499

134 429 223 499 eam,
254 430 286 481 ut
308 425 368 482 iam
393 443 454 483 nou
478 424 517 482 eit
539 423 649 484 modus
671 424 792 502 glossae
810 421 982 503 glomerem
1006 437 1057 482 ad-

134 506 228 586 gendi
266 514 296 564 et
329 525 390 566 noe
410 508 440 565 iu
464 508 675 567 confusionem
699 505 860 567 verborum
883 504 1058 565 conlustrar-

136 607 218 648 mam
244 589 383 649 trahendi
396 623 420 667 ,⁴
437 588 538 649 donec
553 636 554 643 r
567 608 691 670 prorsus
720 588 795 649 nibil
818 587 1056 649 Obrietiunerum

134 691 235 731 rerum
259 671 389 751 amplius
412 690 621 750 nosceremus,
644 680 674 733 et
694 674 755 735 iam
770 672 900 752 gentiles
921 673 1056 733 insaniae

135 756 249 815 nostrie
272 773 361 833 parea
384 761 416 815 et
437 756 526 815 utiles
549 755 778 818 arbitraremur..

218 837 281 898 leta
301 838 449 898 scandala
472 846 501 897 et
524 839 649 898 excelsa
672 837 808 898 tollenda
829 846 910 914 eunt,
932 845 964 897 et
986 840 1056 899 viae

134 919 227 1000 Bion,
252 939 332 999 quae
355 921 405 981 diu
427 923 503 981 satie
524 921 684 998 luxerunt,
723 921 888 999 aliquando
912 921 1057 981 terendae

134 1005 261 1081 iterum,
294 1022 332 1064 ao
363 1022 441 1084 puro
473 1023 531 1064 noa
554 1007 653 1064 tritico
687 1005 834 1084 simplicia
857 1010 888 1063 et
917 1005 1055 1064 sincerae

136 1086 314 1167 scripturae
335 1086 492 1168 pascendi.
538 1088 632 1147 Vides
655 1088 734 1146 enim
772 1095 802 1146 et
823 1086 874 1146 bio
895 1085 1055 1148 Latomun

135 1171 238 1231 omnia
260 1169 372 1250 gloeeie
394 1169 551 1230 bominum
574 1171 691 1230 incerta
712 1169 831 1248 fucare,
865 1177 987 1248 praeter
1008 1189 1055 1245 ea,

135 1271 216 1331 quae
237 1261 309 1312 eunt
328 1252 487 1313 hominum
510 1259 541 1313 et
562 1253 837 1333 pbilosophomm,
869 1251 949 1311 adeo
971 1261 1005 1312 ut
1026 1262 1056 1312 et

135 1335 217 1396 hunc
239 1335 341 1396 locum
364 1337 448 1396 Pauli
473 1335 634 1416 dupliciter
656 1354 812 1416 exponere
835 1334 927 1394 licere
960 1343 1056 1414 putet,

135 1418 320 1480 de-homine
342 1420 398 1478 aab
420 1420 499 1498 lege,
522 1418 571 1479 vel
593 1419 631 1479 de
653 1419 777 1479 bomine
799 1416 859 1477 aab
877 1419 985 1496 gratia.
1015 1419 1057 1478 At

136 1502 198 1562 bac
217 1510 264 1562 eet
286 1502 362 1562 nihil
385 1501 518 1579 dooere,
541 1501 596 1562 aed
620 1504 738 1562 animae
761 1500 957 1564 confundere.
996 1501 1054 1561 Ne-

135 1585 228 1664 'andi
251 1592 281 1644 et
303 1585 487 1664 reprobandi
509 1604 633 1664 promus
657 1592 744 1664 eunt,
780 1584 831 1663 qui
854 1583 982 1644 Paulum
1007 1585 1055 1644 bie

135 1670 176 1729 de
193 1668 320 1728 bomine
340 1667 396 1727 eub
419 1668 489 1747 lege
510 1669 594 1747 loqui
618 1667 779 1746 affirmant,
802 1682 870 1726 oum
894 1667 987 1727 verbu
1009 1686 1055 1727 aa·

135 1753 176 1812 tia.
202 1753 263 1810 rint
294 1759 400 1831 aperta
439 1761 470 1811 et
492 1752 590 1829 clara,
626 1750 709 1830 quod
742 1750 911 1810 delectetur
932 1753 962 1810 in
986 1751 1054 1831 lege

134 1834 191 1894 Dei
236 1843 268 1895 et
297 1837 411 1895 serviat
441 1843 543 1894 mente
564 1834 626 1912 legi
649 1833 724 1911 Dei,
757 1831 840 1912 quod
863 1833 936 1892 nulli
958 1834 1053 1915 impio

133 1925 235 1997 potest
256 1917 416 1996 quadrare,
439 1919 492 1996 qui
513 1918 585 1978 totis
608 1916 721 1976 viribus
738 1922 891 1996 repugnat
911 1915 972 1994 legi
988 1916 1056 1995 Del,

133 2002 212 2083 siout
232 2001 334 2080 capite
355 2004 384 2065 3.
407 2008 437 2060 et
458 2005 488 2065 b.
506 2000 663 2062 docuerat.
708 2000 808 2059 bleum
822 1997 984 2058 eonsilium
1007 2003 1054 2076 sit,

133 2085 183 2163 qui
206 2101 311 2143 caerae
345 2083 447 2143 literae
479 2102 542 2144 nou
565 2090 668 2164 potest
690 2093 774 2144 certo
809 2100 901 2141 aenea
939 2090 1055 2164 tenere,

133 2186 187 2228 eae
199 2165 340 2226 dimittat.
361 2167 468 2227 Tutius
483 2176 530 2226 eat
542 2187 610 2228 cum
620 2166 718 2229 Laicis
732 2168 875 2246 ignorare
885 2184 948 2242 cae,
962 2172 1054 2244 quenl

132 2254 267 2310 incertae
279 2249 402 2311 babere.
425 2250 606 2310 incredibile
620 2257 676 2328 est,
691 2258 821 2329 quantae
836 2248 992 2309 molestiae
1007 2267 1055 2310 ea·

133 2347 261 2414 reaper
281 2353 334 2393 eae
356 2333 449 2393 saciat
464 2335 623 2410 morituro,
645 2335 671 2393 ai
693 2332 853 2412 ambiguae
874 2331 997 2407 habeat,
1021 2340 1056 2394 ut

135 2416 297 2497 Sopbietae
319 2418 350 2476 in
373 2417 434 2477 boo
447 2418 611 2477 suscitatos
625 2423 729 2495 putem
751 2413 923 2495 adiabolo⁷
946 2423 979 2475 ut
1001 2434 1055 2476 eea
1082 2461 1085 2475 .

135 2501 280 2561 incertae.
302 2500 417 2561 faciant
438 2497 746 2579 aequivocationibus
769 2504 799 2557 et
821 2496 958 2557 ludibriis
981 2500 1055 2560 anie.

181 2638 182 2641 ,
216 2581 398 2658 Quaerimus
422 2586 513 2664 igitur
534 2584 597 2642 bie:
631 2581 690 2642 Ubi
718 2588 763 2640 eat
794 2580 845 2639 ille
867 2581 1055 2642 testimonio

133 2687 198 2728 rum
222 2668 424 2748 ponderator,
459 2669 509 2745 qui
538 2668 687 2726 rationem
720 2662 848 2722 reddere
875 2662 971 2723 voluit
998 2683 1055 2743 pro

132 2751 375 2813 Lovanienaibue
389 2748 614 2828 Magistralibua
628 2746 759 2807 noetrie?
782 2745 893 2806 Nonne
906 2745 1055 2825 ipeenibil

134 2837 210 2895 certi
232 2834 361 2895 uenerit?
405 2833 515 2892 Nonne
547 2832 645 2891 solum
672 2830 737 2890 boc
758 2830 842 2909 agit,
875 2838 908 2888 ut
930 2827 1056 2891 Lutberi

133 2919 287 2978 sententia
308 2917 347 2976 eit
368 2924 476 2976 contra
498 2933 585 2974 auam
608 2914 732 2974 dubiam
761 2911 970 2973 sententiam?
991 2941 993 2946 ·
1014 2913 1057 2973 At

134 3002 193 3079 illi,
219 3001 274 3079 qui
305 3000 529 3060 damnaverunt
550 3007 581 3057 et
612 3003 808 3074 exuererunt,
841 2995 893 3055 alii
925 2995 1056 3075 luerunt,

133 3103 249 3165 nempe
268 3083 319 3162 qui
341 3083 504 3143 voluerunt
525 3101 615 3141 auam
635 3077 800 3158 assertum,
823 3084 939 3138 certam
961 3087 994 3139 at
1013 3081 1056 3139 in·

132 3167 290 3228 fallibilem
312 3168 495 3242 sententiam
518 3184 597 3240 esee,
620 3171 735 3223 utnon
759 3162 858 3222 colum
870 3162 981 3242 poeait,
1001 3162 1056 3223 aad

133 3251 245 3311 debeat
266 3267 390 3330 quoque
423 3250 470 3307 aio
491 3248 560 3308 dici.
606 3248 643 3307 et
678 3266 734 3327 pro
763 3246 811 3306 bie
840 3247 958 3306 miserie
980 3246 1056 3307 nibil

133 3334 268 3413 loquitur
287 3333 444 3408 Latomue,
466 3350 606 3412 cumpro
628 3333 665 3389 iia
683 3330 757 3390 solie
774 3330 858 3408 loqui
871 3331 1054 3410 promiserit,

133 3417 213 3478 adeo
228 3417 343 3496 fidene,
367 3424 399 3475 ut
420 3415 597 3495 pudendum
620 3414 755 3489 iactarit,
777 3415 807 3472 in
831 3428 865 3470 re
886 3421 947 3473 tam
971 3422 1055 3473 certa

132 3501 282 3561 rationem
304 3505 420 3580 petere.
465 3499 543 3575 Sed,
576 3497 710 3575 uldini,
749 3514 810 3555 non
836 3513 910 3554 auae
931 3497 1043 3556 rationi

132 3583 188 3644 aed
212 3584 317 3643 Rullue
340 3584 403 3642 nixi
427 3589 506 3660 eunt,
530 3589 561 3642 ut
583 3580 731 3641 auderent
742 3577 876 3659 prodire,
893 3597 956 3638 ‘nec
973 3532 1057 3638 alind

132 3667 320 3747 prodeuntes
331 3665 529 3745 quaerebant,
547 3683 641 3744 quam
654 3671 685 3723 ut
696 3663 869 3743 Scripturas
883 3662 1056 3722 lacerarent

132 3757 166 3812 et
181 3769 231 3812 oe.
244 3750 309 3814 orbi
332 3750 504 3812 oblinerent
525 3759 594 3809 oum
616 3765 687 3807 auo:
717 3745 822 3806 Potest
844 3745 983 3892 {issrdid‘
1023 3743 1057 3807 Si
