2392 4170
146 175 214 304 376
376 234 856 306 marcomannorum

151 414 208 455 nec
230 412 386 466 accusare,
409 410 466 452 nec
487 393 640 471 corrigere
661 398 826 471 peccantes
848 388 900 449 ulii
922 388 994 450 iicet
1014 391 1074 450 nisi

152 497 261 559 papae,
284 477 335 556 qni
359 494 416 535 nec
437 476 462 535 si
487 476 559 535 velit
581 481 696 554 posset,
712 493 793 534 nuuc
812 481 915 534 autem
928 492 987 534 nec
1000 473 1074 536 ruit.

135 561 230 624 ,Hinc
252 559 403 639 prodeunt
431 559 518 636 quasi
552 578 591 618 ex
625 557 716 637 adipe
753 559 927 637 iniquitates
956 574 1074 635 eorum,

152 645 223 704 hinc
250 651 371 722 stupra,
408 641 573 717 adulteria,
595 642 830 715 fornicationes,
851 639 1074 717 immunditiae,

151 728 288 799 avaritia,
311 727 403 801 fraus,
426 724 514 784 dolus
543 731 574 784 et
594 725 769 784 universum
793 725 888 784 chaos
910 723 1074 800 scelernm,

152 828 214 870 non
237 810 336 869 solum
359 808 526 884 abundant,
548 807 601 867 sed
624 818 754 885 regnant
773 809 899 887 impune
927 806 1013 867 nullo
1041 809 1075 866 ti-

154 911 240 953 more
272 911 372 970 neque
404 892 460 951 Dei
490 908 590 969 neque
620 890 787 952 bominum.
832 890 921 966 Quod
952 891 977 949 si
1007 892 1075 970 quis

156 995 211 1036 eos
234 976 387 1054 corripiat,
410 974 460 1033 hic
481 974 648 1053 sacrilegus
669 975 699 1034 in
723 972 916 1055 privilegia1)
933 981 1077 1056 papaaet

156 1060 259 1120 laesae
283 1059 450 1118 maiestatis
472 1077 541 1117 reus
563 1064 620 1118 est.
642 1054 712 1117 Huc
734 1060 886 1135 pertinent
905 1057 958 1116 iila
975 1075 1075 1117 sacra-

153 1143 269 1202 tissima
288 1140 404 1201 iurade
426 1140 492 1199 ioro
515 1142 701 1218 competenti
725 1147 756 1200 nt
777 1139 1075 1219 omniaiiia,quibns

154 1226 252 1285 clerus
275 1225 418 1285 eximitur
439 1245 456 1283 a
479 1225 625 1283 laicorum
658 1225 871 1299 accusatione,
904 1222 1019 1284 indicio
1045 1231 1076 1282 et

157 1308 301 1383 vindicta,
324 1326 392 1366 cum
415 1306 556 1367 omnibns
579 1325 658 1384 quae
679 1306 803 1367 habent.
846 1305 987 1385 Denique
1010 1324 1077 1366 usu-

156 1411 217 1467 ras,
238 1390 375 1466 fraudes,
408 1391 530 1468 rapinas
553 1389 624 1449 iecit
658 1391 701 1448 eis
734 1390 833 1449 licitas
865 1389 1076 1450 sanctissimus

154 1471 265 1537 christi
288 1472 495 1543 adversarius,
519 1472 588 1531 dum
612 1472 650 1532 ad
673 1472 787 1533 cultum
810 1471 867 1532 Dei
901 1472 1076 1553 augendum

155 1557 269 1618 reditus
295 1558 427 1635 iniquos,
450 1562 624 1616 contractus
646 1555 778 1626 iiiicitos,
801 1557 924 1636 rapinas
946 1555 1078 1616 donatas

155 1640 287 1700 admittit
300 1641 475 1718 etgratiose
490 1638 647 1719 dispensat
668 1658 724 1717 pro
744 1639 916 1717 apostolica
940 1639 1077 1718 benigni-

156 1730 229 1786 tate.
274 1723 319 1782 De
341 1721 499 1793 ,coelibatu
523 1741 606 1802 vero,
629 1724 751 1800 quantis
769 1723 958 1800 peccat-isat
980 1721 1078 1802 perdi·

156 1804 438 1886 tionibusaugendis
449 1810 586 1885 repertus
601 1825 619 1865 a
635 1811 744 1865 satana
766 1807 813 1879 sit,
835 1805 911 1864 alias
933 1805 1078 1866 diximus.

239 1889 286 1948 An
310 1888 458 1948 habemus
480 1887 571 1947 finem
599 1888 686 1947 huius
709 1887 834 1947 tartari?
876 1887 988 1948 Nonne
1010 1887 1079 1949 sola

155 1973 336 2049 iuramenta,
359 1970 468 2050 quibus
483 1971 665 2050 Epimenes,
688 1970 881 2047 Sacerdotes,
896 1971 1078 2049 Monaohos,

158 2055 325 2134 Principes,
346 2053 530 2113 Academias
553 2054 690 2127 invoivit,
712 2061 855 2133 poterant
884 2073 952 2113 eum
975 2053 1079 2114 facere

61 2206 67 2218 ἱ
157 2138 310 2197 hominem
334 2139 452 2214 peceati
476 2144 505 2195 et
527 2135 620 2196 fliium
649 2136 850 2215 perditionis?
894 2135 969 2212 Quis
996 2138 1077 2196 enim

157 2222 206 2279 iric
228 2220 359 2299 periuria
380 2220 559 2278 recenseat?
588 2239 656 2278 curn
680 2238 770 2279 nemo
792 2220 856 2279 fere
878 2221 931 2294 sit,
962 2220 1013 2298 qui
1038 2238 1077 2279 ex

156 2303 259 2362 animo
282 2304 369 2380 iuret,
393 2311 424 2362 et
445 2309 546 2362 tamen
563 2303 662 2361 iurare
686 2303 816 2379 cogitur,
838 2304 903 2361 sine
922 2303 1005 2362 omni
1027 2322 1081 2363 ne-

158 2386 302 2445 cessitate
324 2384 439 2462 salutis,
461 2386 491 2444 id
516 2392 572 2461 est,
594 2404 705 2444 nomen
729 2385 786 2445 Dei
809 2387 837 2444 in
862 2404 971 2444 vanum
995 2404 1081 2446 assu-

156 2487 247 2529 mere.
292 2466 381 2543 Quod
405 2469 484 2528 enirn
508 2468 609 2528 cordis
632 2467 742 2527 affectu
775 2487 836 2528 non
860 2467 909 2544 fit,
946 2487 1026 2529 vane
1049 2478 1081 2529 et

157 2571 225 2612 cum
247 2559 377 2631 peccato
400 2550 442 2611 fit.
486 2550 536 2611 Sic
570 2553 650 2610 enirn
685 2551 829 2610 facierum
864 2569 991 2631 regnum
1013 2569 1077 2612 non

157 2635 255 2695 solnm
280 2634 381 2694 valere
404 2633 507 2693 debuit
529 2634 566 2693 ad
590 2634 771 2693 uastandam
796 2633 964 2709 [idem‚sed
984 2635 1077 2696 etiam

156 2718 195 2778 ad
217 2717 391 2796 perdendos
414 2719 546 2796 optimos
571 2736 682 2792 mores,
705 2724 738 2776 ut
761 2717 834 2776 nihil
863 2717 1013 2795 reliquum
1035 2717 1078 2778 fa·

158 2809 241 2862 caret
268 2820 328 2860 non
358 2806 520 2860 vastatum.
564 2799 602 2858 Et
625 2803 727 2860 tamen
749 2800 828 2858 haec
856 2800 960 2859 omnia
992 2819 1080 2860 exse·

158 2884 329 2944 cratissima
352 2889 488 2942 monstra
511 2883 689 2942 tenuissimo
712 2883 856 2942 facierum
879 2883 950 2942 inco
974 2889 1079 2963 tegere

158 2968 296 3045 tuerique
319 2964 465 3025 adversus
490 2985 610 3024 omnem
637 2967 776 3025 virtutem
800 2973 861 3025 tarn
879 2964 962 3026 verbi
985 2985 1078 3045 quam

156 3049 236 3123 ferri,
258 3057 291 3108 ut
313 3055 394 3108 esset
415 3068 470 3108 rex
494 3049 654 3120 facierum,
689 3060 855 3107 monstrum
886 3049 1025 3108 ultimum
1048 3058 1078 3109 at

160 3129 251 3190 finale
273 3130 387 3208 mundi,
411 3142 549 3209 paratum
575 3132 612 3190 ad
636 3151 780 3209 magnum
805 3130 970 3191 adventum
995 3131 1079 3194 Chri-

157 3217 205 3289 sti,
229 3217 257 3273 in
282 3233 342 3292 quo
365 3234 508 3293 magnam
532 3234 617 3274 snam
642 3216 782 3273 virtutem
812 3213 948 3274 Christus
977 3222 1080 3275 osten·

72 3319 80 3331 ·
159 3296 243 3356 deret
264 3297 293 3356 in
318 3296 526 3376 magnitudine
550 3300 676 3356 monstri
698 3297 797 3360 huius.

243 3378 358 3440 Omitto
393 3379 451 3455 hio,
475 3399 553 3457 quae
590 3383 619 3438 in
642 3389 840 3460 praeceptum
873 3388 1013 3458 quartum
1048 3389 1081 3440 et

158 3463 295 3540 quintum
328 3471 358 3522 et
390 3464 551 3542 septimum
585 3471 616 3522 et
652 3471 795 3523 octavum
824 3470 933 3542 peccet
960 3461 1080 3525 infinita

234 3733 259 3792 t)
279 3728 310 3783 In
329 3729 371 3783 ed.
389 3728 466 3787 len:
484 3731 512 3781 in
532 3728 687 3798 privilegio.
