2392 4170
365 270 525 326 >sturnorum
542 269 654 327 cauo.
671 286 696 326 a
714 269 791 334 sear.
809 282 823 314 -·
995 263 1057 333 ott

131 421 293 485 fflitDcns
313 428 523 505 operationem
545 428 666 503 erroris,
689 431 724 488 nt
737 425 865 487 credant
885 423 1058 501 mendacio,

132 505 360 569 etiudicentur
381 528 505 589 omues,
541 512 591 591 qui
624 529 687 572 non
715 509 908 575 crediderunt
928 508 1058 586 veritati,

132 589 192 652 sed
219 600 448 653 &consenserunt
481 595 643 673 iniquitati.
698 593 779 655 Satis
820 587 988 673 Apostolus
1020 591 1058 650 iis

133 672 236 735 verbis
272 674 422 757 explicat,
461 678 567 756 quales
604 679 665 739 sint
694 677 766 738 illae
796 677 972 755 iniquitates
1002 682 1057 734 std

133 760 407 840 trangressiones.
452 761 536 838 Quas
559 768 589 821 at
607 760 714 822 Daniel
731 760 882 822 Hebraico
897 757 1057 818 Peschaim

131 841 247 921 insigni
274 843 463 922 proprietate
486 851 516 905 et
537 845 674 925 emphasi
698 850 806 918 vocat,
833 861 913 921 quae
934 841 1058 920 propris

134 926 381 1005 praevaricatio,
402 929 620 1008 transgressio,
647 927 794 988 discessio
815 925 886 985 fldei
909 932 964 986 est.
1007 922 1062 986 Sic

63 1020 66 1023 ’
131 1007 165 1073 4.
193 1006 269 1088 Ragr
292 1008 321 1072 1.
351 1013 578 1089 praevaricatus
611 1019 658 1071 est
685 1009 776 1071 Moab
806 1009 845 1070 ab
871 1006 975 1069 Israel.
1019 1007 1059 1068 ht

131 1089 289 1154 idaciani:
304 1091 396 1152 Filios
410 1094 539 1154 enutrivi
549 1094 732 1171 etcxeltavi,
747 1093 805 1172 ipsi
817 1100 917 1153 autem
930 1108 1056 1171 praeva-

132 1173 219 1234 ricati
232 1181 303 1234 suut
313 1195 332 1235 a
343 1195 401 1237 me.
425 1176 511 1239 Sicut
527 1183 557 1238 et
569 1177 680 1238 Psalm.
694 1182 722 1242 5.
736 1177 860 1238 dieitur:
883 1173 1057 1235 Secundum

133 1256 359 1318 multitudinem
388 1260 577 1340 impietatum
608 1279 715 1321 eorum
743 1257 864 1339 expelle
898 1276 963 1320 eos.
1020 1257 1059 1317 Et

131 1339 250 1400 Paulus
275 1340 337 1401 hoc
364 1342 435 1403 loeo
463 1342 623 1404 abundans
653 1343 741 1418 dicit,
775 1360 831 1402 eos
862 1340 1058 1400 dilectionem

133 1423 270 1483 venetis
291 1444 352 1485 non
376 1433 564 1507 recepturos,
587 1428 659 1486 item
672 1426 792 1487 veritati
805 1443 867 1484 oon
880 1422 1059 1500 credituros,

133 1505 304 1567 credituros
327 1515 429 1568 sutem
453 1509 630 1588 mendacio,
659 1509 785 1590 omnino
814 1508 920 1567 vitium
950 1505 1060 1566 doctri-

133 1608 258 1664 narum,
281 1592 479 1670 opinionum,
511 1592 582 1652 fldei
611 1599 642 1652 et
668 1592 845 1672 apostasiae
871 1588 1059 1670 significans,

132 1673 214 1733 siout
245 1680 276 1732 et
297 1673 464 1753 praedixit,
501 1676 559 1735 nisi
591 1676 721 1755 primum
754 1673 872 1735 venerit
900 1673 1057 1734 discessio.

133 1754 176 1815 Et
196 1754 225 1818 1.
247 1755 380 1818 Timoth.
398 1760 434 1821 4:
457 1758 586 1838 Spiritus
608 1758 769 1818 manifeste
791 1757 879 1817 dicit:
903 1756 935 1816 ln
957 1755 1059 1815 novis·

132 1837 218 1898 simis
241 1840 430 1920 temporibus
452 1841 611 1903 discedent
623 1840 746 1920 quidam
770 1860 790 1900 a
810 1838 881 1915 fide,
903 1837 1060 1898 attenden-

132 1927 180 1980 tes
202 1922 358 2001 spiritibus
380 1925 490 1984 erroris
512 1933 571 1985 etc.
613 1925 653 1985 Et
666 1926 792 1986 iterum:
817 1923 987 1983 Averitate
1008 1935 1058 1982 au·

133 2003 230 2064 ditum
252 2011 400 2067 avertent.
444 2007 611 2068 Veritatem
625 2009 704 2068 enim
727 2006 869 2069 hocloco
892 2023 949 2064 suo
973 2014 1059 2065 most

132 2086 270 2166 appellat
290 2087 382 2148 fldem
395 2089 516 2169 Christi,
537 2091 620 2170 quod
644 2095 675 2151 et
690 2088 831 2150 Hebraea
852 2087 956 2168 lingua
977 2086 1059 2163 facit,

137 2168 327 2250 distinguens
349 2174 507 2233 veritatem
529 2192 584 2254 per
607 2174 769 2234 antithesin
793 2171 832 2232 ab
854 2170 1010 2251 hypocrisi
1027 2176 1059 2230 at

133 2253 238 2332 specie
270 2254 409 2333 pietatis,
443 2257 522 2317 sicut
551 2256 649 2336 Ephe.
679 2256 714 2320 4:
752 2257 919 2316 Veritatem
956 2260 1058 2313 autern

132 2335 280 2397 iacientes
309 2355 482 2398 crescamus
514 2341 543 2399 iu
573 2339 668 2399 ilium.
712 2340 753 2399 Et
778 2340 918 2412 iterumt,
941 2336 1058 2397 induite

132 2417 289 2479 hominem
312 2439 442 2499 novum,
470 2423 521 2501 qui
550 2421 718 2483 secundum
740 2422 838 2482 Deum
868 2425 988 2480 creatus
1012 2424 1060 2479 est

133 2502 163 2560 in
186 2502 303 2562 iustitia
324 2511 355 2564 et
376 2506 538 2565 sanctitate
561 2505 711 2575 veritatis,
732 2506 837 2583 ntique
858 2502 1004 2562 iustitiam
1027 2507 1060 2564 et

133 2584 326 2728 aanptitstam
355 2589 499 2648 vanitatis
521 2595 552 2647 et
583 2588 745 2667 speciosae
766 2586 991 2665 superstitionis
1013 2601 1058 2645 re

133 2685 191 2747 pro
213 2686 279 2728 ans.
868 2701 871 2705 .
1039 2698 1041 2703 v

217 2750 351 2811 Omnino
373 2753 465 2832 igitur
476 2752 635 2812 Paschairu
649 2752 756 2812 Daniel
770 2758 862 2812 vocat
882 2769 945 2811 uon
967 2767 1059 2830 quae·

133 2831 367 2912 libet-peccate,
390 2835 443 2895 sed
466 2836 609 2915 speciosa
630 2834 694 2912 iiia,
715 2848 796 2914 quae
818 2833 966 2895 adversus
982 2835 1058 2893 veri-

133 2920 230 2977 tatem
253 2922 285 2976 et
306 2916 396 2977 iidem
419 2925 568 2998 puguant,
590 2917 620 2978 id
640 2923 696 2992 est,
716 2918 821 2997 qualia
843 2917 1059 2978 nuntiussttias

133 3016 273 3078 operum,
295 3002 536 3080 superstitiones,
558 3002 761 3077 ceremoniae,
783 3019 838 3080 par
853 3018 930 3080 quas
952 2997 1059 3076 aiide',

133 3099 214 3159 quae
237 3081 305 3142 sola
328 3101 401 3145 vere
427 3083 573 3145 iustificat
600 3092 631 3144 et
663 3083 849 3159 sanctificat,
884 3082 1058 3160 disceditur,

134 3164 212 3225 dont
227 3164 346 3225 ,Paulus
369 3164 489 3228 Coloss.
512 3169 540 3230 3.
564 3174 594 3228 et
615 3166 717 3227 multis
740 3167 808 3228 aliis
821 3167 898 3226 locis
920 3182 1059 3246 prasinos

133 3253 194 3315 net.
238 3246 279 3308 Et
300 3247 360 3309 hoc
381 3248 512 3327 indicat,
541 3250 624 3329 quod
652 3268 706 3311 eos
734 3251 892 3311 caumtsrn
920 3249 1058 3310 veritatis

133 3347 195 3390 non
218 3338 399 3410 recepturos
418 3332 581 3411 praedicit,
608 3333 639 3393 id
663 3339 725 3412 est,
746 3352 808 3394 uon
832 3331 961 3412 diligent
981 3332 1058 3393 veri»

133 3418 243 3489 tatem,
272 3431 352 3492 quae
374 3420 423 3474 est
441 3417 471 3474 in
494 3414 571 3496 tide,
602 3415 656 3476 sed
684 3434 753 3477 eum
775 3415 845 3476 fliiis
867 3415 963 3477 Israel
985 3433 1057 3475 nau·

132 3495 265 3557 scabunt
285 3508 378 3576 super
399 3496 469 3559 cibo
490 3499 550 3560 isto
571 3498 744 3574 levissimo,
765 3506 796 3560 et
818 3515 925 3560 omnes
946 3514 1057 3559 coneo

132 3577 267 3657 piscent,
296 3579 326 3639 id
349 3586 413 3656 est,
445 3580 484 3641 ad
513 3580 631 3643 fabulas
654 3588 689 3643 et
705 3583 855 3643 humanas
878 3580 1058 3642 traditiones

133 3667 361 3723 convertentur.
416 3662 519 3739 Quare
553 3664 609 3725 has
646 3665 823 3744 iniquitates
855 3681 980 3744 prorsus
1002 3662 1057 3724 ‚ad

132 3743 233 3805 nultos
252 3744 372 3826 priscos
404 3746 577 3810 haereticos
598 3746 710 3811 reterre
728 3766 913 3830 possumus,
939 3747 996 3808 sed
1016 3745 1056 3807 ad
