2392 4170
431 266 537 326 -Doet
557 266 636 328 llart.
656 264 733 330 Lutlr.
988 265 1052 335 363

136 439 360 520 minem-esee,
384 448 414 501 et
435 442 542 501 melius
565 439 640 518 lieri,
658 442 687 499 ei
711 442 798 521 virgo
821 458 883 500 non
906 436 1053 517 tradetur,

134 525 272 602 quamsi
300 523 445 586 tradatur.
489 521 609 585 Soimus
643 525 723 583 enim
753 535 784 582 el
811 542 867 584 noa
895 524 925 583 in
960 522 1053 584 domo

134 606 230 667 Patris
252 624 321 667 esee
344 609 520 667 mansiones
542 605 701 681 multae*)
736 616 766 665 et
787 607 907 666 niellam
931 605 1053 667 differre
1080 672 1082 678 ,

133 708 152 753 a
173 689 314 749 stellein
337 689 493 770 claritate,
523 699 554 750 et
580 707 828 769 unumquemque
856 699 1052 768 aceeptnrum

134 771 307 832 mercedem
331 772 497 833 seeundum
521 791 608 832 suum
629 773 764 833 letiorem
778 771 847 853 **).
878 771 957 847 Quin
977 773 1052 834 Pau·

134 853 261 929 lue***)
283 856 480 937 presbyteros
502 859 530 916 in
556 858 649 916 verbo
671 857 844 916 laborantes
867 856 982 936 duplioi
1000 859 1052 918 ho·

133 956 209 998 nore
223 938 333 1018 dignos
348 939 430 1002 feeit.
464 939 502 999 m
518 947 551 1000 ut
561 939 600 1000 ad
616 939 741 1000 Esaiam
754 940 921 1015 veniamus,
945 958 1052 1000 ooneo·

133 1023 211 1082 latur
234 1022 383 1083 Dominus
404 1023 561 1083 eunuchos
583 1023 792 1103 evangelieoa,
815 1041 854 1083 ne
877 1024 1055 1084 existiment

133 1123 203 1164 aeae
224 1104 298 1165 nihil
320 1124 398 1185 eoae,
421 1107 446 1165 si
469 1125 530 1167 non
553 1114 716 1186 generent,
739 1105 998 1184 quemadmodum
1020 1109 1051 1167 in

132 1187 213 1269 Lege
234 1187 399 1250 maledieta
426 1197 492 1250 erat
513 1191 659 1267 castitas,
683 1190 814 1269 abrogat
841 1191 945 1269 itaque
973 1190 1054 1250 hano

132 1270 379 1332 maledietionem
424 1280 455 1332 et
493 1272 581 1334 dieit:
614 1272 653 1332 Et
682 1291 744 1333 non
768 1275 849 1332 dieat
869 1271 1052 1333 Dunuehns:

131 1354 214 1414 Deoe
241 1373 300 1435 ego
333 1355 448 1435 lignum
468 1357 598 1416 -eridum
621 1366 679 1419 elo.
710 1355 828 1416 Deinde
862 1374 923 1416 non
949 1355 1052 1417 laudat

130 1436 243 1498 nudam
267 1439 456 1515 castitatem,
480 1457 538 1500 neo
570 1458 638 1499 eam
672 1438 794 1499 extollit
822 1458 914 1519 super
936 1439 1051 1518 omniu,

131 1523 210 1581 siout
232 1523 328 1582 nostri
350 1521 474 1601 faciunt,
496 1521 550 1582 sed
574 1520 667 1582 dieii:
691 1521 770 1597 Quia
799 1521 877 1582 liaeo
898 1523 972 1583 dioit
988 1521 1049 1583 Do·
1088 1532 1091 1537 '

131 1606 230 1664 minus
253 1606 416 1683 eunuchis,
437 1606 488 1684 qui
509 1605 711 1666 custodierint
740 1605 868 1665 sabbata
905 1625 975 1666 mea
1020 1612 1051 1665 el

130 1689 287 1767 elegerint,
310 1706 389 1767 quae
411 1689 575 1768 egovolui,
598 1696 630 1749 et
649 1687 920 1749 tenuerintloedua
941 1708 1053 1770 meum,

131 1772 212 1832 dabo
234 1773 277 1831 eie
299 1772 330 1832 in
358 1770 451 1832 domo
475 1790 544 1832 mea
571 1778 603 1832 et
633 1772 664 1831 iu
688 1773 779 1832 morie
802 1773 878 1833 meis
900 1772 1001 1833 loeum
1024 1781 1054 1832 et

132 1866 245 1915 nomen
268 1854 375 1915 melina
404 1873 422 1915 a
451 1854 520 1915 llliia
543 1861 574 1916 et
594 1852 731 1935 flliebua,
760 1870 874 1916 nomeu
898 1859 1055 1937 sempiter-

132 1958 203 1999 num
227 1937 307 1998 dabo
330 1940 384 2018 eie,
407 1938 496 2017 quod
512 1957 574 2000 non
592 1936 712 2019 peribit

216 2020 309 2082 Vides
331 2021 382 2083 hio
402 2023 573 2084 caetitatem
597 2021 729 2104 laudari,
758 2028 791 2082 ut
820 2021 911 2102 longe
940 2021 1056 2101 praele-

132 2113 215 2165 ratur
237 2104 377 2165 custodia
399 2106 595 2167 sabbatorum
618 2105 699 2184 Dei,
728 2105 839 2166 electio
862 2105 1053 2166 voluntatum
1074 2144 1080 2149 -

86 2208 89 2212 ·
134 2189 188 2248 Dei
212 2198 243 2246 et
264 2187 438 2249 observatio
460 2189 593 2251 foederis
610 2189 755 2268 Domini,
778 2207 857 2269 quae
879 2189 1054 2250 eommunia

133 2276 203 2330 suut
227 2267 378 2346 omnibus,
400 2272 466 2332 eine
488 2271 596 2352 quibua
617 2273 691 2333 nihil
713 2292 782 2334 ease
802 2274 974 2334 caetitatem
999 2272 1054 2331 uli-

134 2373 193 2434 que
216 2351 362 2430 sequitur.
391 2352 521 2415 Proinde
542 2355 592 2421 hio
615 2356 702 2415 loeus
724 2362 756 2416 et
776 2355 972 2434 hoonomen,
990 2373 1056 2416 rne-³

135 2437 192 2497 lina
219 2455 237 2496 a
265 2433 335 2495 filiis
363 2445 393 2494 et
414 2434 550 2517 filiabus,
577 2437 705 2518 intelligi
736 2437 817 2498 aliud
844 2458 907 2500 non
940 2446 1053 2519 polest,

133 2539 224 2600 quam
249 2519 331 2580 dona
343 2536 412 2579 ease
429 2518 550 2581 diversa
572 2527 604 2581 et
619 2522 736 2580 maiora
755 2519 862 2588 aliia1)
889 2523 969 2582 inter
985 2539 1055 2582 aeae

132 2607 162 2665 in
186 2603 280 2664 domo
302 2602 370 2682 Dei,
391 2602 469 2663 siout
491 2610 523 2664 et
544 2602 656 2665 Paulus
677 2603 746 2683 plus
761 2604 871 2663 celeria
893 2603 1054 2677 laboravit,

134 2690 178 2748 ita
200 2687 358 2768 virginitas
381 2693 413 2746 et
434 2687 559 2747 caelites
572 2687 689 2748 maiora
711 2703 806 2766 opere
828 2692 859 2746 et
880 2686 1055 2748 donarunt

134 2773 289 2850 coniugio.
334 2769 372 2830 Di
395 2789 467 2830 vere
489 2779 560 2830 eunt
581 2770 707 2831 nomina
728 2777 760 2828 et
782 2768 851 2828 loen
872 2770 952 2830 inter
973 2766 1054 2830 fllioe

135 2862 166 2915 et
187 2853 264 2914 filiae
299 2863 329 2914 et
359 2853 439 2914 inter
460 2871 528 2914 aeee
549 2855 581 2915 in
605 2853 699 2914 domo
722 2851 852 2913 meliora
874 2861 906 2914 et
927 2853 1055 2928 maiora,

135 2937 189 2998 aed
213 2940 291 2998 inter·
312 2934 412 2998 Deum
433 2938 533 3017 ipsum
556 2945 587 2998 et
607 2935 766 2998 eunuehoa
795 2934 911 2996 nullum
934 2943 982 2996 eat
1001 2952 1054 2996 uo·

133 3040 203 3081 men
227 3022 283 3082 nisi
307 3039 399 3081 unum
422 3029 453 3080 et
474 3038 648 3100 eommune,
672 3020 753 3098 quod
778 3029 825 3080 eat
846 3019 967 3098 (lhrieti,
994 3019 1054 3079 hoo

134 3106 213 3165 enim
237 3105 371 3165 custodit
390 3101 530 3184 sabbata,
552 3105 638 3184 eligit
657 3103 789 3184 placita,
814 3112 844 3163 et
865 3111 968 3165 servet
990 3101 1054 3163 foe·

135 3188 208 3249 dere
231 3190 369 3264 Domini,
392 3205 504 3248 nomen
534 3195 636 3249 eutem
655 3187 785 3247 ennuehi
808 3187 923 3249 nullum
945 3185 1055 3248 horum

135 3273 216 3350 loeil,
239 3271 292 3332 aed
304 3273 407 3350 polius
430 3268 517 3332 filex
538 3272 624 3351 ipsis.
658 3268 726 3331 Hoo
749 3270 842 3331 modo
864 3269 1055 3351 intelligendi

134 3362 205 3416 arrnt
226 3372 333 3415 omnes
356 3355 426 3433 loei,
448 3355 500 3434 qni
523 3354 664 3416 videntur
691 3371 784 3434 opere
806 3354 924 3416 laetare
948 3361 979 3415 et
1001 3353 1057 3413 dil·

132 3439 277 3500 fer-entiae
306 3455 442 3517 operum.
487 3437 564 3499 Nem
592 3447 624 3500 et
646 3438 756 3498 Paulus
793 3442 821 3500 1.
845 3436 981 3501 corinth.
1005 3435 1052 3502 12.

133 3521 345 3582 distinotionee
367 3521 548 3601 gratiarum,
570 3521 721 3584 donorum
736 3568 752 3603 ,¹
768 3521 981 3601 operationum
1003 3521 1054 3581 de·

138 3646 252 3657 ..ιν-ι.-

207 3720 238 3783 ‘l
264 3719 359 3776 lohan.
385 3722 427 3776 14.
475 3720 524 3791 ·*)
557 3723 579 3775 l.
604 3720 666 3777 Dor.
695 3723 737 3795 15,
790 3719 856 3786 m)
886 3717 1055 3777 111115.

136 3795 169 3857 1)
190 3792 220 3848 lu
239 3793 304 3848 edit.
322 3793 431 3864 priore:
450 3790 632 3849 maternalis
650 3791 721 3849 aliia.

174 3895 257 3937 aunan
272 3897 357 3949 anau
380 3898 407 3939 a.
422 3898 450 3938 an
478 3897 520 3943 rar.
538 3896 588 3940 noe
608 3897 622 3938 l.
644 3907 665 3947 p.
684 3896 732 3938 vn.
749 3894 778 3938 vr
917 3865 956 3929 23
