2392 4170
453 269 534 327 boet.
553 271 632 326 Mart.
648 256 728 326 nath.
993 266 1056 334 429

136 458 273 520 suaeque
299 438 495 521 ‘insipientias
522 439 645 520 fragiles
667 439 818 521 ampullas
847 456 915 499 oum
945 437 1056 501 fldueia

137 523 308 584 traducere.

218 605 327 684 ltaque
353 607 378 666 si
409 605 502 667 verba
532 607 678 666 minantia
714 615 744 667 et
775 604 906 665 ridentia
939 612 1055 684 neptes,

137 688 298 751 Lutherum
320 690 434 769 septies
457 689 529 749 vicit
551 689 618 749 Rex
640 697 784 750 assertor.
829 688 922 748 Porro
943 688 969 748 si
990 707 1054 748 rem

136 775 234 852 ipsam
258 778 390 851 spectes,
414 791 470 831 eae
492 778 563 832 sunt
579 791 689 852 nugae,
712 790 787 851 quas
805 769 894 830 nobis
916 771 976 830 iam
994 779 1054 830 tres

136 874 234 915 annos
257 855 367 915 frustra
389 856 565 915 oeoinerunt
587 856 678 915 vieini
708 854 805 914 nostri
842 853 979 932 sociique
1001 852 1055 914 Pe·

136 942 254 1017 pistae,
285 938 424 1015 seilicet,
448 938 571 997 Missam
601 957 669 999 esse
693 956 770 1018 opus
799 942 829 996 et
862 935 1055 1015 saortfioinm,

137 1024 207 1100 quia
229 1024 273 1080 sio
292 1023 384 1084 habet
407 1022 564 1080 diuturnus
587 1041 658 1081 usus
682 1021 862 1094 multorum,
885 1018 930 1078 sio
950 1015 1055 1078 Moete-

135 1108 182 1164 sia
206 1103 252 1180 (id
275 1115 331 1182 est,
355 1105 497 1163 meretrix
519 1103 728 1183 Babyloniae)
751 1104 853 1182 sentit,
876 1102 920 1160 sio
934 1109 1056 1180 oportet

136 1206 221 1260 esse,
249 1186 386 1265 Magistri
416 1186 568 1247 nostrates
603 1188 648 1246 sio
676 1185 862 1260 docuerunt,
892 1193 922 1244 et
948 1183 1053 1244 Patres

135 1273 179 1330 sie
201 1270 352 1333 dixerunt.

219 1352 276 1411 Hie
298 1359 345 1412 est
365 1352 416 1411 itte
438 1353 535 1428 furor,
563 1371 630 1431 -quo
659 1353 769 1412 insanit
799 1355 831 1410 et
861 1349 974 1410 elamat
994 1348 1056 1410 hoo

137 1436 204 1496 tneo
221 1436 315 1494 iratus
330 1435 406 1509 Rex,
430 1441 460 1495 et
482 1447 606 1514 spumat
625 1441 781 1495 oertenon
806 1433 884 1493 bene
904 1433 1054 1513 propitius
1132 1458 1135 1463 ·

135 1519 275 1588 Lutbero,
297 1521 322 1577 ai
345 1518 416 1596 quid
435 1519 495 1578 boe
518 1518 555 1577 ad
570 1519 771 1578 assertionem
786 1515 1053 1576 sacramentorum

136 1602 217 1661 valet
238 1610 269 1660 et
280 1601 443 1661 Lutherum
469 1611 581 1661 terrere
601 1607 710 1680 potest.
750 1600 902 1676 Ceterum,
925 1606 958 1659 ut-
974 1599 1055 1658 huno

135 1691 195 1743 tam
220 1692 386 1762 receptum,
410 1692 470 1743 tam
493 1684 661 1762 vulgatum,
684 1691 745 1743 tam
769 1682 946 1761 probatum,
975 1681 1055 1743 adde

134 1776 165 1826 et
197 1766 375 1845 opulentum
410 1773 440 1826 et
487 1768 710 1846 voluptuarium
751 1764 910 1825 articulum
944 1765 1054 1825 saitem

135 1868 195 1909 uno
219 1849 341 1928 spieulo
365 1848 546 1927 Scripturas
568 1856 695 1909 sanetae
717 1857 769 1910 aut
803 1847 903 1906 verbis
927 1848 984 1909 Dei
1006 1847 1053 1908 iir-

136 1939 250 2009 maret,
281 1938 333 1991 aut
362 1950 445 1991 meas
475 1931 644 2010 Scripturas
673 1931 879 2007 dissolveret,
902 1931 970 1991 Hoo
992 1949 1053 1992 non

134 2023 257 2096 oportet
279 2035 369 2090 esse,
400 2014 542 2074 beenon
569 2014 660 2075 babet
683 2013 841 2074 diuturnus
863 2032 955 2091 usus,
993 2013 1054 2074 boe

134 2118 194 2159 noo
219 2101 310 2159 sentit
333 2098 474 2175 eeclesia,
498 2098 559 2158 hoe
574 2117 636 2157 uon
661 2097 775 2157 donent
789 2097 924 2175 Magistri
939 2104 1055 2157 nostra·

135 2182 193 2254 tes,
222 2180 282 2241 hee
307 2201 372 2261 ,nou
403 2181 576 2260 pertinebat
604 2181 641 2239 ad
670 2187 853 2241 assertorem
877 2179 1055 2239 Sacramen-

135 2270 243 2323 torum.
294 2297 297 2301 ·

216 2344 331 2403 Tamen
367 2365 405 2404 ne
435 2346 509 2405 nihil
539 2345 622 2406 dieat
656 2352 716 2405 tam
747 2345 875 2425 insignis
908 2350 1052 2426 assertor,

134 2447 224 2487 unam
248 2425 336 2486 affert
352 2429 499 2487 rationem
522 2429 613 2508 piane
631 2428 886 2508 potentissimam,
909 2426 1051 2506 quahao·

134 2520 221 2571 tenus
245 2509 385 2570 omnibus
414 2511 601 2571 satisfactum
630 2520 677 2570 est
713 2506 838 2570 Missam
877 2529 945 2570 esse
975 2527 1053 2590 opus

133 2603 164 2654 et
185 2592 377 2653 saerifioium.
421 2592 467 2651 Ea
489 2599 536 2652 est
556 2593 721 2654 eiusmodi:

215 2675 246 2735 Si
270 2676 362 2734 Missa
384 2692 445 2734 non
469 2680 550 2733 esset
580 2695 658 2755 opus
682 2676 819 2753 benum,
854 2675 936 2735 Laiei
971 2681 1053 2734 oerte

135 2759 206 2818 nihii
231 2777 285 2836 pro
308 2776 345 2818 ea
368 2758 536 2817 tribuerent
554 2757 679 2818 Oterieis
702 2757 879 2838 temporalis
901 2756 1052 2821 beneficii.

215 2839 425 2920 Obstupesoe,
463 2841 584 2913 leotor,
619 2843 704 2920 regia
738 2851 768 2900 et
795 2840 985 2901 Themistioa
1007 2846 1054 2901 eat

132 2924 209 2983 haee
231 2928 317 3005 ratio,
342 2930 428 2997 etat
451 2923 522 3000 dixi,
545 2922 872 3003 pianepoteotissime,
895 2943 965 2984 nam
988 2924 1052 3003 piu·

132 3009 226 3068 rimos
249 3008 400 3085 permovit
428 3006 577 3066 haetenus
606 3015 636 3065 et
657 3013 816 3085 permovet
849 3007 950 3069 hodie.
995 3006 1052 3066 Hie

131 3091 212 3150 iaoet
243 3089 390 3150 Lutherus
413 3099 593 3170 prostratus,
618 3095 650 3148 et
671 3106 761 3148 nemo
775 3094 835 3148 tam
859 3087 968 3149 dextre
982 3109 1051 3148 eum

132 3173 278 3248 coniecit,
313 3180 405 3251 atque
427 3173 494 3232 Rex
527 3172 696 3248 Anglorum
725 3173 753 3229 in
787 3170 848 3230 hoo
870 3170 946 3231 libro
994 3171 1054 3231 hae

132 3258 200 3335 ipsa
221 3258 349 3331 ratione,
373 3275 442 3314 nam
466 3256 630 3330 utentior,
663 3272 759 3332 sogor
787 3260 889 3313 tamen
914 3252 1052 3314 confiteri

130 3340 208 3397 haee
228 3338 270 3397 ita
292 3337 414 3397 habere.
458 3339 552 3419 Vere,
574 3339 708 3417 inquam,
731 3337 823 3396 Missa
845 3336 914 3396 ideo
938 3343 985 3395 est
1005 3356 1055 3398 aa·

131 3419 276 3481 erifieium
300 3431 418 3499 etopus
441 3419 564 3497 bonum,
587 3421 668 3501 quod
694 3425 745 3495 (ut
770 3419 836 3480 Rex
856 3418 945 3498 dieit)
970 3418 1052 3480 Laiei

131 3503 265 3564 tribuunt
287 3519 363 3582 opes
385 3502 596 3563 sacerdotibus
618 3523 674 3584 pro
698 3523 743 3563 ea.

213 3585 327 3645 Rursus
349 3585 457 3644 eadem
481 3587 601 3646 ratione
624 3607 727 3647 verum
751 3605 819 3647 esse
842 3590 983 3664 oportet,
1005 3585 1051 3644 in·

130 3671 193 3729 vito
216 3669 363 3743 Lutbero,
397 3668 522 3728 Missam
551 3687 611 3728 non
646 3688 715 3728 esse
745 3688 823 3748 opus
852 3667 986 3745 bonum,
1026 3669 1052 3727 si

128 3751 212 3813 Laioi
234 3771 298 3814 non
320 3751 488 3813 tribuerent
517 3769 589 3812 snas
610 3752 641 3812 in
664 3751 748 3811 iliam
776 3769 869 3833 opes,
902 3749 933 3811 id
968 3748 1052 3830 quod
