2392 4170
131 232 173 302 26
384 237 425 292 De
446 237 525 310 (lapi.
546 238 641 308 Babyl.
661 239 801 295 Ecclesiae

131 392 334 455 Christianam
357 395 515 455 caritatem
535 395 685 472 insanire,
715 403 746 455 nt
767 395 851 456 Deus
880 394 1057 456 ostenderet

130 478 191 538 hoo
212 477 343 538 terrifico
366 481 464 557 signo,
488 497 545 538 nos
565 480 653 558 signa
675 480 798 539 maioris
821 479 939 553 ducere,
962 497 1052 557 quam

131 581 178 622 res
200 562 294 640 ipsas.
328 560 414 637 Quae
437 563 631 641 perversitas,
653 563 677 622 si
692 562 874 643 baptisando
898 561 1054 623 concedas

129 645 222 705 fidem
246 644 311 704 dari
332 644 485 725 baptismi,
507 664 600 725 neges
623 653 723 706 antem
747 648 867 727 signum
883 644 954 705 fidei
978 647 1054 706 eius·

132 728 213 807 dem,
234 728 263 787 id
287 734 343 807 est,
365 727 498 808 aquam?
1000 768 1003 771 -

214 811 327 872 Ultimo
349 821 410 872 atat
431 813 562 872 invictus
584 811 713 892 Paulus,
735 814 871 872 omnium
894 812 1054 873 obstruens

132 914 200 971 ora,
229 895 251 956 l.
274 895 344 957 Cor.
370 899 420 958 lt:
466 895 533 975 Ego
556 897 661 975 accepi
692 896 880 974 eDcmino,
911 893 994 975 quod
1025 902 1056 955 et

130 977 241 1039 tradidi
268 979 366 1040 vobis.
413 979 482 1039 Non
512 979 596 1056 dicit,
630 989 701 1039 ute
729 999 785 1039 sno
816 978 941 1038 cerebro
964 978 1055 1038 frater

133 1063 289 1137 mentitur,
317 1064 440 1142 permisi
469 1061 565 1123 vobis.
613 1062 679 1122 Nec
706 1071 752 1121 est
775 1081 896 1139 verum,
931 1069 1056 1141 propter

132 1147 359 1206 contentionem
390 1146 510 1205 illorum
549 1153 708 1224 utramque
742 1147 875 1225 speciem
912 1145 1055 1205 donasse.

132 1229 250 1306 Primo,
279 1229 361 1308 quod
392 1237 492 1288 textus
522 1230 588 1309 ipse
609 1228 740 1305 indicat,
769 1248 830 1288 non
860 1228 898 1288 de
927 1235 1056 1307 utraque

132 1313 235 1391 specie
256 1312 350 1373 fuisse
372 1313 611 1387 contentionem,
635 1312 688 1371 sed
712 1311 938 1392 decontemptu
961 1319 991 1371 et
1012 1312 1056 1370 in·

131 1394 214 1456 vidia
236 1394 454 1456 abundantium
477 1404 507 1455 et
521 1397 684 1475 egentium,
709 1405 740 1454 ut
762 1397 862 1455 clarus
875 1403 922 1455 est
943 1402 1056 1467 textus,

132 1477 247 1553 dicens,
271 1479 357 1539 Alter
378 1481 486 1554 esurit,
506 1478 582 1538 alter
604 1478 705 1539 ebrius
728 1487 791 1558 est,
819 1485 850 1539 et
872 1477 1056 1539 confunditis

132 1580 204 1640 eos,
232 1563 282 1641 qui
311 1581 371 1623 non
401 1560 523 1622 habent.
573 1561 690 1621 Deinde
722 1562 804 1639 quod
833 1581 894 1621 non
923 1561 1057 1639 loquitur

132 1643 170 1705 de
191 1645 290 1724 prima
311 1665 367 1705 sna
395 1644 565 1706 traditione.
609 1644 679 1704 Non
702 1645 783 1704 enim
806 1644 891 1704 dicit:
927 1644 1056 1723 Accipio

133 1748 152 1788 a
174 1727 307 1787 Domino
323 1738 353 1787 et
375 1728 414 1788 do
428 1729 525 1804 vobis,
547 1727 600 1786 sed
624 1730 730 1807 accepi
746 1735 776 1787 et
797 1727 917 1805 tradidi,
940 1726 1057 1786 scilicet

131 1811 162 1870 in
184 1811 269 1871 initio
288 1811 541 1891 praedicationis,
569 1811 664 1890 longe
692 1818 763 1871 ante
785 1813 865 1871 hanc
887 1811 1056 1870 contentio·

133 1913 220 1967 nem,
254 1894 430 1974 significans
460 1903 617 1972 utramque
646 1895 778 1973 speciem
812 1895 856 1954 eis
885 1892 1057 1967 tradidisse,

133 1975 216 2056 quod
244 1977 407 2037 tradidisse
441 1988 487 2037 est
515 1977 727 2056 praecepisse,
759 1979 836 2036 siout
865 1976 937 2036 alibi
964 1978 1058 2035 utitur

133 2058 247 2120 eodem
280 2060 381 2123 verbo.
432 2059 513 2120 Nihil
545 2078 618 2139 ergo
653 2067 737 2136 sunt,
780 2079 858 2138 qnae
887 2058 1056 2119 fraternalis

132 2143 232 2202 fumus
244 2143 294 2203 hic
316 2142 354 2204 de
364 2145 575 2222 permissione,
592 2144 658 2202 sine
669 2145 835 2222 scripturis,
849 2143 914 2202 sinc
925 2144 1054 2214 ratione,

132 2227 199 2286 sina
225 2245 320 2287 causa
339 2226 568 2306 conglomerat.
613 2225 787 2285 Adversarii
812 2246 873 2286 non
897 2232 1056 2305 quaerunt,

134 2308 205 2388 quid
228 2311 295 2388 ipse
316 2311 458 2383 somniet,
481 2309 534 2368 sed
558 2308 628 2386 quid
651 2311 801 2388 scriptura
822 2312 852 2369 in
874 2309 921 2369 his
935 2307 1057 2384 iudicet,

134 2411 174 2452 ex
196 2411 257 2471 qua
278 2411 337 2452 nec
358 2393 477 2471 apicem
499 2399 602 2471 potest
624 2391 794 2470 producere
818 2411 874 2473 pro
896 2410 952 2451 suo
975 2410 1057 2449 som·

134 2476 195 2553 nio,
219 2494 287 2536 cum
310 2475 350 2533 illi
373 2483 459 2534 tanta
477 2475 603 2535 fulmina
625 2494 681 2553 pro
704 2495 760 2536 sua
781 2475 841 2535 lide
863 2475 1027 2554 proferant.

216 2557 337 2637 Surgite
365 2577 438 2638 ergo
468 2559 517 2617 hic
543 2559 674 2617 universi
703 2557 876 2619 adulatores
905 2577 1005 2638 papae
1027 2557 1058 2616 in

133 2660 235 2718 unum,
249 2641 390 2719 satagite,
414 2641 565 2701 defendite
578 2659 632 2700 vos
647 2640 685 2701 ab
697 2644 864 2722 impietate,
887 2639 1059 2722 tyrannide,

133 2723 219 2783 laesa
238 2726 401 2787 ,maiestate
423 2725 588 2803 evangelii,
616 2725 725 2785 iniuria
746 2725 869 2784 fraterni
892 2723 1059 2803 opprobrii,

134 2807 186 2885 qui
208 2806 382 2867 haereticos
404 2809 524 2867 iactatis
547 2826 618 2886 eos,
652 2809 784 2887 quinon
808 2808 974 2868 secundum
1000 2825 1059 2865 me·

133 2909 199 2949 rum
224 2891 332 2969 capitis
354 2892 446 2950 vestri
469 2891 631 2967 somnium,
655 2899 761 2951 contra
784 2899 844 2949 tam
868 2896 1008 2969 patentes
1030 2894 1060 2948 et

134 2979 275 3052 potentes
305 2974 485 3052 scripturas⁴
503 2975 633 3053 sapiunt.
678 2972 709 3034 Si
733 2974 789 3032 utri
819 2981 888 3032 sunt
915 2972 1059 3033 haeretici

135 3060 165 3115 st
188 3055 372 3116 schismatici
395 3056 587 3130 nominandi,
610 3075 671 3116 non
696 3056 839 3131 Bohemi,
863 3075 923 3116 non
949 3054 1061 3115 Graeci

137 3140 227 3218 (quia
249 3139 416 3219 evangeliis
451 3142 621 3214 nituntur),
651 3137 704 3198 sed
739 3158 794 3199 vos
824 3139 955 3199 Romani
988 3139 1079 3198 estis

134 3221 280 3281 haeretici
304 3233 335 3282 et
361 3223 444 3302 impii
467 3222 668 3296 schismatici,
700 3223 750 3300 qui
779 3222 847 3282 solo
876 3228 977 3281 vest-ro
1007 3219 1060 3299 fig-

136 3312 239 3365 mento
261 3307 468 3385 praesumitis,
500 3312 606 3365 contra
628 3303 784 3365 evidentes
805 3305 862 3364 Dei
885 3304 1060 3384 scripturas.

134 3386 235 3448 Eluite
256 3388 344 3468 haec,
368 3389 432 3452 viri.

220 3469 300 3546 Quid
330 3491 403 3532 vero
433 3471 530 3548 magis
560 3467 738 3549 ridiculum,
769 3478 800 3530 et
832 3469 966 3530 fraterno
1002 3471 1061 3529 isto

137 3554 237 3633 capite
260 3554 381 3634 dignius
403 3552 462 3614 diei
485 3553 600 3632 potnit,
622 3572 712 3632 quam
736 3553 910 3633 apostolum
932 3554 1062 3632 particu-

136 3635 192 3696 lari
214 3638 378 3714 ecclesiae,
411 3636 527 3696 scilicet
548 3636 793 3712 Corinthiorum,
821 3637 881 3698 ista
903 3637 1063 3717 scripsisse

137 3725 168 3782 et
194 3721 386 3805 permisisse,
419 3737 482 3780 non
512 3726 614 3782 autem
643 3719 827 3783 universali?
870 3719 958 3782 Unde
985 3720 1063 3781 haec
