2392 4170
178 266 242 334 214

180 436 282 517 naabi,
304 453 364 498 nec
387 434 455 498 laici
478 436 558 498 sunt.
590 432 630 494 let
652 441 757 495 votum
770 431 1106 515 contrallvengelium,

180 540 242 583 non
265 526 379 590 votum,
402 519 456 581 sed
476 519 618 599 impietus
641 525 697 582 est.

263 603 416 683 Secundo,
425 605 498 684 qnia
513 602 686 664 Christiana
697 601 823 663 libertae
840 603 964 682 spiritus
979 601 1106 661 libertas

180 695 236 764 est,
250 706 330 767 quae
344 688 438 749 necin
446 704 528 765 esca,
540 686 710 746 necbebitn
730 685 1006 766 positaest‚plseet
1021 696 1052 744 ut
1062 685 1106 743 in-

181 777 267 833 terim
276 778 362 832 verte
375 778 406 832 et
418 770 549 852 vulgatis
563 770 668 830 ritibus
677 768 897 830 monachorum
907 776 1040 849 utentur,
1053 770 1106 848 qni

184 857 214 914 in
237 848 663 935 nostris'Gongregstionibus
685 853 801 932 vivunt,
823 860 856 913 ut
877 852 1020 913 omnibus
1042 871 1107 912 om·

181 939 234 999 nie
256 937 365 999 fiamus
389 937 472 999 Peuli
495 936 638 1017 exemplo
661 936 690 999 1.
714 934 901 1000 detinenti.

262 1020 387 1104 Tertio,
418 1019 537 1081 sedita
566 1019 760 1081 moderemur
791 1021 1001 1097 ceremonias,
1041 1027 1105 1079 lum

180 1104 306 1186 utendo,
328 1111 392 1166 turn
408 1103 599 1186 abrogando,
622 1104 730 1164 necubi
753 1103 803 1164 vel
824 1103 900 1163 fides
923 1103 1105 1182 cuiusquam

181 1187 337 1264 laedatur,
358 1188 409 1248 vel
429 1189 460 1249 in
482 1189 641 1249 caritatem
663 1194 818 1268 peccetur.
860 1186 930 1247 Non
953 1195 1001 1245 est
1022 1187 1105 1246 enim

180 1291 308 1351 regnum
330 1271 389 1332 Dei
410 1290 482 1332 esce
504 1279 533 1331 et
548 1276 649 1351 potus,
672 1269 725 1330 sed
749 1271 873 1352 institia,
895 1290 957 1351 pax
980 1278 1013 1329 et
1034 1289 1107 1350 gau·

181 1355 263 1416 diurn
286 1356 317 1415 in
339 1354 452 1436 Spiritu
473 1362 590 1418 ceneto.

263 1437 389 1516 Quarto,
406 1437 632 1499 mendicitatem
650 1435 870 1518 interdicimus,
894 1455 985 1515 quarn
1013 1437 1107 1497 toties

181 1523 278 1583 vetuit
287 1519 455 1603 Scriptura,
479 1525 507 1585 l.
528 1522 636 1582 Thess.
659 1519 693 1585 3:
713 1521 789 1582 (lum
809 1520 930 1581 silentio
943 1529 1110 1600 operantes

181 1605 368 1668 manducent
403 1624 515 1685 panem
549 1625 647 1665 suum.
696 1604 905 1665 lnlerdicimns
938 1614 969 1663 et
1004 1604 1109 1681 missis

180 1689 308 1769 votivis,
328 1689 452 1769 quando
480 1697 510 1749 et
531 1688 569 1749 eb
593 1688 677 1748 omni
709 1689 814 1768 specie
840 1686 921 1748 male
951 1688 1109 1748 abstinere

180 1790 238 1833 nos
261 1772 432 1853 Apostolus
453 1772 559 1834 voluit.
652 1834 655 1839 ,

265 1855 390 1936 Quinto,
412 1863 559 1937 quantum
582 1855 648 1916 fieri
669 1861 772 1935 potest
792 1855 823 1914 in
846 1854 1106 1935 Congregationi·

180 1937 237 2001 bus
261 1940 373 2000 nostris
394 1939 578 2021 deligantur,
609 1939 660 2019 qui
682 1939 743 1999 sint
772 1939 834 2019 apti
868 1938 906 1999 ad
930 1936 1106 1998 docendum

181 2022 306 2084 verbum
331 2022 403 2102 Dei,
436 2022 560 2103 publice
586 2027 640 2083 aut
666 2021 826 2101 privatim,
853 2021 961 2100 reliqui
990 2021 1107 2081 victum

182 2114 291 2187 pereat
318 2106 475 2167 Fratribus
502 2125 598 2186 opere
624 2106 797 2185 manuario,
820 2124 898 2185 quae
920 2104 1025 2165 forma
1046 2104 1105 2165 luit

182 2197 318 2250 veterum
340 2191 606 2252 monasteriorum.

263 2272 370 2355 Sexto,
391 2274 463 2353 qnia
473 2273 624 2336 moderari
646 2273 837 2333 ceremonias
853 2281 883 2331 et
898 2272 972 2330 ritus
997 2290 1107 2333 omnes

181 2372 239 2436 pro
269 2357 388 2418 ratione
415 2362 586 2438 temporum
618 2374 655 2418 ec
685 2375 885 2437 personarum
915 2356 1013 2413 visum
1047 2363 1108 2433 est,

181 2438 341 2519 volumus,
372 2447 405 2501 ut
425 2440 639 2521 Superioribus
667 2440 729 2500 suis
763 2446 892 2520 pareant
919 2438 1039 2497 Fratres
1067 2457 1108 2498 ex

181 2523 326 2601 caritate,
349 2529 382 2584 ut
403 2524 469 2584 sine
495 2523 642 2584 scandalo
664 2525 806 2603 privatim
836 2531 866 2581 et
888 2520 1011 2600 publice
1034 2541 1107 2601 ega·

180 2625 264 2687 mus,
287 2613 318 2668 et
338 2626 394 2687 per
415 2608 519 2669 omnia
541 2607 602 2668 hoc
622 2616 828 2688 praestemus,
851 2625 891 2665 ne
914 2604 1107 2684 blaspheme·

179 2695 227 2749 tur
247 2689 361 2751 bonurn
385 2697 534 2769 nostrum,
558 2693 666 2752 Amen.
