2392 4170
386 279 424 336 ad
442 277 549 338 undar,
567 278 664 336 ducem
684 277 767 335 Saxo.
987 267 1050 342 219

132 470 219 514 amur
252 469 320 514 aum
352 452 456 529 bellis,
488 451 662 534 pestilentia
696 456 727 512 et
747 447 872 512 induitis
901 445 1050 524 cladibus,

132 555 260 618 quarum
282 543 329 598 est
350 543 421 599 ante
443 536 551 598 oculos
563 533 752 617 magnitudo,
775 540 837 595 tum
860 552 945 611 vero,
967 528 1050 613 quod

135 620 234 682 multo·
254 622 369 682 tristius
391 627 421 682 et
441 623 539 701 magis
562 617 757 681 horrendum
769 624 826 696 est,
851 618 1000 679 caecitate
1020 619 1053 677 et

131 704 217 765 velut
235 704 388 766 furoribus
409 704 559 784 reprobae
573 705 693 783 mentis,
715 722 795 783 quae
815 703 846 763 in
868 700 1053 763 administris

133 807 171 849 ac
204 787 416 850 defensoribus
445 789 605 850 Missurum
639 785 776 867 quotidie
813 785 1052 866 conspiciuntur.
1083 839 1086 844 .
1180 818 1185 835 ι

131 871 210 932 Nam
233 872 342 950 Missa,
364 878 397 932 ut
418 891 500 933 nuuc
521 877 650 951 vocant,
678 891 732 932 seu
763 870 869 932 (loona
899 867 1055 929 dominica

133 956 221 1016 iuxta
241 955 352 1017 Christi
386 955 608 1016 institutionem
641 955 766 1036 proprie
794 959 825 1014 et
846 949 1055 1034 principaliter

134 1038 208 1099 nihil
229 1047 285 1116 est,
306 1039 364 1100 nisi
385 1041 453 1118 ipsa
465 1037 638 1100 distributio
661 1044 691 1098 et
702 1037 898 1098 manducatio
916 1034 1054 1115 corporis
1096 1075 1098 1080 -

134 1129 166 1183 et
201 1123 358 1203 sanguinis
382 1123 515 1184 Domini.
559 1122 609 1183 De
642 1129 746 1184 cetero
785 1140 864 1201 quae
892 1119 1054 1194 adduntur,

134 1205 292 1266 hominum
327 1212 358 1266 et
377 1207 509 1268 Romani
541 1203 699 1267 Pontificio
732 1207 896 1265 autoritate
930 1207 1056 1282 recepta

134 1289 294 1369 indiesque
318 1289 471 1350 cumulata
494 1289 624 1352 fuerunt.
667 1289 733 1349 Nec
745 1287 844 1349 differt
857 1285 1055 1348 manducatio

135 1371 304 1434 sacerdotis
327 1373 366 1434 ab
389 1392 484 1452 opere
505 1373 573 1433 laici
603 1370 762 1445 sumentis,
784 1370 865 1432 idem
888 1376 935 1431 est
956 1387 1056 1430 sacra·

136 1463 280 1535 mentum,
302 1475 364 1536 quo
377 1456 578 1517 admonemur
600 1475 655 1516 ceu
668 1460 735 1516 rato
758 1459 789 1515 et
799 1452 950 1516 infallibili
966 1453 1056 1532 signo

136 1546 166 1599 et
189 1541 365 1601 testimonio
387 1540 576 1601 remissionis
591 1539 726 1600 omnium
741 1544 949 1619 peccatorum,
970 1536 1058 1596 iuxta

137 1622 247 1683 Christi
269 1622 399 1684 dictum:
442 1623 510 1684 Hoc
532 1624 776 1702 quotiescunque
802 1622 937 1700 facietis,
967 1619 1059 1679 facite

135 1707 165 1766 in
189 1707 248 1767 mei
270 1707 605 1776 commemorationem,
628 1705 657 1766 id
680 1712 736 1783 est,
759 1705 957 1767 recordantes
970 1703 1058 1763 mise·

135 1788 287 1851 ricordiae
308 1796 340 1851 et
361 1790 510 1866 beneficii,
534 1788 716 1870 quodvobis
738 1809 793 1870 per
816 1795 945 1849 mortem
958 1803 1057 1847 meam

137 1875 283 1934 donatum
315 1880 358 1946 et,
373 1873 541 1935 exhibitum
585 1879 639 1938 eet.
694 1872 774 1933 Hine
808 1890 883 1953 ergo
918 1869 1059 1949 efficitur,

137 1958 261 2018 Missam
293 1976 348 2018 seu
381 1957 649 2018 manducationem
672 1955 840 2017 sacerdotis
863 1971 1058 2035 nequaquam

137 2059 206 2101 esse
228 2040 291 2101 tale
311 2039 424 2103 borium
449 2061 537 2122 opus,
561 2059 622 2120 quo
638 2040 703 2100 Deo
725 2038 890 2101 reddamus
912 2043 964 2098 aut
986 2035 1059 2097 offe·

139 2143 240 2184 ramus
263 2123 378 2202 aliquid
400 2124 528 2205 placans
547 2126 656 2202 Deum,
679 2130 711 2184 et
722 2121 915 2186 satisfaciens
936 2139 993 2201 pro
1005 2138 1060 2180 no·

138 2207 184 2267 bis
216 2213 269 2266 aut
290 2206 374 2285 aliis,
397 2209 476 2268 siout
496 2228 554 2269 nec
576 2207 772 2269 manducatio
800 2206 870 2269 laici
893 2205 980 2266 alteri
1002 2222 1059 2284 po·

138 2295 199 2349 test
238 2288 408 2430 ladplicari,
448 2309 507 2350 nec
546 2293 724 2370 cuiusquam
767 2291 941 2372 Baptismus
977 2287 1060 2348 valet

138 2381 202 2453 pro·
218 2373 289 2432 ain.

221 2455 316 2515 Porro
341 2453 476 2526 omnium
503 2456 698 2517 confessione
720 2455 833 2535 liquet,
864 2461 961 2516 totum
984 2452 1060 2515 illud

138 2558 266 2619 regnum
293 2534 455 2598 Missurum
483 2536 544 2598 hoc
575 2557 678 2599 errore
702 2540 916 2612 constitutum,
945 2543 978 2598 ut
1000 2538 1061 2597 sint

139 2622 253 2683 bouum
277 2639 356 2701 opus
378 2620 416 2681 ad
440 2627 546 2683 nostra
560 2621 873 2701 etaliorumpeccata
896 2619 1060 2700 expianda.

139 2704 230 2781 Quod
253 2704 325 2785 quid
348 2703 430 2764 aliud
453 2710 509 2783 est,
533 2723 624 2783 quarn
646 2724 771 2784 prorsus
784 2704 950 2766 obscurare
970 2720 1060 2784 prae·

139 2790 262 2868 cipuum
294 2787 455 2848 articulum
485 2786 643 2848 doctrinae
669 2787 832 2869 Evangelii
872 2786 911 2848 de
945 2785 1061 2847 iustitia

138 2871 210 2932 lidei
241 2889 377 2951 veroque
399 2891 455 2930 usu
477 2877 749 2934 sacramentorum.
792 2870 861 2933 Hoc
881 2872 987 2949 itaque
1008 2887 1060 2928 su-

138 2955 327 3034 perstitionis
362 2955 508 3032 contagio
541 2960 684 3036 serpente
705 2954 853 3036 paulatim
875 2954 1061 3034 longiusque

137 3038 310 3119 prodeunte
347 3039 459 3098 factum
493 3044 555 3117 est,
591 3044 624 3098 ut
648 3039 679 3099 in
703 3038 831 3120 singulis
852 3038 915 3099 lere
937 3035 1060 3116 templis

138 3129 169 3181 et
189 3121 384 3182 monasteriis
406 3120 656 3183 hebdomadatim
680 3128 829 3202 quatuor,
851 3121 986 3202 quinque
1008 3123 1062 3180 aut

139 3206 230 3264 etiam
254 3203 356 3282 plures
378 3201 492 3266 Missae
515 3225 534 3265 a
555 3205 684 3285 singulis
704 3205 856 3285 personis,
877 3206 908 3265 in
931 3202 1060 3284 singulis

138 3288 286 3348 altaribus
309 3285 527 3363 celebrandae,
562 3288 721 3350 ordinatae
753 3293 784 3349 et
817 3286 964 3350 fundatae
990 3287 1061 3364 sint,

138 3377 261 3450 praeter
295 3370 372 3431 alias
394 3371 552 3449 funebres,
592 3378 622 3432 et
659 3390 736 3452 quas
758 3371 877 3432 votivas
899 3374 1060 3452 vocarunt,

139 3454 273 3534 quaein
297 3453 361 3513 dies
383 3473 498 3534 magno
511 3468 638 3516 numero
661 3456 834 3517 cumulatae
849 3459 928 3517 sunt.
970 3451 1061 3514 Unde

136 3537 247 3617 impuri
270 3536 432 3597 sacrificuli
445 3538 611 3598 occasione
634 3536 843 3600 corradendae
864 3536 1015 3617 pecuniae
1030 3541 1062 3596 et

138 3619 269 3680 la'ciendi
291 3626 437 3699 quaestus
465 3620 570 3682 oblata
591 3621 742 3686 laetanter
773 3628 805 3683 et
840 3619 952 3702 cupide
985 3617 1061 3679 talia

137 3703 299 3764 Missarum
323 3705 456 3783 aucupia
477 3704 712 3784 amplectuntur,
734 3724 772 3766 ac
792 3706 819 3766 si
840 3704 891 3784 qui
913 3702 994 3763 forte
1016 3701 1060 3760 in·

137 3787 216 3870 agri
239 3786 374 3869 bonique
394 3787 451 3849 viri
471 3788 503 3848 iu
536 3787 591 3850 illo
613 3787 722 3852 ordine
749 3785 918 3852 secundum
940 3783 1060 3868 'eonsci-
