2392 4170
135 238 200 311 274
446 239 489 299 Da
507 239 581 301 votis
599 236 759 299 monasticis

219 416 359 500 Denique
381 415 465 476 velut
487 435 549 476 non
572 417 700 496 passuri,
724 422 758 476 ut
779 416 847 496 quia
869 413 996 475 Paulum
1020 412 1060 473 de

137 500 211 580 ipsis
234 498 318 578 loqui
342 497 473 575 dubitet,
506 499 595 560 latius
617 501 773 560 insaniunt
795 506 827 559 et
847 497 979 578 produnt
1001 516 1062 556 sua

137 582 298 643 mendacia
323 581 525 662 impudenter.
571 582 715 642 Vendunt
736 584 815 642 enim
839 589 870 642 et
892 582 1062 642 communi·

137 672 208 726 cant
229 685 286 726 aua
308 666 390 726 bona
412 683 523 745 opera,
556 667 665 726 merita
687 672 718 726 et
742 667 956 726 Frateruitates
980 663 1062 737 aliis,

137 750 223 826 quasi
244 749 266 808 ii
288 749 363 828 sint,
399 751 449 826 qui
473 767 535 809 con
558 748 657 810 solum
682 749 809 810 meliore
831 750 880 808 via
902 743 1062 821 incedant,

136 831 191 891 sed
214 839 304 906 etex
326 832 514 892 abundantia
543 852 597 891 sua
629 833 707 892 alios
730 850 853 911 quoque
874 850 979 890 secum
1002 831 1064 891 sal·

136 933 192 975 vos
213 912 317 976 facere
344 916 474 995 possint.
517 914 661 995 Nunquid
685 917 744 975 ista
768 914 832 975 fieri
856 915 894 975 ab
928 916 973 975 eis
1006 933 1062 994 pu·

137 997 214 1058 blice
237 1003 268 1058 et
280 1000 393 1078 passim
417 1018 531 1077 negare
554 1001 712 1077 quisquam
732 997 856 1079 potest?
899 998 939 1057 At
960 999 1063 1078 operi-

136 1079 192 1141 bus
215 1088 330 1140 tautum
353 1080 494 1159 tribuere,
517 1089 549 1141 ut
571 1101 633 1141 nou
650 1081 743 1142 modo
766 1082 980 1161 suaipsorum,
1004 1080 1062 1140 sed

136 1171 167 1222 et
189 1164 318 1224 aliorum
353 1183 475 1244 quoque
498 1173 625 1244 peccata
648 1164 787 1239 deleant,
810 1184 868 1225 nec
890 1163 965 1223 solis
989 1163 1060 1242 sibi,

135 1246 189 1307 aed
212 1254 242 1306 et
262 1248 329 1307 aliis
353 1248 390 1308 ad
413 1249 542 1308 salutem
556 1249 683 1327 prosint,
707 1249 779 1329 quid
805 1256 907 1328 potest
927 1248 957 1306 iu
972 1245 1060 1307 Chri·

135 1338 213 1389 stum
237 1337 268 1390 et
289 1329 380 1390 fldem
404 1333 468 1391 eius
487 1331 692 1410 blasphemius
715 1338 747 1391 et
757 1333 893 1391 insanius
906 1329 1062 1410 cogitari?

136 1411 194 1487 Qui
216 1413 343 1473 ludaei?
375 1417 425 1492 qui
448 1414 600 1494 gentiles?
638 1416 686 1493 qui
708 1415 827 1474 ‘Furcae
855 1433 953 1494 aeque
975 1416 1061 1475 insa·

134 1495 241 1556 ciunt?
283 1496 394 1557 Nonne
428 1497 489 1558 hoc
522 1504 569 1557 est
597 1517 658 1558 non
690 1497 783 1560 modo
812 1516 883 1558 suas
907 1498 1061 1578 proprias,

134 1579 189 1639 sed
211 1588 243 1639 et
263 1580 391 1639 aliorum
416 1581 620 1642 conscientias
653 1583 784 1642 invitare
815 1590 844 1640 et
871 1581 995 1640 allicere
1019 1580 1059 1641 ad

135 1660 350 1739 confidendum
383 1683 475 1743 super
503 1665 623 1724 illorum
659 1683 754 1745 opera
782 1671 813 1725 et
840 1663 973 1724 merita?
1019 1663 1061 1724 At

135 1745 207 1824 quid
232 1754 278 1806 est
302 1747 361 1806 boo
382 1748 438 1805 nisi
462 1746 557 1807 fidere
580 1747 856 1809 exsecrabilissimo
872 1746 1060 1808 mendacio?

70 1866 79 1883 .
134 1846 275 1908 proquo
306 1837 406 1889 tamen
431 1829 591 1890 mendacio
622 1833 715 1891 totius
738 1831 840 1891 mundi
864 1849 940 1910 opes
964 1830 1056 1891 devo·

133 1918 202 1970 rant
224 1913 315 1972 otiosi
339 1919 368 1972 et
391 1913 521 1977 delicati.
567 1914 706 1994 Denique
729 1933 826 1994 nuper
847 1915 885 1974 ad
908 1913 1001 1973 linem
1015 1916 1059 1974 iu·

135 1995 240 2054 sanias
264 2005 427 2072 venerunt,
461 1999 675 2076 promittentes
702 1997 877 2058 hominibus
899 1997 1058 2057 introitum

134 2077 230 2153 coeli,
265 2081 315 2157 qui
347 2082 481 2139 morituri
512 2079 664 2140 cucullum
694 2081 856 2142 induerint,
908 2079 988 2155 Quid
1013 2090 1061 2141 eat

133 2160 334 2241 abominatio,
358 2165 381 2220 si
406 2163 483 2221 haec
505 2183 565 2222 nou
589 2175 635 2222 est
657 2163 870 2223 abominatio?

216 2244 309 2303 Vides
332 2265 416 2324 ergo,
440 2247 502 2305 imo
527 2246 635 2326 palpas
659 2246 718 2322 hic,
742 2267 802 2307 non
827 2246 920 2307 modo
943 2247 1058 2307 disces-

132 2328 211 2386 sisse
233 2347 287 2386 eos
310 2347 328 2386 a
351 2328 419 2404 lide,
442 2330 495 2389 sed
520 2330 686 2389 mendaciis
703 2330 821 2390 illorum
840 2330 1057 2391 abominandis

132 2410 289 2470 seductum
317 2430 439 2491 quoque
477 2423 506 2472 et
540 2412 655 2475 orbem.
700 2413 762 2473 Sus
791 2415 870 2473 enim
908 2414 1057 2491 cuiusque

132 2492 207 2552 lides
228 2502 258 2554 et
282 2497 455 2555 necessaria
476 2503 507 2555 et
529 2497 603 2555 satis
628 2503 674 2556 est
696 2497 733 2556 ad
757 2498 968 2556 remissionem
985 2515 1057 2573 pec·

131 2583 268 2637 catorum
292 2580 381 2638 etad
405 2579 544 2659 salutem,
568 2598 646 2658 quae
668 2579 758 2640 nobis
781 2580 932 2640 Christum
957 2578 1057 2652 affert,

130 2660 190 2720 hoc
214 2669 270 2740 est,
294 2681 383 2722 unam
408 2682 546 2741 carnem,
583 2682 617 2722 os
654 2683 692 2722 ex
725 2663 861 2741 ossibus,
898 2670 928 2721 et
951 2664 1057 2722 omnia

131 2747 305 2806 communia
329 2764 396 2805 cum
420 2746 473 2805 illo
496 2745 578 2825 facit,
604 2747 686 2805 utin
710 2747 778 2826 ipso
793 2755 823 2807 et
845 2745 965 2825 deipso
989 2746 1056 2824 glo·

129 2827 222 2887 rietur
244 2831 432 2888 conscientia
445 2839 558 2907 nostra,
583 2829 663 2908 quod
687 2831 781 2908 ipsius
794 2830 890 2890 solius
903 2830 1056 2908 sanguine

130 2918 160 2968 et
183 2912 296 2970 meritis
330 2920 392 2971 tum
431 2911 584 2972 iustificati
609 2913 757 2989 vivimus,
797 2922 859 2971 tum
891 2911 1001 2971 salvati
1025 2913 1054 2972 in

129 3002 286 3053 aeternum
310 2997 463 3074 vivemus,
493 2999 558 3054 sine
594 2997 737 3074 operibus
761 3004 821 3055 tam
847 2997 959 3056 nostris
983 3014 1054 3073 pro·

128 3077 211 3155 priis,
245 3096 335 3156 quam
360 3078 498 3139 aliorum.
544 3079 635 3139 Fides
668 3080 747 3138 enim
772 3079 884 3139 Christi
912 3098 974 3137 non
999 3097 1053 3158 po-

128 3167 187 3216 test
210 3162 282 3238 pati,
306 3168 339 3220 ut
362 3162 410 3219 vel
434 3163 545 3220 nostris
570 3162 617 3221 vel
641 3162 769 3221 aliorum
794 3163 939 3241 operibus
954 3165 1057 3241 gratia

129 3252 159 3299 et
181 3242 298 3302 iustitia
322 3245 438 3319 veniat,
461 3245 521 3304 hoc
542 3247 623 3304 enim
647 3246 744 3304 solius
767 3245 878 3305 Christi
904 3265 972 3306 esse
995 3247 1056 3304 scit

128 3335 158 3382 et
181 3325 343 3386 confitetur
366 3335 552 3406 constanter,
575 3346 665 3407 quam
689 3330 714 3387 si
736 3329 779 3388 illi
803 3329 967 3408 docerent,
991 3347 1054 3387 nou

126 3425 181 3466 sua
204 3428 298 3487 opera
321 3411 488 3470 venderent
510 3412 587 3485 aliis,
610 3411 663 3470 sed
687 3431 720 3470 se
743 3418 773 3471 et
787 3430 895 3472 omnes
917 3412 957 3472 ab
977 3431 1052 3489 ope·

126 3510 190 3549 rum
213 3490 324 3553 fiducia
337 3496 366 3553 in
390 3493 490 3554 solum
504 3494 655 3554 Christum
670 3503 822 3574 raperent,
845 3496 936 3557 simul
952 3505 1052 3555 osten·

110 3572 243 3652 -dentes,
266 3595 358 3653 quam
381 3577 454 3636 nihil
477 3580 516 3637 sit
538 3579 746 3638 necessarium
770 3578 810 3637 ad
833 3580 989 3657 iustitiam,
1013 3579 1052 3639 ad

125 3657 265 3735 salutem,
287 3659 325 3718 ad
348 3663 560 3720 remissionem
575 3669 770 3740 peccatorum
784 3682 872 3723 suum
897 3666 1051 3724 votarium

126 3740 206 3801 vitae
228 3761 335 3822 genus,
357 3743 413 3803 sed
436 3744 536 3805 solam
560 3743 653 3806 fldem
677 3764 749 3806 esse
771 3749 989 3812 necessariam.
