2392 4170
381 267 522 324 Ambrosii
541 267 653 324 Gathar.
671 284 693 324 a.
713 268 790 326 lb2l·
811 276 814 283 “
995 265 1057 331 349

200 421 309 502 ¹Igitur
331 429 362 484 et
382 423 471 484 huius
493 424 573 503 regis
596 421 743 501 efficacia,
767 441 836 483 cum
859 441 919 483 nou
943 423 983 482 sit
1003 430 1080 503 po-'

132 504 191 564 sita
212 505 249 564 in·
267 508 360 566 armis
383 526 483 585 neque
504 507 533 567 in
560 506 728 586 Evangelio
752 505 878 581 Christi,
908 513 1056 586 superest,

131 594 165 647 nt
186 589 216 648 in
239 587 398 666 hidoth1),
420 589 451 651 id
474 597 535 669 eat,
564 591 710 649 doctrinis
732 592 794 651 suis
822 589 982 650 roboretur
1003 607 1058 669 per

131 669 260 731 aliorum
294 674 515 752 operationem.
544 673 599 732 ‘Et
625 674 772 753 puchrum
809 674 945 732 ordinem
976 672 1057 752 vids,

131 755 250 834 priores
273 755 458 833 suntlacies,
481 754 749 830 deindehidoth1)
775 756 936 836 seuleges,
960 760 1056 814 utrae·
1101 766 1104 770 ’

132 855 192 916 que
213 836 303 898 fictae
326 847 356 898 et
380 839 500 899 alienae
522 859 538 897 a
563 841 699 915 veritate,
721 840 843 898 tandem
867 851 898 898 et
919 838 1058 898 efficacia

131 938 202 999 aua,
224 939 287 981 non
311 941 367 981 sua
389 922 444 982 sed
466 923 567 982 aliena
588 922 726 981 efficacia
748 931 919 981 roboratur.
949 921 1057 1000 Neque

133 1003 212 1063 enim
237 1006 429 1065 mendacium
465 1008 529 1066 suis
556 1005 671 1064 viribus
699 1004 845 1066 subsistit.
895 1003 947 1064 Sic
975 1006 1056 1065 enim

131 1086 260 1166 proiecit
290 1106 415 1168 regnum
448 1086 616 1151 antichristi
649 1089 802 1164 Romani,
827 1090 916 1168 quod,
943 1089 1055 1165 statim,

132 1170 343 1250 apostolorum
376 1173 466 1232 etiam
501 1178 640 1251 tempore
670 1181 813 1251 coeptum
844 1180 891 1230 est
913 1173 1056 1250 operibus

132 1254 195 1329 niti,
219 1252 330 1314 deinde
353 1254 533 1333 quibusdam
557 1257 739 1315 ceremoniis
762 1264 870 1313 ornata
893 1265 940 1313 est
961 1255 1057 1314 eccla·

132 1338 177 1394 sia
211 1338 317 1413 (sicuti
349 1341 496 1416 vocant),
526 1338 648 1398 tandem
687 1356 739 1397 eas
762 1347 869 1396 omues
900 1337 1056 1396 Romanus

132 1419 270 1498 pontifex
310 1422 550 1499 consarcinavit,
585 1428 616 1480 et
649 1439 799 1501 oppressa
831 1419 971 1479 libertate
1003 1438 1056 1480 ess

132 1503 283 1562 convertit
304 1504 334 1562 in
357 1503 558 1584 rigidissimas
581 1505 675 1582 leges,
700 1506 811 1563 utiam
834 1503 1057 1583 incomparabi-

132 1585 199 1645 liter
222 1587 319 1646 maius
342 1589 456 1647 crimen
479 1589 533 1663 sit,
557 1589 586 1646 in
611 1591 802 1647 ceremonias
824 1595 856 1646 et
877 1605 948 1645 suas
962 1587 1056 1666 leges

130 1680 292 1748 peccasse,
320 1687 410 1749 qnam
432 1673 463 1730 in
486 1670 543 1730 Dei
566 1679 741 1749 praecepta.
784 1671 831 1729 lta
857 1689 898 1730 ex
921 1670 1056 1729 faciebus

132 1760 216 1811 ortae
245 1760 315 1812 sunt
343 1753 501 1832 bidotbl),
530 1773 570 1812 ex
598 1749 744 1830 hidothl)
770 1753 876 1832 robur,
907 1754 1057 1813 erobore

132 1837 269 1911 vastitas,
293 1842 326 1896 ut
346 1846 500 1915 sequetur.
544 1834 623 1911 Quia
646 1838 725 1895 sicut
747 1837 847 1906 mores
871 1837 986 1915 legem,
1014 1837 1058 1896 ita

132 1917 182 1977 lex
204 1918 296 1978 robur
319 1921 464 1997 moribus,
487 1918 580 1980 robur
603 1921 776 1979 vastitatem
795 1919 903 1999 gignit.
947 1917 1058 1979 Videa-

132 2015 197 2060 mus
226 2019 317 2081 ergo,
352 2020 413 2082 qua
442 2002 580 2064 efficacia
603 2002 713 2062 ellicax
749 2005 787 2062 sit
816 2004 884 2062 rex'
899 2002 957 2061 iste
991 2020 1056 2083 per·

132 2083 264 2146 ditionis.
1040 2144 1043 2148 .

192 2167 382 2249 ¹Apostolus
423 2171 451 2231 2.
478 2168 585 2232 Thess.
616 2169 644 2230 2.
677 2168 782 2229 tribuit
813 2185 881 2228 eam
919 2174 1061 2247 satanae,

132 2249 254 2310 dicens:
288 2251 382 2311 Cuius
413 2251 560 2312 adventus
584 2261 631 2312 est
653 2254 821 2312 secundum
845 2255 1056 2332 operationem

132 2343 258 2394 satanae
287 2335 316 2393 in
346 2336 441 2414 signis
477 2344 507 2395 et
535 2335 682 2415 prodigiis
710 2335 919 2396 mendacibus.
973 2335 1057 2395 Sicut

132 2418 209 2477 enirn
235 2417 372 2478 Ohristus
396 2436 467 2477 vere
497 2416 589 2477 fidem
612 2428 642 2477 et
671 2421 796 2477 verbum
819 2419 913 2499 signis
936 2428 969 2477 et
988 2437 1058 2499 pro-

132 2499 220 2581 digiis
244 2500 399 2563 roboravit
417 2503 542 2581 propria
563 2503 673 2561 virtute
695 2509 726 2560 et
747 2502 895 2580 ellicacia,
916 2504 959 2561 ita
980 2503 1058 2560 haec

132 2584 219 2644 simia
249 2584 360 2644 Christi
391 2585 583 2663 adversaria,
617 2603 687 2644 suas
720 2586 814 2643 facies
847 2595 877 2644 et
910 2583 1055 2662 hidothll

132 2666 313 2727 roboratura
334 2667 390 2726 luit
418 2669 513 2749 signis
535 2666 748 2747 mendacibus,
778 2667 879 2728 aliena
909 2667 1057 2728 efficacia.

133 2748 319 2830 Primaergo
339 2753 477 2831 operatio
498 2761 626 2811 satanae
640 2752 695 2810 luit
716 2752 746 2810 in
764 2752 859 2830 signis
882 2749 951 2829 illis,
974 2749 1057 2829 quod

133 2831 273 2894 Romana
302 2835 434 2894 ecclesia
463 2854 531 2894 cum
562 2832 682 2894 Graeca
711 2845 860 2914 perpetuo
889 2835 1063 2910 contendit,

133 2924 161 2975 et
182 2917 255 2977 licet
277 2917 381 2996 iniqua
403 2926 433 2978 et
454 2919 564 2978 iniusta
586 2919 654 2997 ipsa
678 2926 739 2977 tum
763 2919 848 2978 falsis
871 2928 901 2978 et·
924 2919 1061 2996 Scriptus

132 3001 170 3059 ris
191 3009 223 3060 et
245 3002 345 3061 causis
367 3020 436 3062 sese
458 3004 607 3080 muniens,
630 3010 731 3065 tamen
754 3003 925 3082 praevaluit
947 3004 1060 3060 etses'e

132 3083 160 3142 in
185 3086 364 3163 magistram
385 3083 456 3144 fidei
479 3093 510 3145 et
532 3094 659 3145 matrem
688 3087 884 3166 ecclesiarum
909 3087 1007 3144 erexit
1028 3090 1059 3143 et

132 3166 333 3228 confirmavit.
377 3168 530 3248 Deinceps
562 3170 713 3229 nemiuem
746 3189 808 3229 non
837 3170 990 3251 oppressit
1011 3168 1060 3226 in.
1146 3199 1149 3206 -

133 3250 269 3311 credibili
298 3270 460 3330 successu,
487 3254 660 3332 quicunque
689 3253 753 3312 eius
776 3252 901 3333 hidoth,
929 3250 1059 3330 legibus,

132 3336 269 3413 statutis,
304 3337 458 3414 censuris,
486 3339 639 3415 merlsque
667 3335 840 3397 libidinibus
863 3340 1057 3417 repugnaret,

133 3417 354 3496 quantumlibet
377 3438 517 3498 magnus,
541 3419 649 3480 doctus
663 3429 693 3478 et
716 3428 850 3483 sanctus.
894 3418 1059 3497 Quishaa'c
1130 3490 1132 3495 Α

133 3519 194 3561 non
206 3501 320 3561 iudicet
340 3521 408 3563 esse
431 3505 519 3583 signa
532 3512 563 3565 et
579 3503 720 3584 prodigia
733 3505 956 3585 potentissima,
979 3518 1060 3581 quae

190 3749 219 3812 1)
241 3745 272 3801 ln
291 3747 334 3803 ad.
355 3749 441 3820 orig-z
462 3744 565 3830 nl'tttt.
