2392 4170
433 242 513 306 boec.
532 245 612 308 tlara
630 247 711 306 tucn.
999 239 1062 315 349

133 413 245 478 erroris
268 413 324 476 sui.
361 415 401 475 At
423 422 588 495 paupertas
611 413 737 496 pulchre
758 414 966 495 simulabatur,
989 434 1051 477 non

134 499 276 561 babendo
301 500 471 578 proprium,
499 498 674 558 obedientia
695 499 837 578 speciosa
866 506 931 558 erat
951 499 1054 578 aliqua

132 591 219 664 parte
241 583 297 657 sui,
319 581 393 641 nihil
417 583 496 641 enim
520 581 647 641 similius
661 580 859 660 evangelicae
882 589 912 641 et
933 584 1052 643 univer-

131 668 187 727 sali
201 666 405 746 obedientiae,
427 683 517 744 quam
533 665 702 724 monastica
722 672 752 724 et
769 664 959 744 particularis
979 666 1051 726 obe-

133 749 259 811 dientia.
303 747 381 808 Caro
412 749 492 808 enim
516 747 601 827 digiti
623 747 730 807 similis
766 757 811 806 est
845 749 928 808 carni
955 751 1048 809 totius

84 860 85 867 ¹
132 833 280 912 corporis.
323 831 381 891 Hic
410 850 482 910 ergo
512 830 636 910 patebat
664 829 751 890 locus
782 850 911 910 magnus
944 851 1050 911 opera·

133 915 265 977 tionibus
299 917 384 990 suis,
414 921 446 974 ut
468 934 523 994 pro
546 920 727 994 paupertate
750 913 958 994 opulentiam,
993 935 1048 995 pro

133 995 308 1060 obedientia
335 997 573 1057 inobedientiam
604 999 705 1056 vivere
729 995 870 1074 doceret,
903 1016 969 1056 cum
994 1018 1049 1078 pro

132 1084 271 1142 castitate
285 1081 459 1160 coniugium
484 1081 531 1140 vel
545 1079 699 1141 libidinem
723 1079 835 1141 docere
858 1099 921 1140 non
935 1088 1050 1161 posset.

214 1163 329 1224 Proluit
351 1173 453 1224 tamen
477 1172 506 1223 et
528 1165 588 1224 hoc
610 1162 758 1243 ipsumad
782 1165 992 1244 operationem
1007 1185 1051 1224 er-

131 1249 208 1308 roris
230 1248 286 1308 sui.
331 1247 420 1321 Quod
444 1249 523 1307 enim
548 1247 714 1321 defuitne
737 1247 863 1307 doceret
885 1247 1052 1324 libidinem,

132 1332 192 1391 boc
224 1330 353 1409 amplius
394 1331 575 1409 promovit,
609 1337 851 1409 ut-operaretur
885 1329 1050 1392 libidinem.

131 1413 1052 1492 Raritasenimetimpossibilitascastitatisoummultitudine

132 1498 307 1558 voventium
332 1498 496 1555 coniuncta
527 1498 731 1576 impleverunt
749 1498 952 1576 cogitationes
976 1499 1051 1559 eius.

131 1580 270 1641 Honesta
293 1580 381 1638 nimis
405 1587 470 1638 erat
490 1579 572 1638 fictio
596 1579 659 1656 illa,
683 1581 707 1638 si
731 1579 873 1639 monachi
897 1579 953 1640 sub
978 1588 1049 1640 voto

131 1665 280 1723 castitatis
305 1669 410 1722 essent
432 1664 588 1742 coniuges,
611 1681 711 1741 neque
729 1662 912 1743 perdidisset
935 1666 1052 1724 animas

132 1766 170 1807 ea
193 1749 253 1806 voti
277 1746 463 1809 observatio.
506 1745 579 1804 ldeo
614 1745 653 1804 ad
676 1745 767 1805 aliam
790 1745 966 1823 fictionem,
999 1745 1051 1806 Sa·

131 1841 203 1889 tana
237 1829 376 1910 diguam,
411 1831 497 1888 vertit
528 1830 680 1905 animum,
717 1849 778 1888 non
808 1835 991 1907 contentus,
1021 1837 1054 1888 ut

131 1912 388 1991 scortationibus,
419 1914 547 1992 stupris,
577 1911 733 1971 adulteriis
768 1920 870 1972 votum
906 1913 1052 1972 castitatis

131 2004 366 2074 conspurcaret,
411 1995 463 2054 sed
493 1996 696 2070 monasticas,
728 1995 905 2072 moniales,
946 2014 1052 2055 muna·

131 2080 245 2156 chates,
279 2078 308 2137 id
333 2087 388 2157 est,
412 2078 564 2139 solitarias
595 2078 734 2138 libidines
758 2077 925 2156 invenitlj.
968 2078 1053 2138 Haec
1115 2106 1118 2113 ·

132 2161 264 2221 Satanae
286 2162 434 2239 cogitatio
458 2163 520 2242 luit,
545 2182 635 2241 quam
659 2181 697 2220 an
721 2162 898 2242 perfecerit,
922 2162 1052 2221 viderint

132 2244 197 2321 alii,
222 2242 292 2301 mihi
316 2244 520 2320 cogitationes
552 2248 617 2304 eius
642 2246 792 2306 duntaxat
825 2245 963 2305 revelare
986 2262 1053 2325 pro-

133 2326 277 2406 positum,
300 2325 408 2402 quibus
431 2327 460 2384 in
475 2327 678 2388 Christianum
702 2330 846 2409 populum
861 2329 963 2389 omnia
987 2347 1053 2407 pes·

131 2410 207 2468 simu
232 2419 262 2467 et
291 2404 469 2467 foedissima
496 2429 618 2487 semper
640 2421 685 2471 est
721 2412 854 2472 molitus.
898 2412 942 2470 Tu
966 2429 1053 2488 cave,

132 2512 170 2551 ne
192 2491 300 2551 credas
326 2509 379 2548 eos
407 2499 490 2550 caste
514 2493 614 2551 vivere
623 2539 631 2571 ,
652 2511 730 2571 quos
753 2501 874 2552 constet
897 2495 989 2572 impie
1011 2494 1053 2552 vi·

133 2594 219 2654 vere,
242 2583 303 2633 tnm
327 2571 434 2633 alienis
458 2574 567 2653 opibus
589 2576 766 2654 saginatos,
797 2577 871 2654 otio,
895 2576 1054 2635 saturitate

132 2667 162 2719 et
184 2657 371 2717 abnndantia
394 2675 519 2716 securos
541 2676 642 2737 agere,
678 2657 756 2731 Quia
779 2658 858 2718 baec
881 2664 927 2717 est
948 2659 1054 2735 iniqui·

132 2751 178 2802 tus
203 2740 389 2815 (uithech.
414 2743 476 2814 lli.)
500 2739 656 2801 Sodomae
671 2741 785 2801 sororis
809 2750 878 2800 tuae
901 2740 1053 2820 superbia,

133 2825 275 2884 saturitas
306 2825 404 2903 panis,
433 2831 464 2883 et
486 2824 691 2900 abundantia,
720 2833 749 2883 et
782 2824 876 2885 otium
906 2825 1001 2902 ipsius
1025 2831 1055 2883 et

132 2909 260 2967 tiliarum
285 2911 365 2984 eius,
387 2913 417 2966 et
450 2926 572 2966 manum
595 2908 721 2987 pauperi
756 2926 817 2966 non
847 2907 1054 2986 porrigebant,

133 3002 162 3051 et
185 2991 323 3050 elevatae
346 2995 417 3048 sunt
450 2998 480 3049 et
513 2991 649 3053 lecerunt
681 2991 927 3050 abominationes
950 3008 1053 3050 coram

133 3094 191 3151 me,
211 3083 241 3132 et
262 3073 374 3133 abstuli
397 3092 448 3132 eas
472 3073 551 3131 sicut
574 3072 684 3134 vidisti.
729 3072 861 3156 Castitas
885 3074 936 3132 vix
960 3071 1054 3132 multo

133 3158 253 3233 labore,
278 3157 405 3236 penuria
428 3163 459 3215 et
481 3174 571 3215 cruce
594 3164 807 3234 conservatur,
838 3157 930 3216 etiam
954 3160 984 3214 in
1007 3155 1054 3231 iis,

132 3243 182 3319 qui
206 3241 335 3320 piissimi
358 3248 445 3318 sunt,
468 3239 497 3298 id
521 3246 586 3314 est,
616 3241 667 3317 qui
698 3239 806 3320 spiritu
835 3238 907 3299 fidei
929 3240 1055 3318 cingunt

133 3342 231 3398 renes,
256 3333 287 3381 ut
309 3323 391 3382 bisai.
417 3321 494 3403 11²)
526 3323 585 3382 ait:
620 3322 660 3383 m
682 3326 738 3382 erit
764 3323 878 3381 iustitia
900 3322 1054 3402 cingulum

134 3406 304 3466 lumborum
328 3407 404 3480 eius,
427 3413 457 3465 et
479 3404 554 3464 lides
578 3407 757 3466 cinctorium
789 3424 894 3464 renum
918 3407 971 3467 eis.
1016 3403 1056 3463 Et

132 3488 224 3549 Zacb.
248 3491 281 3551 9:
311 3488 505 3547 Frumentum
542 3488 709 3549 electurum
745 3494 775 3546 et
814 3489 916 3548 vinum
945 3488 1056 3568 germi-

133 3591 210 3631 nans
245 3572 376 3650 virgines
401 3579 448 3630 est
470 3571 583 3631 bonum
617 3582 647 3632 et
670 3570 828 3651 pulchrum
852 3572 956 3652 populi
972 3569 1054 3631 chri-

205 3753 235 3824 1)
257 3754 288 3808 In
306 3752 351 3808 sd.
370 3753 462 3822 priore
481 3751 573 3809 deest=
592 3751 704 3809 invenit.
742 3753 774 3823 2)
788 3750 905 3817 lbldern:
926 3752 951 3813 b.
