2392 4170
132 213 195 281 462
425 216 584 277 confutatio
605 216 770 282 ertharjspa
832 234 834 239 ·

135 372 205 452 capi
227 369 309 433 velit.
353 370 439 433 Ultra
462 372 608 449 dicimus,
641 368 802 450 sophiam
833 369 976 441 conubii
1003 387 1056 443 id?

133 473 225 535 perc,
258 471 337 532 quae
360 456 399 514 sit
420 454 593 522 substantia
615 454 755 532 peccati,
786 452 904 519 scilicet
922 452 1055 523 offensio

133 537 191 598 Dei
212 543 243 596 et
264 537 340 616 legis
353 537 409 599 Dei
425 538 647 617 transgressio‘3
669 535 724 607 ssd
741 536 833 615 quale
855 538 895 609 sit
914 537 944 606 in
967 555 1056 616 praes

133 619 308 683 dicamento
324 621 513 700 quantitatis,
536 619 700 700 qualitatis,
720 621 889 695 relationis,
911 620 1056 696 abbonis,

134 703 303 785 passionis,
337 705 387 767 hic
409 722 535 784 prorsus
563 701 638 771 nihil
660 704 768 773 sciunt,
814 701 915 778 Quare
937 701 988 761 hio
1010 703 1056 771 sio

134 784 288 862 tractabo,
320 793 354 846 ut
380 788 419 847 ud
450 787 555 851 omnia
576 785 695 860 Latomi
718 785 869 863 producta
891 784 988 853 semel
1008 803 1056 856 rs·

134 869 326 950 sponderim,
358 889 397 931 ne
420 868 497 933 liber
518 870 688 934 croacasin
709 868 924 948 immodicum,
951 869 977 936 si
1001 886 1057 948 par

133 951 256 1033 singula
277 950 454 1032 discurram,
477 952 664 1033 parcendum
688 952 769 1011 enim
794 960 841 1017 est
861 950 980 1022 lectori.
1036 952 1042 959 '

217 1033 257 1101 Ut
290 1053 364 1115 ergo
399 1037 588 1105 crassissima
618 1035 779 1113 loquamur
811 1053 866 1115 pro
890 1033 1057 1114 Sopbisliq

134 1127 296 1199 peccatum
324 1118 493 1183 secundum
526 1117 776 1199 praedicamento
807 1127 990 1194 tractemus,
1028 1118 1056 1185 ol

133 1202 212 1267 forte
234 1203 354 1282 possint
371 1221 428 1263 nos
445 1205 540 1280 sequi.
565 1201 729 1266 Peccatum
742 1201 818 1260 citro
829 1201 1056 1280 metaphoram,

135 1283 238 1351 ubiubi
260 1283 367 1397 fueritz
395 1303 465 1347 vere
495 1293 656 1364 peccatum
690 1291 737 1347 est
756 1293 866 1351 satura
887 1303 960 1360 suu,
996 1301 1057 1351 nes

134 1388 225 1433 unum
248 1368 346 1448 magis
379 1376 540 1448 peccatum
575 1385 665 1446 quam
700 1365 783 1429 aliud
812 1369 898 1433 iuxta
919 1368 1056 1448 proprie·

132 1458 227 1515 tatem
250 1450 456 1531 substantias,
490 1469 569 1530 quaa
596 1468 658 1515 uon
681 1450 809 1530 suscipit
832 1451 929 1528 magis
952 1468 1056 1530 usqua

133 1535 242 1595 minus.
285 1533 370 1596 Licet
391 1553 483 1597 uuum
505 1536 545 1595 sit
566 1536 664 1593 maius
686 1542 717 1593 ot
736 1532 843 1593 lortius
866 1533 942 1603 alio,
974 1535 1057 1603 picra

133 1625 164 1679 et
185 1614 355 1681 substantia
387 1636 449 1679 una
482 1619 579 1683 mator
611 1635 701 1696 quem
734 1615 848 1695 altero,
880 1634 941 1683 non
970 1617 1056 1685 euim

134 1701 233 1761 minus
253 1701 427 1765 substantia
448 1710 496 1761 est
506 1719 622 1777 musco,
644 1718 735 1778 quam
750 1698 855 1775 honio,
878 1717 935 1760 nec
952 1700 1056 1768 miuus

132 1784 227 1850 homo
248 1781 404 1861 infirmus,
433 1803 524 1863 quarn
546 1781 700 1853 robustus.
745 1781 857 1860 Porro,
888 1801 927 1843 ne
951 1801 1000 1851 ms
1022 1783 1056 1849 iu

133 1865 233 1935 verbis
255 1873 395 1947 captent,
423 1864 629 1933 substantiam
656 1865 709 1930 hio
740 1866 860 1945 recipio
883 1883 944 1929 non
966 1883 1056 1935 more

134 1949 316 2029 Aristotelis,
338 1949 392 2009 sed
416 1948 604 2027 Quintiliani,
629 1966 689 2027 quo
713 1947 807 2013 modo
830 1947 868 2011 de
889 1949 999 2028 quevis
1021 1966 1056 2019 re

134 2032 238 2094 muudi
261 2035 362 2112 possis
390 2035 519 2112 primurn
543 2033 714 2112 disputare,
748 2031 820 2111 quid
849 2033 905 2108 sit,
941 2030 1055 2095 deinde

133 2123 258 2196 quanta,
281 2115 391 2175 deinde
413 2115 521 2194 qualis,
544 2124 575 2176 et
596 2117 642 2174 sio
664 2114 703 2179 da
723 2113 806 2193 aliis,
829 2113 912 2193 quod
933 2124 965 2175 et
987 2115 1054 2177 Art·

132 2199 259 2261 stoteles
282 2198 427 2262 observat
449 2198 623 2278 ubicunque
646 2197 782 2276 disserit,
808 2197 864 2260 sed
892 2207 922 2256 et
945 2197 1055 2279 Sopbi-

132 2292 198 2343 stae
228 2283 323 2343 cuivis
361 2281 611 2361 praedicamento
644 2300 730 2343 suom
769 2281 904 2351 tribuunt
935 2281 1054 2360 quiddi-

132 2373 236 2429 tatem.
281 2364 331 2427 Sic
352 2366 433 2425 enim
457 2365 495 2432 de
516 2367 630 2429 iustitia
653 2364 836 2431 disserturus
858 2383 913 2444 per
935 2363 1054 2444 praedi·

133 2455 276 2511 cementa
297 2448 443 2528 dispones
465 2450 551 2511 locos
575 2448 733 2525 orationis,
755 2448 883 2527 primum
908 2449 980 2526 quid
1003 2449 1055 2524 sit,

133 2533 302 2595 secundum
319 2533 522 2597 substantium
550 2550 647 2607 suam,
665 2530 776 2597 deinde
794 2539 918 2609 quauta,
942 2532 1054 2610 qualis,

133 2634 273 2695 quorum,
295 2615 369 2695 qnid
391 2624 472 2695 agat,
495 2615 567 2694 quid
589 2615 732 2694 patiatur,
756 2612 876 2692 ubisit,
899 2632 960 2693 quo
979 2622 1053 2683 tem·

133 2717 209 2778 pore
231 2702 286 2776 sit,
310 2698 382 2779 qnid
405 2697 532 2776 habeat,
561 2697 718 2777 quomodo
741 2705 828 2775 gerat
850 2716 928 2757 sese.
972 2697 1051 2765 Nam

133 2783 183 2843 hic
205 2782 243 2843 do
273 2782 529 2862 praedicamentis
562 2781 735 2843 intellectus
770 2798 839 2841 meo
871 2781 984 2845 iudicio
1014 2780 1053 2849 ad

134 2865 353 2946 eloquentiam,
375 2864 416 2925 ad
439 2866 632 2945 memoriam,
650 2863 688 2925 ad
711 2863 915 2941 intellectum,
939 2863 979 2924 ad
1002 2882 1053 2931 oo·

134 2951 302 3029 gnitionem
325 2967 426 3009 rerum
454 2948 630 3013 utilissimus
657 2949 753 3028 foret,
790 2948 814 3006 si
847 2954 1053 3026 exerceretur,

133 3033 187 3095 sed
210 3032 324 3093 sobolis
347 3030 523 3111 sophisticis
545 3050 668 3112 prorsus
690 3031 825 3109 ignotus.

216 3116 283 3177 Hoc
305 3134 379 3177 vero
401 3124 563 3195 peccatum
581 3113 781 3181 substantiale
799 3116 850 3192 (ut
872 3112 953 3195 dixi)
976 3133 1053 3179 non·

134 3199 207 3261 nihil
228 3198 404 3278 intelligunt
426 3198 604 3278 sophistas,
637 3198 691 3259 aed
721 3202 791 3275 post
815 3196 999 3277 baptismum
1022 3205 1054 3263 ct

131 3284 262 3361 inlusam
288 3285 430 3345 virtutem
451 3282 507 3343 Dei
528 3281 573 3343 sic
595 3300 629 3341 se
657 3279 765 3358 babet,
790 3289 821 3340 ut
844 3282 981 3344 nondum
1002 3301 1049 3362 pe·

134 3368 214 3429 nitus
237 3365 311 3426 nihil
333 3368 387 3442 sit,
421 3365 583 3429 contritum
614 3374 719 3442 tamon¹
744 3371 791 3426 est
817 3371 848 3424 et
870 3364 1053 3443 subiectum,

134 3456 167 3522 ut
187 3451 256 3524 iam
269 3468 331 3515 non
355 3450 453 3528 possit
475 3448 557 3527 quod
579 3449 687 3527 potuit.
722 3445 801 3521 Quid
815 3455 916 3513 autem
931 3447 1053 3530 potuit?

132 3543 286 3611 reosncs
315 3532 427 3613 agebat
454 3550 558 3603 coram
582 3533 667 3608 Deo,
702 3541 733 3592 et
761 3532 981 3599 conscientiam
1011 3533 1053 3601 ip·

134 3616 264 3678 lestabat
287 3616 459 3696 tyrannice,
492 3615 691 3696 trahebatque
727 3614 765 3673 de
794 3613 895 3694 dieyin
919 3615 1000 3678 diem
1022 3617 1051 3676 in

135 3702 251 3762 maiora
287 3699 384 3779 mala,
419 3706 545 3778 cratque
579 3700 609 3758 in
639 3700 825 3783 quantitate,
853 3703 1000 3785 qualitate
1026 3709 1055 3760 et
