2392 4170
384 224 509 279 Rationis
528 223 710 283 mouimus
727 232 778 279 etc.
989 220 1052 296 463

133 374 254 453 wlleus
275 384 402 458 potens,
439 380 469 438 in
493 378 542 441 ubi
571 386 601 438 et
630 377 753 458 quando
782 376 948 456 regnabat,
980 379 1052 457 quiq

133 457 245 539 ubique
267 469 297 521 et
318 480 440 542 semper
472 463 504 521 in
536 461 677 523 omnibus
699 460 828 537 viribus,
864 462 947 523 omni
977 459 1052 526 hora

132 542 341 627 praevalebat.
380 544 414 607 Iu
436 546 588 624 passionis
612 563 685 609 vero
709 543 959 624 praedicamento
981 542 1053 609 oibil

132 631 213 702 eret,
235 644 299 691 nou
321 627 401 689 enim
425 627 598 708 petiebatur
620 627 718 707 legem
741 633 937 705 arguentem,
967 625 1050 687 uola-

132 708 184 777 bas
206 709 289 788 tangi
312 711 415 773 etiam.
459 710 578 772 Deinde
605 711 696 771 situm
719 729 805 770 suum
829 710 858 769 in
882 708 975 773 corde
997 728 1051 788 po·

131 799 251 869 suerat,
282 791 438 855 declinare
460 793 569 855 faciem
592 813 678 861 susm
703 792 864 867 deorsum,
896 791 985 857 etad
1008 795 1051 858 iu·

131 874 211 937 feros
235 893 411 954 properare.
454 875 548 939 Porro
579 875 687 937 relatio
722 885 787 937 erat
821 876 956 939 omnium
985 895 1052 954 pas-

132 958 219 1034 sima,
242 958 325 1036 quod
349 958 563 1039 opponebatur·
583 960 721 1038 gratiae,
744 957 914 1021 subiectum
937 957 1002 1017 irae
1024 965 1054 1025 at

131 1039 224 1099 furori
246 1039 314 1105 Dei.
358 1041 409 1105 Sic
431 1041 589 1121 regnabat,
613 1060 670 1103 nos
693 1039 902 1101 serviebamus
923 1041 976 1103 illi.

214 1123 256 1185 At
277 1141 345 1188 cum
367 1126 503 1189 venisset
523 1143 650 1204 reguum
673 1123 749 1200 Dei,
772 1122 900 1185 divisuro
924 1131 971 1188 est
993 1124 1052 1182 hoc

132 1225 277 1285 regnum,
311 1208 453 1287 princeps
476 1209 579 1269 mundi
601 1209 716 1269 eiectus
738 1206 836 1289 toras,
871 1214 964 1286 ceput
991 1225 1052 1271 ser·

133 1289 234 1367 peritis
257 1291 434 1369 contritum,
458 1309 555 1369 usque
577 1291 615 1351 ad
631 1291 734 1357 faeces
750 1298 781 1350 et
801 1288 947 1368 reliquias
965 1308 1053 1368 quaa·

133 1369 211 1448 dam,
235 1390 314 1450 quae
336 1380 443 1439 nostra
467 1373 587 1435 demum
611 1392 684 1434 cura
706 1374 765 1447 siut
792 1372 1054 1439 exterminandas.
1080 1448 1083 1453 ,

131 1451 181 1515 Sic
199 1455 344 1534 ingressis
357 1455 426 1517 filiis
438 1456 532 1524 lsrael
549 1464 660 1521 terram
669 1455 814 1519 Oheuaan
839 1474 946 1520 omues
961 1456 1053 1535 plane

131 1556 218 1619 reges
243 1538 472 1620 occidebantur,
494 1540 588 1603 virtus
611 1559 716 1608 eorum
739 1539 884 1615 counita,
908 1538 1053 1617 reliquiae

132 1629 233 1687 tameo
241 1620 468 1700 lebusseornm,
476 1621 741 1702 Chananaaorum,
753 1626 990 1685 amorraeorum
1003 1629 1054 1695 (ut

133 1701 226 1772 ludio.
251 1708 277 1767 1.
300 1703 459 1784 scribitur)
484 1714 713 1782 remanserunt,
744 1704 890 1773 naturalis
925 1715 955 1767 at
986 1724 1053 1784 ger·

132 1805 222 1851 mana
244 1789 344 1866 portio
366 1788 487 1851 illorum
516 1788 701 1870 populorum
728 1787 909 1866 deletorum,
930 1788 985 1855 sed
1009 1789 1054 1853 sic

132 1877 163 1933 ut
185 1877 290 1931 assent
311 1869 461 1939 tributarii
482 1878 513 1932 et
541 1873 636 1948 servi,
669 1890 733 1937 uon
762 1879 863 1931 autem
892 1877 1055 1950 regnarent

131 1958 182 2015 aut
210 1957 414 2031 aequarentur
447 1953 516 2014 filiis
537 1955 649 2032 lsrael,
687 1972 765 2033 quos
799 1952 922 2015 demum
951 1953 1053 2017 David

131 2035 303 2099 confortato
326 2055 422 2116 regno
446 2037 567 2101 delevit.
616 2037 663 2105 Ita
690 2055 747 2103 uos
775 2037 806 2101 in
829 2055 956 2116 regnum
979 2035 1051 2103 fidei

133 2119 233 2179 vocati
256 2138 311 2199 per
333 2118 478 2199 baptismi
498 2123 628 2201 gratiam
650 2139 780 2202 reguum
794 2121 914 2199 peccati
933 2119 1049 2187 obtine·

132 2221 210 2278 mus,
232 2203 330 2263 caesia
355 2203 497 2264 omnibus
520 2203 633 2265 viribus
647 2205 722 2267 eius.
750 2203 881 2269 Tantum
903 2204 934 2263 in
959 2222 1050 2271 menr-

132 2285 192 2347 bris
215 2284 360 2364 reliquiae
391 2295 531 2364 manent,
550 2295 836 2362 remurmurantes,
869 2293 900 2346 et
929 2288 1051 2366 generis

132 2367 223 2431 dasii
245 2370 291 2428 sui
313 2369 468 2448 ingenium
492 2378 522 2430 et
543 2377 683 2435 naturam
699 2369 877 2447 referentes,
899 2387 976 2448 quas
998 2390 1051 2436 oo·

132 2458 194 2512 stro
219 2457 314 2513 marte
331 2453 456 2514 abolere
478 2452 635 2516 debemus.
678 2451 745 2515 Fiet
764 2461 884 2532 autem,
918 2455 969 2513 ubi
992 2453 1050 2519 Du·

132 2535 182 2595 vid
206 2543 310 2595 noster
332 2539 504 2600 contestato
527 2555 622 2616 regno
653 2535 767 2601 sederit
797 2537 829 2600 io
859 2535 933 2597 sede
960 2538 1050 2604 made·

131 2621 217 2681 statis
241 2638 325 2680 sues.

215 2702 262 2764 De
295 2701 355 2762 hoc
383 2702 500 2781 reliquo
536 2710 664 2782 peccato
695 2703 768 2767 mihi
802 2721 871 2763 cum
897 2701 1051 2782 Sophistis

133 2787 272 2866 quaestio
309 2792 371 2865 est,
417 2805 456 2845 au
492 2786 531 2853 sit
565 2785 751 2851 censendum
785 2805 857 2847 vere
889 2794 1050 2867 peccatum

133 2868 249 2931 necne?
272 2867 311 2928 Et
334 2878 365 2930 ut
387 2867 501 2929 dictum
525 2876 581 2950 est,
603 2888 718 2948 negare
739 2887 802 2933 non
819 2878 958 2950 possunt,
980 2887 1052 2949 peo-

133 2966 233 3026 catum
258 2951 297 3013 ab
320 2951 472 3032 apostolo
497 2952 566 3030 diei,
588 2953 676 3012 sicuti
698 2952 823 3031 vellent,
845 2952 914 3014 ideo
938 2951 976 3013 ad
994 2950 1051 3018 rs-

132 3043 210 3101 trum
234 3034 355 3115 glossas
378 3044 408 3097 et
435 3036 644 3099 distinctiones
677 3035 874 3117 confugiunt,
908 3035 986 3097 adeo
1019 3042 1053 3099 ut
1103 3087 1104 3090 η

133 3120 333 3198 obtinuerint,
366 3127 398 3181 ut
421 3118 506 3180 Pauli
541 3138 603 3180 vox
635 3121 816 3186 conticuerit
848 3139 902 3200 per
933 3119 1051 3196 orbem,

133 3220 287 3281 nemoque
308 3204 347 3261 sit
369 3202 509 3282 amplius,
532 3203 583 3281 qui
605 3201 679 3267 illud
701 3207 862 3282 peccatum
886 3209 977 3269 vocet
999 3220 1051 3267 ne·

133 3287 230 3363 mine,
259 3304 321 3364 quo
343 3284 455 3345 Paulus
478 3294 585 3364 vocat,
616 3285 755 3351 volentes
777 3305 846 3347 esse
868 3305 976 3350 vocem
999 3285 1050 3355 ab·

133 3368 257 3433 surdam
279 3378 310 3429 et
332 3368 553 3448 periculosam,
589 3369 675 3448 qussi
698 3367 825 3449 Spiritus
853 3377 977 3436 sanctus
998 3370 1050 3435 mi·

95 3466 105 3483 ⁶
134 3472 189 3515 nus
222 3449 370 3531 providus
404 3452 508 3528 suerit,
541 3462 593 3512 aut
621 3451 721 3517 ,umba
747 3452 910 3530 ignorarit,
942 3452 1051 3532 quibus

133 3538 199 3601 siue
221 3534 368 3616 periculo
383 3535 421 3595 de
441 3535 531 3601 rebus
544 3537 608 3597 suis
625 3535 813 3617 loqueretur,
836 3542 866 3595 et
887 3554 945 3603 uos
966 3534 1052 3613 loqui

134 3620 269 3687 doceret.
311 3617 444 3695 Proinde
465 3637 521 3698 pro
543 3617 719 3687 reducendo
750 3637 810 3687 risso
830 3617 977 3690 Paulique
1000 3635 1052 3679 vo-

133 3704 177 3764 cis
201 3703 251 3764 hic
273 3703 377 3765 omnia
394 3704 528 3763 omnium
540 3702 663 3766 Petrum
686 3702 767 3763 dicta
787 3700 883 3763 semel
905 3704 935 3764 in
959 3719 1056 3773 unum!
