2392 4170
130 113 173 182 98
393 115 436 171 Da
454 113 532 185 capt
557 114 652 184 Babyl.
672 110 811 169 Esuibsia'a

135 271 255 334 ducere.
299 270 348 333 An
380 276 502 351 oportet
527 269 674 350 papulum
697 268 844 329 libertatis
866 262 1060 328 Obristiairue

133 352 328 435 rigidioribus
349 353 468 434 iegibus
488 372 627 431 onerare,
649 370 741 431 quam
763 346 910 432 popuimu
934 350 1061 411 servitu·

131 439 170 499 tis
191 436 321 519 legalis?
344 437 384 497 Et
406 445 438 496 ut
458 436 550 496 finem
562 437 671 496 faniam
694 437 820 496 istorum
843 433 1060 514 figmentorum

132 523 232 602 magis
267 539 357 600 quarn
391 520 693 600 impedimentorum,
726 518 815 598 diuo,
843 517 919 577 mibi
958 517 1061 579 adbnn

133 606 247 665 natium
278 622 426 684 apparere
454 603 723 683 impedimentum,
755 600 836 680 quod
865 609 1059 661 oonnaatnm

133 689 198 748 iure
215 688 345 767 dirimat,
367 687 425 746 nisi
437 688 647 767 impotentiam
661 682 898 765 cognoscendae
910 684 1061 763 osningi&

133 772 338 853 ignorantiam
360 772 420 830 inm
444 771 608 849 contracti,
631 776 662 828 et
683 778 787 829 votum
801 768 969 834 eastitatis.
1015 767 1062 829 Da

134 862 208 915 voto
232 863 334 913 tamen
356 854 398 912 ita
421 872 487 912 snm
510 854 644 913 incertus
667 870 764 931 usque
785 851 892 929 bodio,
921 859 955 911 ut
975 850 1062 932 igno·

137 957 216 1016 rem,
250 955 311 1016 quo
340 943 478 1016 tempore
507 938 545 996 sit
567 935 752 996 censendum
776 935 896 1015 uetere,
931 936 1012 995 sieut
1029 940 1064 995 bt

136 1021 314 1100 supradixi
343 1021 373 1078 in
394 1020 536 1099 baptismi
564 1025 768 1090 sacramento.
808 1018 904 1078 ¹Dione
933 1036 1009 1099 ergo
1030 1018 1061 1078 ib

139 1104 200 1164 boe
232 1122 293 1162 uno
324 1105 535 1179 matrimonio,
567 1121 657 1181 quam
686 1102 849 1162 infeliciter
880 1108 913 1160 'et
940 1100 1064 1181 perdite

137 1187 242 1247 omnia
268 1187 328 1246 sint
350 1187 492 1263 confusa,
521 1186 683 1266 impedito,
712 1187 828 1246 irretita
859 1191 890 1243 et
916 1183 1062 1265 perieulis

139 1269 277 1329 subiecta
297 1288 353 1348 per
367 1270 555 1349 pestilentes,
576 1270 718 1328 indueras
739 1269 912 1348 impiasque
928 1268 1064 1329 tradido'-

137 1373 191 1413 nes
213 1353 387 1430 hominum,
410 1369 612 1432 quaeeunque
632 1353 663 1410 in
680 1352 819 1411 ¹ecelesia
840 1359 1004 1433 geruntur,
1032 1357 1067 1411 ut

138 1436 222 1496 untia
243 1435 369 1496 remedii
390 1453 461 1514 spes
484 1437 532 1513 sit,
554 1437 612 1495 nisi
632 1440 780 1495 revocato
802 1435 949 1495 libertatis
975 1440 1065 1495 esbu-

138 1519 238 1599 gelio,
273 1517 440 1578 seeundum
473 1519 572 1598 ipsum
605 1520 764 1579 exstinctis
797 1519 892 1578 semel
918 1516 1067 1579 ‘omuibus

139 1603 275 1663 omnium
297 1601 453 1661 bominum
478 1601 605 1682 legibus,
628 1601 914 1662 omnieindieemus
937 1608 1066 1683 strega-

139 1704 216 1747 mus.
260 1683 410 1763 Ameml)

222 1768 270 1829 De
296 1768 479 1847 impotentia
504 1767 649 1850 itaque²)
680 1787 772 1828 sexus
795 1766 974 1844 dioendum,
1001 1782 1066 1847 qao

141 1853 239 1933 possit
260 1851 378 1911 facilius
400 1849 519 1910 eonsuli
542 1852 717 1929 animabus,
738 1851 875 1931 periouio
898 1849 1067 1911 laboranti·

141 1934 206 1994 bus.
248 1934 317 1994 Hoc
338 1941 441 1994 tamen
463 1935 649 2014 praemisso,
673 1934 756 2014 quod
779 1952 830 2010 ea,
852 1952 932 2013 quae
954 1932 994 1994 de
1010 1934 1067 1993 im·

141 2017 323 2098 pedimentis
348 2017 427 2093 dixi,
455 2018 537 2078 diota
559 2018 630 2078 volo
652 2025 724 2098 post
742 2018 971 2077 ·mbtrimonium
994 2028 1068 2078 nott·

139 2106 283 2173 tranium,
314 2119 353 2159 ne
382 2099 491 2159 talibus
514 2100 608 2160 nilum
642 2102 807 2162 dirimatur.
856 2097 1000 2164 Ceterum
1025 2098 1066 2159 do

140 2182 351 2244 contrahendo
373 2176 503 2243 breviter
525 2185 664 2265 dixerim,
688 2183 769 2265 quod
783 2183 961 2263 supradixi,
985 2180 1066 2263 quod

141 2267 167 2325 si
190 2273 297 2345 urgeat
318 2285 404 2326 emor
417 2269 591 2346 iuventutis,
614 2275 644 2328 et
666 2269 791 2347 quaevis
808 2267 876 2327 alia
890 2268 1067 2346 nenessitas,

141 2360 267 2430 propter
292 2368 382 2428 quam
407 2351 564 2430 dispensat
584 2371 680 2431 papa,
710 2350 867 2430 dispensat
884 2351 984 2410 ¹etiam
1000 2349 1067 2429 qni·

142 2432 216 2493 libet
236 2432 330 2493 frater
351 2451 420 2492 oum
443 2436 551 2511 fratre,
572 2445 623 2495 aut
645 2437 713 2514 ipse
735 2452 804 2494 oum
826 2452 860 2493 se
873 2434 959 2513 ipso,
982 2439 1069 2514 rapta

142 2535 197 2597 per
223 2516 284 2576 hoo
312 2518 471 2577 eonsilium
501 2536 612 2596 uxore,
652 2519 689 2578 de
718 2537 809 2578 mana
840 2519 1069 2597 tyranniaarum

142 2599 244 2680 legum
268 2608 422 2679 uteunque
444 2602 563 2680 poterit.
610 2601 650 2662 Ut
672 2601 743 2680 quid
759 2603 839 2660 enim
862 2599 1069 2660 meaiibertaa

145 2684 259 2744 tollitur
289 2684 391 2760 atiena
422 2686 638 2764 superstitione
660 2694 690 2744 et
721 2682 917 2764 ignorantia?
954 2681 1070 2743 Anibi

144 2785 200 2846 pro
222 2769 355 2848 pecunia
377 2787 458 2847 papa
480 2768 723 2848 dispensatum
745 2786 806 2827 non
829 2767 896 2848 ipse
912 2784 969 2847 pro
984 2778 1071 2826 mede

147 2849 253 2910 salutis
276 2851 495 2911 commoditate
517 2870 635 2911 meeum
665 2858 718 2914 ent
738 2871 806 2912 eum
834 2852 926 2912 fratre
947 2850 1071 2930 disper·-

145 2932 232 2993 aem?
260 2932 372 2993 Statuit
395 2935 477 3013 teges
505 2935 609 3015 papa?
642 2936 698 2996 sibi
730 2943 858 3015 statuat,
889 2954 957 2994 mea
985 2932 1073 2994 salva

144 3015 295 3094 libertate,
318 3016 365 3076 vel
390 3019 510 3079 oooulte
533 3027 680 3099 surrepta.
725 3019 891 3080 Videamus
908 3020 1013 3098 itaqua
1034 3014 1073 3076 de

144 3097 337 3179 impotentis.

229 3180 352 3257 Quaero
380 3203 485 3243 obsum
512 3186 679 3264 eiusmodi,
714 3188 739 3246 si
771 3187 878 3248 mulier
910 3186 1075 3267 impotenti

145 3275 241 3346 nupta
263 3267 328 3327 viro
351 3285 409 3328 nee
431 3270 529 3348 possit
550 3288 607 3329 neo
630 3271 702 3331 velit
722 3271 801 3331 forte
823 3279 868 3331 tot
883 3271 1075 3333 testimoniis

199 3447 230 3517 1)
253 3449 283 3500 iu
302 3449 345 3503 ed.
362 3448 427 3503 den.
446 3457 473 3503 et
492 3452 565 3506 Witt.
590 3452 689 3506 desunt
713 3455 798 3505 verba
815 3454 880 3507 iude
899 3469 929 3508 a:
949 3453 1078 3526 Aeque

147 3527 378 3574 commentum
416 3529 484 3592 est,
522 3512 689 3593 usque'ad:
731 3541 901 3595 regamus.
955 3525 1076 3585 Amen.

146 3590 179 3661 2)
201 3591 284 3646 ibid:
304 3595 396 3647 etiam.
