2392 4170
130 251 192 321 456
406 292 408 294 -
422 250 589 310 (Βουὴιιιιῆοι
602 253 769 308 Lntherisns

130 408 221 471 sest?
246 426 322 470 uum
345 405 463 490 figurae
483 409 633 471 eiusmodi
661 410 722 470 sint
752 410 783 473 iu
812 406 936 470 arbitrio
966 408 1053 469 uten-

132 494 224 569 tium,
246 510 310 568 seu,
335 499 367 552 ul
388 499 526 572 voonnt,
540 492 579 554 sd
601 492 770 575 plenilunii
802 491 888 555 Siout
906 489 1054 553 Horatius

132 575 238 637 duest:
273 574 394 637 Dixeris
426 577 566 657 egregie,
601 585 708 638 notum
739 577 764 638 si
795 573 907 640 eallide
925 571 1053 641 verbnm

131 657 297 721 reddiderit
318 658 460 720 innoturu
481 677 604 722 novum.
648 660 791 740 Exempli
814 677 928 737 ouuso,
956 654 1054 719 vexil-

132 743 193 803 lum
216 759 309 805 nemo
330 761 392 803 non
414 741 545 823 simplex
574 742 760 804 vocabulum
783 743 876 806 duoit.
920 741 962 801 At
983 758 1053 801 oum

134 825 254 902 dixero,
276 824 422 887 vexillum
446 828 563 905 erneis,
585 834 636 887 sut
657 827 802 887 vexillum
826 824 926 902 verbi,
959 841 1054 885 nemo

132 927 194 977 non
219 908 343 989 egregie
375 908 489 971 foetum
522 907 647 971 verbum
677 929 789 974 novum
823 929 862 970 ex
889 906 1054 968 notissimo

132 992 238 1054 seruit.
280 991 398 1053 lithos
419 993 559 1073 egregins
581 994 797 1055 innovationes
827 993 852 1052 si
884 990 959 1052 velis
981 1006 1055 1070 pro·

132 1075 214 1156 prius
234 1074 476 1156 siguiliostiones
497 1076 616 1151 lusere,
644 1077 712 1156 quis
735 1077 791 1137 erit
812 1074 903 1136 linis?
936 1071 1056 1135 soiliest

132 1157 202 1233 ideo
231 1158 266 1223 in
294 1157 394 1220 lexioo
426 1159 558 1222 scribes:
597 1159 751 1220 Vexillum
775 1157 939 1239 uliqusndo
961 1157 1056 1238 sigui·

133 1241 206 1303 liunt
219 1259 341 1303 oruoem
355 1243 546 1323 propositum
558 1249 588 1303 et
600 1242 803 1323 Evangelium
819 1239 1055 1323 proediostum?

133 1324 253 1385 Persius
276 1328 373 1406 osope
404 1325 573 1387 lnuiestum
598 1333 705 1402 voest,
735 1345 808 1406 ergo
838 1321 1057 1387 scribendum?

132 1407 224 1483 Noto,
246 1408 351 1471 tunios
371 1407 525 1488 signifieat
546 1409 691 1470 nortioern
714 1428 860 1488 eoepue„

216 1489 349 1553 Proinde
372 1491 444 1552 mihi
466 1491 668 1553 Hebrseistus
689 1488 735 1553 illi
753 1512 817 1553 uon
839 1492 978 1572 plausui,
1002 1490 1056 1570 qui

134 1579 190 1649 tos,
200 1573 252 1634 uni
274 1574 368 1636 verbo
383 1573 625 1656 significationes
638 1575 763 1652 leniunt,
785 1574 951 1637 oeessione
964 1571 1056 1634 cusl-

134 1656 290 1718 dnieorum
312 1657 441 1718 istorum
464 1657 575 1720 Onkeli
597 1667 628 1720 et
647 1659 812 1735 lonuthue,
840 1675 971 1738 quorum
994 1655 1057 1717 hoo

135 1739 290 1820 negotium
313 1741 407 1801 titisse
428 1740 563 1816 videtur,
586 1749 618 1802 ut
640 1762 696 1819 es,
725 1761 805 1822 quse
827 1741 984 1819 Scriptura
1006 1758 1057 1798 ve·

135 1822 317 1885 uuslissimis
352 1831 384 1885 et
421 1825 622 1886 ornatissimis
657 1825 762 1906 liguris
795 1824 963 1904 eloquitur,
997 1841 1055 1903 pro

129 1904 257 1968 rudibus
281 1911 445 1982 exuerent,
481 1914 522 1972 et,
534 1926 640 1969 orssso
652 1970 654 1974 ,
668 1908 859 1988 simplicique
880 1903 1056 1986 signifiesto

134 1988 298 2050 lusdereut.
341 1989 421 2050 Hine
443 1995 534 2051 nstse
555 1990 625 2052 illue
647 1993 920 2070 seqnivooutiones
941 1990 973 2049 in
996 1988 1057 2052 isra

134 2072 240 2152 lingue
259 2073 326 2133 sine
347 2091 452 2149 esuse,
474 2079 506 2134 et
526 2074 678 2153 quaedum
702 2074 891 2154 Babylonios
913 2071 1056 2137 eoulusio

134 2153 303 2216 verborum.
350 2154 424 2216 Mire
447 2157 527 2216 enim
544 2156 727 2236 dispergitur
749 2162 781 2218 et
800 2155 1003 2236 intelligentis
1024 2163 1056 2214 et

134 2239 253 2299 unimus
275 2238 334 2301 ists
358 2239 521 2314 verietate,
551 2239 601 2300 ubi
633 2242 658 2301 si
680 2260 739 2301 nnn
762 2239 891 2320 simplioi
915 2237 1065 2321 (quoties-

133 2319 199 2380 fieri
227 2319 351 2402 potest)
382 2321 605 2401 significatione
633 2325 793 2404 proposita
827 2328 945 2383 eeteros
973 2319 1054 2382 illius

134 2404 284 2484 imagines
306 2410 337 2464 et
357 2402 471 2484 figures
492 2405 579 2466 iuxta
600 2409 751 2487 posueris,
773 2405 896 2487 plaeido
919 2411 949 2463 et
972 2403 1055 2464 fusili

134 2487 203 2547 sinu
226 2505 348 2547 omnem
364 2486 448 2549 illem
464 2488 676 2550 confusionem
692 2489 830 2570 oolliges,
852 2495 913 2548 lum
937 2495 968 2548 et
992 2506 1053 2547 me·

136 2569 263 2641 morium
287 2574 317 2631 et
337 2570 571 2649 intelligentiam
589 2574 697 2633 mirum
721 2574 751 2633 in
777 2572 900 2633 modum
923 2567 1055 2646 iuvabis,

134 2672 192 2713 neo
213 2654 313 2716 miuus
340 2653 475 2715 animum
499 2655 589 2715 simul
619 2656 796 2716 dulcissimo
825 2653 983 2734 voluptate
1005 2671 1053 2713 os·

134 2737 210 2816 pies.
252 2736 368 2800 Nesoio
392 2737 490 2814 euim,
512 2756 592 2817 quse
614 2740 653 2799 sit
675 2738 840 2819 figurarum
863 2736 1000 2816 euergis,
1022 2742 1055 2794 ut

134 2825 195 2880 tum
218 2823 360 2900 potenter
375 2819 489 2880 intrent
504 2827 536 2880 et
552 2821 696 2898 efficiunt,
718 2824 761 2882 itu
781 2827 815 2881 ut
836 2820 937 2882 omnis
957 2818 1053 2879 homo

134 2908 243 2963 neturs
265 2909 296 2962 et
319 2900 423 2962 audire
440 2908 471 2962 et
492 2902 574 2984 loqui
597 2905 710 2984 gestiat
732 2905 871 2984 figurate.

215 2984 326 3046 Nonne
349 2984 444 3045 multo
469 2984 586 3047 dulcius
614 2993 718 3048 sonet:
750 2986 835 3049 Coeli
846 2984 885 3129 *p
909 2992 1052 3046 enarrent

133 3067 262 3149 glorium
284 3067 351 3142 Dei,
374 3086 464 3146 quens
488 3069 584 3129 istud:
623 3070 764 3151 Apostoli
788 3088 862 3151 pree
885 3070 968 3129 inunt
990 3086 1053 3128 ver·

134 3149 204 3210 bum
228 3149 306 3211 Dei?
327 3150 368 3210 m
388 3151 513 3229 quondo
535 3152 638 3213 Moses
653 3153 742 3216 Deut.
758 3155 788 3216 4.
809 3153 883 3214 dioit
904 3151 943 3212 de
965 3150 1054 3211 astris

135 3252 195 3295 non
218 3231 399 3294 odorandis:
431 3233 477 3295 Ne
501 3233 578 3296 forte
606 3235 717 3297 odores
746 3256 800 3312 eu,
835 3253 916 3315 quae
937 3233 1054 3296 eresvit

130 3315 379 3377 -DominnsDeus
402 3323 470 3375 tuus
493 3317 522 3377 in
548 3318 745 3380 ministerium
760 3319 877 3380 eunetis
899 3316 1055 3398 gentibus,

134 3417 214 3477 quae
241 3397 298 3460 sub
332 3398 421 3459 eoelo
457 3407 536 3460 suut.
592 3399 625 3462 Si
657 3401 820 3463 hebraeum
848 3400 976 3461 verbum
999 3419 1054 3460 sus

134 3481 328 3562 simplieitate
350 3480 460 3542 reddas
483 3483 621 3544 involute
645 3485 842 3566 metaphoris,
874 3490 958 3544 uerte
980 3481 1052 3542 nihil

143 3711 146 3718 »
207 3751 238 3819 ‘i
259 3752 330 3809 Pssl.
352 3751 395 3807 19.
