2392 4170
314 245 462 295 axiomata
481 241 514 296 D.
536 241 612 295 liras.
631 241 710 296 Rote.
730 247 781 295 etc.
948 239 1004 302 241

89 397 171 456 errim
197 398 299 456 rrmnia
323 397 392 475 legi,
414 394 468 454 sed
491 415 571 474 quae
593 396 651 474 legi
676 394 754 455 adeo
777 396 927 455 immerito
950 395 1015 453 reii-

89 481 221 551 cinntur,
244 487 277 539 ut
299 480 352 539 liat
374 480 464 550 etiam
488 481 595 538 iniuria
609 479 704 538 sacris
722 478 836 553 litt-eris,
851 495 926 557 quas
949 479 1015 557 ipse

88 564 241 621 sincerius
263 564 400 642 exponit.
444 561 593 641 Pleraque
623 561 661 621 ab
684 579 722 641 eo
743 560 825 621 diota
848 570 908 620 tam
932 571 1014 619 certa

89 655 162 703 snm
184 644 264 724 apud
288 665 348 721 me,
371 655 412 721 ut,
434 646 457 703 si
482 646 572 704 etiam
596 643 747 705 coelestes
770 644 870 723 angeli
897 650 1016 703 contre·

90 730 208 805 dicant,
231 746 292 790 non
316 748 364 797 me
386 728 447 787 sint
469 729 656 788 asenteutia
679 746 748 788 mea
763 727 927 807 depulsuri.
958 726 1015 786 Ubi

89 810 239 871 articulos
263 810 486 872 condemnatos
509 810 624 889 legero,
648 809 719 888 quid
736 813 864 871 sentiam
889 810 927 869 de
943 829 1016 889 quo·

90 896 138 953 vis
162 893 291 954 libenter
325 905 424 954 tecum
452 912 559 972 agam,
595 893 686 954 liceat
718 894 797 953 enim
821 894 903 954 'milri
934 893 1015 971 quod

89 977 253 1053 omnibus,
276 977 389 1056 alioqui
411 995 471 1036 non
496 996 573 1042 sum.
597 977 648 1055 qui
673 976 853 1037 Martiniano
876 976 924 1034 vel
948 994 1016 1054 pro-

90 1060 145 1119 bet
168 1061 215 1119 vel
237 1060 419 1140 improbet“.

176 1142 241 1204 Nos
268 1149 384 1202 textum
417 1142 662 1202 Axinmatum
692 1148 722 1200 et
745 1141 882 1202 Brevis
905 1141 1016 1202 Com·

91 1227 388 1287 memorationis
421 1222 606 1285 reddidimus
640 1221 807 1284 secundum
852 1225 1016 1284 editionem

91 1309 295 1388 originalem,
324 1327 414 1387 quam
443 1327 536 1388 supra
563 1308 662 1396 primo
691 1307 760 1366 loco
783 1309 1017 1385 nominavimus,

90 1393 239 1453 collatam
264 1412 331 1451 cum
356 1391 403 1452 ed.
426 1392 492 1452 len.
511 1389 591 1470 Op‘p.
606 1389 692 1450 Luth.
715 1409 740 1450 a.
762 1393 850 1454 1557.

177 1475 332 1555 Leguntur·
360 1474 437 1535 haec
465 1474 577 1553 scripta
608 1472 732 1533 latine
750 1474 792 1542 ¹⁴in
822 1473 870 1536 ed.
892 1474 957 1534 len.
982 1472 1017 1546 lt,

92 1579 125 1639 p.
149 1559 218 1621 331.
251 1556 376 1620 Witteb.
400 1557 442 1634 ll,
476 1559 617 1636 p.116.,
652 1557 877 1634 germanice
909 1557 937 1615 in
971 1556 1017 1616 ed.

92 1641 182 1702 Witt.
206 1641 245 1700 lX
274 1659 303 1720 p.
328 1641 378 1704 98.
421 1639 523 1702 deul
551 1660 580 1719 p.
603 1640 680 1712 236,
712 1638 867 1698 Altenb.l
897 1659 924 1719 p.
948 1640 1019 1716 512,

91 1725 174 1805 Lips.
199 1723 282 1784 XVll
304 1743 333 1804 p.
356 1725 426 1798 376,
451 1722 567 1783 Waluh.
591 1721 657 1793 XV,
680 1742 708 1801 p.
733 1721 823 1786 1919.

449 1975 659 1984 uu·—

146 2169 319 2236 Axiomata
340 2167 376 2234 D.
399 2167 523 2234 lirasmi
544 2165 764 2246 Rotarodami,
786 2185 845 2252 pro
866 2185 964 2234 causa

92 2277 215 2337 Martini
256 2272 376 2335 Lutheri
416 2274 583 2352 Theologi,
622 2275 770 2335 Coloniae
808 2295 848 2334 ex
882 2283 1019 2354 tempore

91 2361 218 2439 scripta,
241 2368 271 2416 et
285 2357 421 2437 Georgio
437 2357 606 2436 Spalatino,
630 2358 813 2437 acolloqnio
828 2357 1019 2419 serenissimi

92 2443 243 2522 Principis
260 2440 412 2513 liriderici,
436 2440 531 2500 Ducis
545 2439 700 2500 Saxoniae
716 2441 878 2518 Electoris,
901 2441 1020 2518 tradita,

332 2527 360 2587 5.
382 2523 533 2584 Novemb.
557 2523 593 2582 M.
619 2524 653 2584 D.
677 2522 784 2596 xiil)

180 2677 260 2738 Fons
283 2679 326 2737 rei
349 2679 445 2738 malus
469 2683 534 2756 est,
568 2678 671 2736 odium
696 2676 843 2737 bonarum
866 2676 1019 2737 literarum

94 2773 126 2822 et
149 2760 304 2822 affectatio
326 2759 506 2842 tyrannidis.

183 2843 292 2908 lllodns
306 2843 416 2924 agendi
434 2843 509 2903 fonti
531 2840 707 2923 respondet,
730 2841 926 2920 clamoribus,
949 2861 1020 2903 oon·

94 2927 306 3006 iurationibus,
329 2927 447 2988 acerbis
469 2917 558 3005 odiis,
581 2925 737 2986 virulentis
760 2926 890 3006 scriptis.

180 3010 343 3076 Personae.
367 3029 422 3090 per
444 3028 519 3089 quas
542 3010 720 3089 resurgitur,
743 3016 914 3090 suspectae.
1007 3006 1009 3012 ⁴

180 3094 256 3154 Cum
279 3095 411 3174 optimus
434 3093 562 3171 quiaque
591 3102 621 3152 et
642 3091 841 3171 evangelicae
863 3091 1022 3154 doctrinae

95 3180 256 3260 proximus
278 3177 396 3237 dicatur
414 3176 536 3235 minime
559 3174 693 3236 offensus
713 3173 854 3240 Luthero.

180 3260 270 3336 Quod
284 3256 440 3321 Pontifiois
463 3258 607 3318 facilitate
629 3257 753 3338 quidam
771 3257 946 3338 abutuntur,
970 3279 1022 3318 nn-

98 3356 162 3406 tum
185 3352 240 3405 est.

153 3613 181 3674 1)
192 3610 272 3665 lned.
283 3613 353 3680 orig.
364 3606 557 3662 tantummodo
565 3607 895 3677 haecscriptaleguntur:
915 3607 982 3660 Axi
991 3625 1023 3663 o·

98 3690 192 3737 mata
218 3682 357 3736 Erasmi
387 3681 443 3734 Ro.
474 3696 537 3750 pro
568 3695 679 3733 causa
708 3679 851 3733 Martini
881 3679 1025 3737 Lutlreri

98 3755 295 3824 Theologi3
316 3753 424 3822 reliqua
442 3753 619 3820 repetivimus
639 3768 675 3805 ex
697 3750 739 3803 ed.
760 3749 877 3805 lenensi

126 3860 217 3902 Lause
232 3870 285 3910 opp.
298 3859 326 3901 v.
339 3860 368 3899 a,
381 3859 410 3898 se
423 3857 464 3898 sn.
478 3857 528 3898 ma.
542 3858 557 3898 ι.
569 3869 590 3908 ρ.
608 3858 657 3897 vu.
675 3857 701 3900 v.
827 3827 867 3895 16
