2392 4170
342 239 380 307 ad
398 241 475 307 artie.
495 244 665 307 wormatiae
683 246 838 305 damnatos.
1015 243 1058 315 29

133 435 198 483 rem
221 418 325 481 fletam
349 423 379 482 iu
403 421 528 502 mundo,
550 419 781 501 nequeenim,
803 437 904 500 neque
924 418 1058 480 futurum

132 522 213 584 esse,
234 503 289 566 sed
310 503 394 586 fingi.

117 585 120 590 ’
153 605 156 610 ·
215 584 304 648 Luth.
352 586 422 650 Hae
458 586 558 648 adhue
591 586 686 665 dieo,
718 596 750 647 et
779 587 969 661 ‚eontrarium
1002 605 1059 679 per

132 670 304 751 Seripturas
327 689 390 731 non
413 679 518 753 potest
538 671 672 752 probari.

219 753 353 816 'Colleot
398 754 552 815 Artieuios
574 752 721 814 Iohannis
754 753 835 814 Huss
864 774 971 825 omues
1009 777 1057 819 su·

132 839 245 918 seipio,
272 847 398 921 paratus
421 837 585 899 defendere
607 856 677 913 eos,
701 855 757 918 per
782 840 913 919 gretiam
936 839 1064 924 Christi,

132 923 230 983 invito
259 921 312 982 illo
343 930 443 983 rerum
474 928 619 1002 portento
651 929 683 981 et
704 920 952 1006 abominatione,
979 943 1060 1005 quse

133 1005 221 1067 sedet
246 1007 277 1064 in
300 1003 370 1065 iooo
387 1012 511 1070 saneto.
544 1000 655 1067 Verum
684 1007 789 1067 omnia
809 1003 958 1068 Iohannis
979 1009 1060 1073 Huss

133 1092 164 1151 iu
191 1087 324 1149 oonsilio
348 1088 578 1150 constantiensi
599 1088 730 1169 probate
751 1106 813 1149 nou
836 1090 976 1158 admitto.

216 1169 304 1233 Loth.
338 1170 416 1247 Quia
439 1173 477 1233 de
490 1172 621 1233 eoelesie
643 1181 750 1232 saneta
767 1173 920 1234 catholiea
936 1189 1060 1258 sonant,

134 1265 166 1317 ut
185 1262 270 1337 patet
292 1257 322 1313 in
345 1260 410 1315 eius
432 1256 519 1317 libro.
633 1320 639 1333 Ι

216 1334 346 1400 Oelieot.
390 1339 531 1399 Liberum
553 1337 708 1399 arbitrium
730 1358 800 1400 esse
821 1337 999 1421 figmentum
1027 1344 1060 1405 in

133 1422 245 1499 rebus,
266 1440 321 1481 seu
345 1423 462 1482 titulum
484 1425 551 1482 sine
578 1442 632 1502 re,
654 1423 725 1502 quia
748 1422 823 1482 nulli
845 1434 893 1485 est
912 1426 944 1486 iu
967 1445 1059 1490 manu

133 1525 191 1566 sua
212 1505 377 1586 quidquam
400 1507 536 1587 cogitare
560 1506 632 1566 mali
652 1512 706 1565 eut
726 1504 821 1586 boui3
844 1505 899 1567 sed
916 1517 949 1569 ut
971 1509 1059 1571 Vuie

134 1589 198 1649 {effi
239 1590 385 1649 articulus
419 1589 619 1650 constantiae
653 1590 815 1649 damnatus
848 1599 932 1652 reete
957 1591 1058 1674 dooet,

135 1672 174 1732 de
208 1674 393 1733 necessitate
425 1673 568 1733 absoluta
600 1673 744 1751 evenire,
777 1674 860 1753 quod
896 1685 928 1735 et
962 1675 1059 1738 Poeta

134 1755 241 1834 voluit,
264 1774 332 1816 oum
356 1756 448 1820 dixit:
473 1756 564 1817 Certa
584 1763 663 1816 stent
688 1758 792 1816 omnia
811 1756 894 1838 lege,

215 1838 303 1901 Luth.
347 1838 426 1915 Quia
448 1841 542 1900 homo
565 1858 628 1922 noa
647 1847 750 1919 potest
772 1840 888 1901 bonum
908 1843 1059 1904 velleneo

90 1985 107 2002 ,
132 1923 234 1984 faeere
258 1943 297 1983 ex
318 1942 352 1982 se
372 1926 451 2003 ipso,
478 1922 532 2005 sed
551 1932 666 1983 tautum
691 1923 814 2005 malum,
837 1923 953 1991 Genea.
977 1929 1005 1991 6.
1028 1935 1060 1988 et
1086 1979 1089 1985 .

131 2013 162 2087 8,
186 2017 217 2066 ut
239 2007 367 2086 probavi
389 2011 419 2067 in
443 2007 681 2070 assertionibus.

217 2089 347 2153 Colleet.
381 2093 451 2151 Alia
468 2093 627 2151 innumera
643 2089 833 2173 blaspheme,
855 2091 894 2153 ab
907 2093 1058 2155 ecelesiae
1147 2152 1149 2158 ,

133 2175 191 2234 ritu
213 2173 411 2252 alienissime,
432 2176 462 2234 in
484 2176 579 2254 ipsius
602 2173 685 2234 libris
707 2175 812 2255 legere
834 2184 891 2238 est.

215 2257 302 2319 Luth.
351 2256 430 2333 Quia
452 2260 510 2337 ipsi
535 2277 597 2318 non
627 2266 760 2338 possunt
785 2278 962 2338 numerare,
984 2280 1052 2321 eum

132 2340 206 2401 nihii
229 2342 335 2401 talium
365 2343 511 2420 dixerim,
540 2343 594 2402 sed
621 2344 678 2421 ipsi
715 2342 816 2403 soiunt
845 2341 963 2405 infinita
994 2348 1053 2406 iata

131 2424 249 2504 fingere
272 2435 302 2485 et
323 2426 486 2486 somniare.
698 2428 701 2432 ’

216 2508 346 2573 Oolleot.
398 2507 578 2569 Pontificem
606 2507 799 2587 Romanum,
828 2510 915 2570 euius
942 2510 1057 2573 iudicio

131 2611 167 2654 se
189 2593 339 2672 principio
367 2591 529 2670 submisit,
558 2599 590 2651 ut
611 2589 732 2672 debuit,
757 2599 791 2651 'et
818 2611 922 2652 verum
946 2592 1058 2656 Christi

134 2676 289 2737 Vioeriuur
314 2683 346 2736 et
361 2676 540 2736 universalis
563 2675 714 2735 eeclesiae
725 2676 905 2759 episeopum
919 2679 1057 2757 agnovit.

214 2759 303 2824 Luth.
356 2757 436 2834 Quis
469 2759 507 2820 eb
540 2759 627 2819 initio
665 2758 840 2819 nesuiebsm
880 2778 950 2819 eum
989 2779 1058 2821 esse

132 2843 254 2904 hostem
278 2839 455 2923 Soripturae
477 2848 614 2924 sanotae,
637 2850 668 2903 et
690 2861 813 2904 suarum
837 2844 937 2922 legum
956 2851 1058 2925 tyrsa-

132 2946 216 2990 num.
270 2925 339 2986 Hoo
370 2928 450 2987 enirn
489 2934 601 3008 postea
636 2925 728 2986 didici
757 2946 812 2988 usu
849 2929 1057 2989 contentionis

132 3013 231 3072 huius.

216 3092 344 3155 Colleet.
376 3093 555 3156 Pontificem
576 3094 749 3155 Romanum
773 3112 848 3155 mox
863 3094 1059 3174 haereticum,

132 3179 383 3256 sehismatioum,
418 3178 545 3257 idolum,
598 3179 744 3240 Seianam
779 3180 894 3259 passim
929 3181 960 3239 in
996 3182 1058 3240 suis
1118 3236 1120 3240 .

132 3263 216 3324 libris
239 3262 383 3342 appellat.

215 3344 302 3410 Luth.
347 3345 414 3406 Hoo
435 3353 482 3405 est
504 3365 618 3407 verum.

215 3428 346 3494 Colleet.
389 3431 520 3491 Deoreta
542 3428 688 3510 reprobat
710 3436 741 3490 et
762 3437 941 3498 oontsmnit.

216 3513 302 3574 Luth.
347 3512 427 3589 Quia
448 3520 557 3574 eontra
579 3513 762 3594 Scripturas.

218 3598 347 3659 Oolleat.
380 3597 519 3660 consilia
541 3595 678 3675 damnet,
701 3596 834 3671 Sanetus
849 3602 955 3664 Patres
977 3604 1057 3666 deri.

132 3684 195 3768 det,
218 3685 370 3745 Dootores
392 3681 544 3744 ecelesiae
567 3682 734 3763 vituperat,
756 3681 923 3747 schismata
946 3689 1058 3770 ubique

133 3774 164 3832 iu
185 3772 317 3833 eoelesiu
339 3771 476 3846 suscitat,
497 3790 594 3832 noves
617 3770 761 3832 haereses
783 3771 866 3835 serit.
