2392 4170
418 277 420 280 ·
451 248 532 308 Doct.
550 249 628 307 Mart.
647 246 725 306 Loth.

219 419 266 484 De
287 420 491 505 passionibus.
673 424 720 486 Dc
742 429 849 486 morte.

168 566 171 572 .
218 505 265 568 De
289 506 389 572 coslo.
673 507 720 569 Dc
743 507 873 570 Christo.

218 588 266 652 Do
285 590 415 654 interno.
674 591 719 652 De
741 591 819 653 Deo.

219 672 266 735 Du
287 675 487 755 poenitentia.
673 675 720 736 Dc
742 673 838 736 libero
861 672 994 737 arbitrio.

218 755 265 818 De
287 775 386 820 coena
408 756 572 822 dominice.
673 758 719 819 De
740 759 846 838 grstia.

219 839 265 901 Da
286 841 432 921 peccatis.
582 873 588 882 ’
672 841 719 903 De
741 840 895 922 baptismo
908 839 951 923 1).

218 923 264 985 Da
285 924 364 1007 lege.

218 1039 295 1103 iiam
327 1041 406 1105 hacc
429 1043 507 1105 ¹sunt
538 1043 660 1105 demum
692 1063 792 1106 rerum
825 1044 944 1125 capita,
978 1060 1055 1122 quas

136 1122 340 1187 Christianum
363 1128 442 1189 sciro
464 1132 602 1209 oportet,
624 1146 704 1208 quse
722 1132 754 1189 et
769 1135 841 1189 sunt
862 1126 900 1188 ad
924 1125 1054 1187 salutem

136 1209 337 1273 necessariae.
370 1210 502 1273 Hassis
524 1214 662 1292 tractavi,
685 1218 718 1273 ut
739 1212 840 1272 nulius
862 1209 933 1270 mihi
958 1209 1056 1291 possit

134 1291 305 1374 impingere
333 1313 465 1375 unquam
495 1295 584 1357 aliter
613 1296 767 1376 sapuisse,
800 1313 890 1376 quam
920 1291 959 1354 ab
985 1293 1054 1372 ipso

135 1374 286 1437 scribendi
309 1378 461 1460 principio
483 1380 575 1444 sensi.
603 1379 766 1458 Nunquam
784 1377 856 1440 mihi
874 1375 1055 1456 contradixi,

136 1457 190 1519 sed
213 1458 323 1521 eodem
346 1481 438 1522 sensu
459 1461 497 1523 ab
526 1463 612 1543 initio
645 1461 777 1542 mihique
807 1460 913 1523 similis
935 1478 1056 1539 semper

134 1544 348 1624 perseveravi,
379 1550 474 1607 testes
497 1552 568 1606 sunt
596 1553 627 1607 et
648 1544 714 1606 iibri
739 1550 913 1616 exstantes,
942 1551 973 1603 et
993 1543 1056 1601 uni·

133 1626 214 1693 narsi
241 1628 293 1708 qui
322 1627 476 1710 legerunt,
512 1629 596 1690 testis
624 1637 654 1691 et
680 1630 750 1710 ipss
779 1626 935 1688 mendacis
962 1625 1056 1706 Regis

134 1706 281 1771 damnata
301 1713 497 1774 conscientia.

217 1792 362 1873 Proinde,
385 1795 453 1875 quis
475 1794 615 1857 crederet
636 1801 754 1857 tautum
777 1795 893 1874 Regem
918 1811 978 1853 nou
1003 1809 1054 1851 so·

134 1874 195 1935 ium
218 1875 279 1938 hoc
301 1877 414 1940 audere
437 1874 572 1955 mentiri,
595 1878 677 1960 quod
701 1879 886 1939 contrarium
913 1875 983 1935 mihi
1006 1895 1055 1934 me

133 1958 236 2036 iactat,
259 1959 312 2021 sed
336 1970 366 2024 ct
383 1962 485 2044 palam
502 1981 650 2036 asserere,
676 1981 723 2022 me
736 1962 781 2022 sic
794 1960 937 2023 docuisse
951 1956 1055 2035 fldem,

133 2047 166 2101 ut
187 2048 218 2102 et
240 2061 335 2125 opera
364 2044 445 2107 bona
470 2065 580 2123 vacare
608 2053 639 2105 et
665 2045 747 2106 mais
775 2045 865 2104 licere
896 2041 1054 2102 voluerim.

133 2123 228 2199 Quasi
248 2147 310 2188 non
333 2129 393 2189 sint
414 2130 592 2209 superstites
615 2128 773 2204 homines,
805 2127 855 2206 qui
880 2145 948 2186 mea
970 2124 1054 2204 lege-

121 2212 213 2282 ·runt,
235 2216 369 2271 etenum
386 2211 547 2292 impudens
568 2211 760 2274 mendacium
784 2230 912 2292 arguere
925 2208 1056 2290 possint,

133 2307 203 2349 cum
227 2297 258 2349 et
278 2292 377 2371 ipsum
399 2312 454 2355 sua
472 2297 662 2357 conscientia
684 2294 859 2374 redargunt,
881 2300 914 2353 ut
936 2292 987 2372 qui
1008 2310 1055 2352 sa·

133 2372 172 2431 tis
195 2378 338 2448 testatur,
372 2392 533 2437 sesemen
557 2396 596 2437 ex
620 2396 732 2457 magns
760 2383 847 2458 parte
868 2376 996 2455 legisse,
1022 2380 1056 2434 ut

133 2452 291 2536 indignum
324 2456 417 2537 piane
448 2459 502 2536 sit,
536 2458 608 2519 huic
637 2459 715 2540 Regi
744 2459 910 2519 mendaciis
937 2464 1072 2517 tanturn*

133 2557 210 2600 anso
232 2539 441 2621 respondere?
478 2542 525 2602 cui
547 2540 579 2601 id
600 2541 699 2603 fuerat
726 2542 865 2622 inprimis
887 2539 1053 2600 curandum

132 2619 281 2684 adversos
305 2624 448 2687 haereses
470 2624 632 2706 scripturo,
655 2631 688 2685 ut
710 2642 750 2684 nc
773 2624 907 2704 suspicio
931 2620 1054 2702 quidem

133 2704 202 2765 falsi
223 2705 253 2767 in
276 2725 315 2769 eo
339 2707 525 2788 deprehendi
548 2708 656 2789 possit,
678 2726 759 2768 nunc
773 2725 847 2768 vcro
869 2711 967 2767 toturn
985 2722 1054 2764 sese

133 2789 301 2851 mendaciis
324 2791 462 2855 involvit.
493 2791 568 2868 Quis
590 2788 695 2853 credat
716 2790 769 2853 uiii
785 2790 863 2872 parti
879 2787 1054 2869 scriptionis

118 3022 128 3034 ’
206 3041 236 3108 1)
257 3042 289 3096 In
308 3041 352 3102 ed.
371 3041 434 3100 Jcn.
453 3042 524 3100 haec
543 3043 583 3100 sic
602 3042 743 3114 lsgmntur:

176 3130 208 3194 1)
229 3128 271 3184 Da
290 3125 355 3188 fide.
631 3134 680 3195 11)
701 3132 744 3187 Do
763 3136 860 3187 morte.

175 3201 207 3267 2)
227 3202 268 3256 Da
288 3203 411 3258 caritate.
631 3204 680 3273 12)
702 3203 851 3260 Delibero
870 3199 1011 3257 arbitrio:

175 3273 208 3343 3)
229 3274 272 3328 Do
289 3288 348 3344 spe.
631 3277 680 3337 13)
702 3277 744 3332 De
783 3275 862 3331 istis.

95 3376 98 3380 ·
174 3344 207 3415 4)
228 3345 272 3399 Do
290 3343 429 3414 operibus.
489 3348 492 3354 '
631 3348 681 3418 14)
703 3350 744 3403 De
762 3293 880 3404 duriaco.

174 3416 207 3484 5)
228 3416 272 3472 Ds
308 3416 473 3472 assionihus.
631 3422 680 3488 15)
702 3420 746 3476 Dc
764 3419 833 3475 Deo.

173 3486 208 3560 6)
229 3488 271 3543 De
289 3433 440 3558 haptismo.
631 3492 681 3561 16)
702 3492 744 3547 De
763 3488 868 3547 indicio
891 3485 1051 3543 novissimo.

175 3557 208 3631 7)
228 3559 272 3615 De
292 3560 472 3631 poenitentia.
632 3565 680 3632 17)
702 3564 746 3620 Do
764 3563 851 3620 coeio.

175 3631 208 3701 8)
230 3633 273 3688 De
291 3648 380 3688 coena
396 3632 543 3690 dominica.
631 3637 681 3703 18)
701 3636 744 3692 De
761 3633 876 3691 inferno.

175 3701 209 3773 9)
229 3704 271 3759 De
290 3705 361 3776 legs.
631 3709 679 3775 19)
697 3708 741 3766 Ds
758 3706 893 3772 ecclesia,

159 3774 209 3846 10)
229 3774 272 3832 Dc
289 3775 423 3852 pcccatis.
629 3780 681 3849 20)
701 3780 737 3838 ut
754 3778 798 3840 his
817 3773 957 3837 similrhus.
